<?xml version="1.0" encoding="UTF-8"?>
<!DOCTYPE html PUBLIC "-//W3C//DTD XHTML 1.0 Transitional//EN"
    "http://www.w3.org/TR/xhtml1/DTD/xhtml1-transitional.dtd">
<html xmlns="http://www.w3.org/1999/xhtml" xml:lang="en" lang="en">
 <head>
  <title>
</title>
<meta http-equiv="Content-Type" content="text/html;charset=utf-8" />
  <meta name='ocr-system' content='tesseract 3.04.00' />
  <meta name='ocr-capabilities' content='ocr_page ocr_carea ocr_par ocr_line ocrx_word'/>
</head>
<body>
  <div class='ocr_page' id='page_1' title='image "./sanctiathanasii03athagoog/sanctiathanasii03athagoog_0305.png"; bbox 0 0 3216 5048; ppageno 0'>
   <div class='ocr_carea' id='block_1_1' title="bbox 539 253 1367 317">
    <p class='ocr_par' dir='ltr' id='par_1_1' title="bbox 539 253 1367 317">
     <span class='ocr_line' id='line_1_1' title="bbox 539 253 1367 317; baseline 0.008 -7"><span class='ocrx_word' id='word_1_1' title='bbox 539 265 814 312; x_wconf 71' lang='lat' dir='ltr'><strong>curiosorum</strong></span> <span class='ocrx_word' id='word_1_2' title='bbox 826 265 960 312; x_wconf 76' lang='lat' dir='ltr'><strong>munos.</strong></span> <span class='ocrx_word' id='word_1_3' title='bbox 1305 253 1367 317; x_wconf 76' lang='grc'><strong>259</strong></span> 
     </span>
    </p>
   </div>
   <div class='ocr_carea' id='block_1_2' title="bbox 142 415 1456 3456">
    <p class='ocr_par' dir='ltr' id='par_1_2' title="bbox 142 415 1456 2632">
     <span class='ocr_line' id='line_1_2' title="bbox 142 415 1448 506; baseline -0.008 -22"><span class='ocrx_word' id='word_1_4' title='bbox 142 443 208 490; x_wconf 73' lang='lat' dir='ltr'><strong>m</strong></span> <span class='ocrx_word' id='word_1_5' title='bbox 228 439 312 506; x_wconf 70' lang='lat' dir='ltr'><strong>qum</strong></span> <span class='ocrx_word' id='word_1_6' title='bbox 332 438 388 484; x_wconf 82' lang='lat' dir='ltr'><strong>ooo</strong></span> <span class='ocrx_word' id='word_1_7' title='bbox 411 416 620 498; x_wconf 67' lang='lat' dir='ltr'><strong>oremfim&#39;otio.</strong></span> <span class='ocrx_word' id='word_1_8' title='bbox 663 415 743 480; x_wconf 83' lang='lat' dir='ltr'><strong>llaec</strong></span> <span class='ocrx_word' id='word_1_9' title='bbox 763 415 804 480; x_wconf 91' lang='lat' dir='ltr'><strong>illi</strong></span> <span class='ocrx_word' id='word_1_10' title='bbox 825 415 890 482; x_wconf 88' lang='lat' dir='ltr'><strong>loce</strong></span> <span class='ocrx_word' id='word_1_11' title='bbox 915 435 1036 482; x_wconf 84' lang='lat' dir='ltr'><strong>sursum</strong></span> <span class='ocrx_word' id='word_1_12' title='bbox 1061 415 1204 482; x_wconf 82' lang='lat' dir='ltr'><strong>deorsam</strong></span> <span class='ocrx_word' id='word_1_13' title='bbox 1230 431 1448 496; x_wconf 59' lang='lat' dir='ltr'><strong>remunerer.</strong></span> 
     </span>
     <span class='ocr_line' id='line_1_3' title="bbox 144 517 1366 608; baseline 0 -20"><span class='ocrx_word' id='word_1_14' title='bbox 144 544 268 608; x_wconf 85' lang='lat' dir='ltr'><strong>quorum</strong></span> <span class='ocrx_word' id='word_1_15' title='bbox 294 540 358 586; x_wconf 89' lang='lat' dir='ltr'><strong>uon</strong></span> <span class='ocrx_word' id='word_1_16' title='bbox 386 517 517 582; x_wconf 85' lang='lat' dir='ltr'><strong>assecuti</strong></span> <span class='ocrx_word' id='word_1_17' title='bbox 540 535 662 580; x_wconf 87' lang='lat' dir='ltr'><strong>sensum</strong></span> <span class='ocrx_word' id='word_1_18' title='bbox 686 517 755 581; x_wconf 89' lang='lat' dir='ltr'><strong>iude</strong></span> <span class='ocrx_word' id='word_1_19' title='bbox 775 519 829 582; x_wconf 89' lang='lat' dir='ltr'><strong>llei</strong></span> <span class='ocrx_word' id='word_1_20' title='bbox 851 519 979 584; x_wconf 75' lang='lat' dir='ltr'><strong>terbum</strong></span> <span class='ocrx_word' id='word_1_21' title='bbox 1005 529 1137 584; x_wconf 76' lang='lat' dir='ltr'><strong>meatum</strong></span> <span class='ocrx_word' id='word_1_22' title='bbox 1163 529 1300 604; x_wconf 80' lang='lat' dir='ltr'><strong>etopus</strong></span> <span class='ocrx_word' id='word_1_23' title='bbox 1330 541 1366 588; x_wconf 78' lang='lat' dir='ltr'><strong>oc</strong></span> 
     </span>
     <span class='ocr_line' id='line_1_4' title="bbox 144 619 1364 700; baseline -0.002 -9"><span class='ocrx_word' id='word_1_24' title='bbox 144 647 233 691; x_wconf 81' lang='lat' dir='ltr'><strong>uuam</strong></span> <span class='ocrx_word' id='word_1_25' title='bbox 253 645 291 688; x_wconf 86' lang='lat' dir='ltr'><strong>ex</strong></span> <span class='ocrx_word' id='word_1_26' title='bbox 312 623 403 686; x_wconf 63' lang='lat' dir='ltr'><strong>rmum</strong></span> <span class='ocrx_word' id='word_1_27' title='bbox 425 619 510 684; x_wconf 68' lang='lat' dir='ltr'><strong>rmus</strong></span> <span class='ocrx_word' id='word_1_28' title='bbox 538 637 606 682; x_wconf 80' lang='lat' dir='ltr'><strong>esee</strong></span> <span class='ocrx_word' id='word_1_29' title='bbox 628 619 823 696; x_wconf 84' lang='lat' dir='ltr'><strong>arbitrantur,</strong></span> <span class='ocrx_word' id='word_1_30' title='bbox 856 629 943 700; x_wconf 85' lang='lat' dir='ltr'><strong>atque</strong></span> <span class='ocrx_word' id='word_1_31' title='bbox 969 621 1009 685; x_wconf 82' lang='lat' dir='ltr'><strong>ita</strong></span> <span class='ocrx_word' id='word_1_32' title='bbox 1035 623 1141 686; x_wconf 73' lang='lat' dir='ltr'><strong>etdtoo</strong></span> <span class='ocrx_word' id='word_1_33' title='bbox 1168 625 1201 687; x_wconf 88' lang='lat' dir='ltr'><strong>in</strong></span> <span class='ocrx_word' id='word_1_34' title='bbox 1228 643 1364 688; x_wconf 80' lang='lat' dir='ltr'><strong>errorem</strong></span> 
     </span>
     <span class='ocr_line' id='line_1_5' title="bbox 143 720 1365 810; baseline -0.001 -18"><span class='ocrx_word' id='word_1_35' title='bbox 143 729 304 802; x_wconf 79' lang='lat' dir='ltr'><strong>induerunt,</strong></span> <span class='ocrx_word' id='word_1_36' title='bbox 332 723 433 804; x_wconf 83' lang='lat' dir='ltr'><strong>specie</strong></span> <span class='ocrx_word' id='word_1_37' title='bbox 460 720 580 802; x_wconf 82' lang='lat' dir='ltr'><strong>quidem</strong></span> <span class='ocrx_word' id='word_1_38' title='bbox 606 721 695 783; x_wconf 85' lang='lat' dir='ltr'><strong>rerba</strong></span> <span class='ocrx_word' id='word_1_39' title='bbox 721 740 739 782; x_wconf 92' lang='lat' dir='ltr'><strong>o</strong></span> <span class='ocrx_word' id='word_1_40' title='bbox 766 721 859 784; x_wconf 78' lang='lat' dir='ltr'><strong>ermis</strong></span> <span class='ocrx_word' id='word_1_41' title='bbox 880 721 973 784; x_wconf 83' lang='lat' dir='ltr'><strong>literis</strong></span> <span class='ocrx_word' id='word_1_42' title='bbox 995 735 1130 806; x_wconf 82' lang='lat' dir='ltr'><strong>excerpta</strong></span> <span class='ocrx_word' id='word_1_43' title='bbox 1149 735 1365 810; x_wconf 77' lang='lat' dir='ltr'><strong>proponentes.</strong></span> 
     </span>
     <span class='ocr_line' id='line_1_6' title="bbox 145 821 1364 904; baseline 0 -12"><span class='ocrx_word' id='word_1_44' title='bbox 145 830 200 892; x_wconf 89' lang='lat' dir='ltr'><strong>sed</strong></span> <span class='ocrx_word' id='word_1_45' title='bbox 220 830 288 892; x_wconf 89' lang='lat' dir='ltr'><strong>loce</strong></span> <span class='ocrx_word' id='word_1_46' title='bbox 310 843 397 890; x_wconf 83' lang='lat' dir='ltr'><strong>rorao</strong></span> <span class='ocrx_word' id='word_1_47' title='bbox 425 823 603 898; x_wconf 76' lang='lat' dir='ltr'><strong>ammonae,</strong></span> <span class='ocrx_word' id='word_1_48' title='bbox 637 839 725 902; x_wconf 64' lang='lat' dir='ltr'><strong>mam</strong></span> <span class='ocrx_word' id='word_1_49' title='bbox 752 821 921 896; x_wconf 75' lang='lat' dir='ltr'><strong>eandoem,</strong></span> <span class='ocrx_word' id='word_1_50' title='bbox 952 825 1105 904; x_wconf 82' lang='lat' dir='ltr'><strong>proprium</strong></span> <span class='ocrx_word' id='word_1_51' title='bbox 1132 847 1203 892; x_wconf 84' lang='lat' dir='ltr'><strong>suae</strong></span> <span class='ocrx_word' id='word_1_52' title='bbox 1228 829 1364 894; x_wconf 74' lang='lat' dir='ltr'><strong>bruccio</strong></span> 
     </span>
     <span class='ocr_line' id='line_1_7' title="bbox 145 923 1363 1012; baseline -0.003 -18"><span class='ocrx_word' id='word_1_53' title='bbox 145 935 323 1012; x_wconf 73' lang='lat' dir='ltr'>spargentes</span> <span class='ocrx_word' id='word_1_54' title='bbox 344 943 499 988; x_wconf 82' lang='lat' dir='ltr'><strong>venenum.</strong></span> <span class='ocrx_word' id='word_1_55' title='bbox 541 924 674 1004; x_wconf 85' lang='lat' dir='ltr'><strong>Namque</strong></span> <span class='ocrx_word' id='word_1_56' title='bbox 695 923 722 985; x_wconf 85' lang='lat' dir='ltr'><strong>si</strong></span> <span class='ocrx_word' id='word_1_57' title='bbox 743 923 824 1004; x_wconf 87' lang='lat' dir='ltr'><strong>qnod</strong></span> <span class='ocrx_word' id='word_1_58' title='bbox 844 923 902 986; x_wconf 84' lang='lat' dir='ltr'><strong>illie</strong></span> <span class='ocrx_word' id='word_1_59' title='bbox 925 923 1095 1003; x_wconf 82' lang='lat' dir='ltr'><strong>Smipturae</strong></span> <span class='ocrx_word' id='word_1_60' title='bbox 1120 928 1192 990; x_wconf 86' lang='lat' dir='ltr'><strong>loris</strong></span> <span class='ocrx_word' id='word_1_61' title='bbox 1214 932 1363 1012; x_wconf 74' lang='lat' dir='ltr'><strong>signitica-</strong></span> 
     </span>
     <span class='ocr_line' id='line_1_8' title="bbox 147 1024 1365 1115; baseline 0.002 -21"><span class='ocrx_word' id='word_1_62' title='bbox 147 1039 207 1105; x_wconf 86' lang='lat' dir='ltr'><strong>tur‚</strong></span> <span class='ocrx_word' id='word_1_63' title='bbox 229 1028 373 1092; x_wconf 84' lang='lat' dir='ltr'><strong>baberent</strong></span> <span class='ocrx_word' id='word_1_64' title='bbox 393 1027 587 1108; x_wconf 81' lang='lat' dir='ltr'><strong>exploratum,</strong></span> <span class='ocrx_word' id='word_1_65' title='bbox 608 1027 640 1088; x_wconf 91' lang='lat' dir='ltr'><strong>in</strong></span> <span class='ocrx_word' id='word_1_66' title='bbox 659 1025 820 1088; x_wconf 84' lang='lat' dir='ltr'><strong>Dominum</strong></span> <span class='ocrx_word' id='word_1_67' title='bbox 841 1024 952 1104; x_wconf 88' lang='lat' dir='ltr'><strong>gloriae</strong></span> <span class='ocrx_word' id='word_1_68' title='bbox 967 1025 1050 1106; x_wconf 86' lang='lat' dir='ltr'><strong>impii</strong></span> <span class='ocrx_word' id='word_1_69' title='bbox 1064 1045 1125 1089; x_wconf 89' lang='lat' dir='ltr'><strong>non</strong></span> <span class='ocrx_word' id='word_1_70' title='bbox 1140 1041 1246 1103; x_wconf 80' lang='lat' dir='ltr'><strong>omont.</strong></span> <span class='ocrx_word' id='word_1_71' title='bbox 1268 1053 1365 1115; x_wconf 89' lang='lat' dir='ltr'><strong>neque</strong></span> 
     </span>
     <span class='ocr_line' id='line_1_9' title="bbox 147 1127 1368 1214; baseline -0.002 -20"><span class='ocrx_word' id='word_1_72' title='bbox 147 1149 202 1205; x_wconf 87' lang='lat' dir='ltr'><strong>ea,</strong></span> <span class='ocrx_word' id='word_1_73' title='bbox 223 1149 300 1211; x_wconf 88' lang='lat' dir='ltr'><strong>quoe</strong></span> <span class='ocrx_word' id='word_1_74' title='bbox 319 1139 398 1194; x_wconf 89' lang='lat' dir='ltr'><strong>recte</strong></span> <span class='ocrx_word' id='word_1_75' title='bbox 420 1128 529 1210; x_wconf 85' lang='lat' dir='ltr'><strong>scripto</strong></span> <span class='ocrx_word' id='word_1_76' title='bbox 550 1135 635 1204; x_wconf 86' lang='lat' dir='ltr'><strong>sunt,</strong></span> <span class='ocrx_word' id='word_1_77' title='bbox 657 1146 747 1209; x_wconf 82' lang='lat' dir='ltr'><strong>prave</strong></span> <span class='ocrx_word' id='word_1_78' title='bbox 768 1127 1042 1209; x_wconf 78' lang='lat' dir='ltr'><strong>interpretarentur.</strong></span> <span class='ocrx_word' id='word_1_79' title='bbox 1086 1127 1174 1201; x_wconf 83' lang='lat' dir='ltr'><strong>Quod</strong></span> <span class='ocrx_word' id='word_1_80' title='bbox 1196 1131 1222 1191; x_wconf 91' lang='lat' dir='ltr'><strong>si</strong></span> <span class='ocrx_word' id='word_1_81' title='bbox 1242 1131 1368 1214; x_wconf 65' lang='lat' dir='ltr'><strong>Caiphae</strong></span> 
     </span>
     <span class='ocr_line' id='line_1_10' title="bbox 146 1225 1370 1314; baseline 0.002 -18"><span class='ocrx_word' id='word_1_82' title='bbox 146 1225 248 1296; x_wconf 81' lang='lat' dir='ltr'><strong>moros</strong></span> <span class='ocrx_word' id='word_1_83' title='bbox 268 1233 365 1314; x_wconf 83' lang='lat' dir='ltr'><strong>palem</strong></span> <span class='ocrx_word' id='word_1_84' title='bbox 386 1233 445 1294; x_wconf 84' lang='lat' dir='ltr'><strong>iam</strong></span> <span class='ocrx_word' id='word_1_85' title='bbox 467 1229 623 1313; x_wconf 85' lang='lat' dir='ltr'><strong>amplexati</strong></span> <span class='ocrx_word' id='word_1_86' title='bbox 643 1230 770 1292; x_wconf 87' lang='lat' dir='ltr'><strong>ludaeos</strong></span> <span class='ocrx_word' id='word_1_87' title='bbox 792 1229 878 1310; x_wconf 86' lang='lat' dir='ltr'><strong>sequi</strong></span> <span class='ocrx_word' id='word_1_88' title='bbox 899 1230 1073 1306; x_wconf 78' lang='lat' dir='ltr'><strong>decreram,</strong></span> <span class='ocrx_word' id='word_1_89' title='bbox 1102 1231 1141 1293; x_wconf 87' lang='lat' dir='ltr'><strong>ita</strong></span> <span class='ocrx_word' id='word_1_90' title='bbox 1169 1239 1202 1294; x_wconf 87' lang='lat' dir='ltr'><strong>ut</strong></span> <span class='ocrx_word' id='word_1_91' title='bbox 1233 1233 1370 1312; x_wconf 79' lang='lat' dir='ltr'><strong>ignorent</strong></span> 
     </span>
     <span class='ocr_line' id='line_1_11' title="bbox 146 1329 1372 1418; baseline 0.002 -22"><span class='ocrx_word' id='word_1_92' title='bbox 146 1333 229 1413; x_wconf 90' lang='lat' dir='ltr'><strong>qnod</strong></span> <span class='ocrx_word' id='word_1_93' title='bbox 251 1335 395 1418; x_wconf 79' lang='lat' dir='ltr'><strong>oeripoun</strong></span> <span class='ocrx_word' id='word_1_94' title='bbox 416 1341 479 1406; x_wconf 84' lang='lat' dir='ltr'><strong>est,</strong></span> <span class='ocrx_word' id='word_1_95' title='bbox 507 1331 647 1396; x_wconf 87' lang='lat' dir='ltr'><strong>nimirum</strong></span> <span class='ocrx_word' id='word_1_96' title='bbox 667 1349 736 1394; x_wconf 84' lang='lat' dir='ltr'><strong>rere</strong></span> <span class='ocrx_word' id='word_1_97' title='bbox 756 1329 850 1394; x_wconf 84' lang='lat' dir='ltr'><strong>Deum</strong></span> <span class='ocrx_word' id='word_1_98' title='bbox 871 1330 903 1394; x_wconf 92' lang='lat' dir='ltr'><strong>in</strong></span> <span class='ocrx_word' id='word_1_99' title='bbox 924 1332 1014 1394; x_wconf 85' lang='lat' dir='ltr'><strong>terris</strong></span> <span class='ocrx_word' id='word_1_100' title='bbox 1035 1332 1250 1408; x_wconf 67' lang='lat' dir='ltr'><strong>habitatorum</strong></span> <span class='ocrx_word' id='word_1_101' title='bbox 1283 1353 1372 1399; x_wconf 80' lang='lat' dir='ltr'><strong>roceo</strong></span> 
     </span>
     <span class='ocr_line' id='line_1_12' title="bbox 145 1432 1371 1518; baseline 0.001 -19"><span class='ocrx_word' id='word_1_102' title='bbox 145 1435 237 1516; x_wconf 61' lang='lat' dir='ltr'><strong>iprae</strong></span> <span class='ocrx_word' id='word_1_103' title='bbox 257 1435 440 1518; x_wconf 80' lang='lat' dir='ltr'><strong>bpoatolices</strong></span> <span class='ocrx_word' id='word_1_104' title='bbox 467 1433 562 1496; x_wconf 91' lang='lat' dir='ltr'><strong>nolint</strong></span> <span class='ocrx_word' id='word_1_105' title='bbox 589 1441 737 1496; x_wconf 80' lang='lat' dir='ltr'><strong>excutere.</strong></span> <span class='ocrx_word' id='word_1_106' title='bbox 779 1432 814 1496; x_wconf 94' lang='lat' dir='ltr'><strong>ld</strong></span> <span class='ocrx_word' id='word_1_107' title='bbox 836 1432 915 1496; x_wconf 86' lang='lat' dir='ltr'><strong>euim</strong></span> <span class='ocrx_word' id='word_1_108' title='bbox 935 1433 1113 1498; x_wconf 87' lang='lat' dir='ltr'><strong>ludaeorum</strong></span> <span class='ocrx_word' id='word_1_109' title='bbox 1135 1453 1198 1498; x_wconf 89' lang='lat' dir='ltr'><strong>non</strong></span> <span class='ocrx_word' id='word_1_110' title='bbox 1219 1445 1275 1500; x_wconf 83' lang='lat' dir='ltr'><strong>est.</strong></span> <span class='ocrx_word' id='word_1_111' title='bbox 1319 1437 1371 1500; x_wconf 86' lang='lat' dir='ltr'><strong>Sin</strong></span> 
     </span>
     <span class='ocr_line' id='line_1_13' title="bbox 143 1533 1371 1614; baseline -0.007 -12"><span class='ocrx_word' id='word_1_112' title='bbox 143 1547 244 1602; x_wconf 67' lang='lat' dir='ltr'><strong>numm</strong></span> <span class='ocrx_word' id='word_1_113' title='bbox 267 1537 408 1600; x_wconf 73' lang='lat' dir='ltr'><strong>annotate</strong></span> <span class='ocrx_word' id='word_1_114' title='bbox 428 1535 502 1598; x_wconf 90' lang='lat' dir='ltr'><strong>inita</strong></span> <span class='ocrx_word' id='word_1_115' title='bbox 522 1553 589 1598; x_wconf 88' lang='lat' dir='ltr'><strong>oum</strong></span> <span class='ocrx_word' id='word_1_116' title='bbox 610 1533 796 1614; x_wconf 77' lang='lat' dir='ltr'>impiissimis</span> <span class='ocrx_word' id='word_1_117' title='bbox 817 1533 1007 1612; x_wconf 70' lang='lat' dir='ltr'><strong>Manicheum,</strong></span> <span class='ocrx_word' id='word_1_118' title='bbox 1034 1537 1162 1602; x_wconf 77' lang='lat' dir='ltr'><strong>Verbum</strong></span> <span class='ocrx_word' id='word_1_119' title='bbox 1185 1557 1304 1602; x_wconf 87' lang='lat' dir='ltr'><strong>carnem</strong></span> <span class='ocrx_word' id='word_1_120' title='bbox 1325 1539 1371 1602; x_wconf 76' lang='lat' dir='ltr'><strong>ts.</strong></span> 
     </span>
     <span class='ocr_line' id='line_1_14' title="bbox 144 1635 1372 1720; baseline 0 -16"><span class='ocrx_word' id='word_1_121' title='bbox 144 1647 224 1704; x_wconf 82' lang='lat' dir='ltr'><strong>ctum</strong></span> <span class='ocrx_word' id='word_1_122' title='bbox 247 1657 325 1713; x_wconf 83' lang='lat' dir='ltr'><strong>osse,</strong></span> <span class='ocrx_word' id='word_1_123' title='bbox 347 1656 585 1720; x_wconf 83' lang='lat' dir='ltr'><strong>corporeumque</strong></span> <span class='ocrx_word' id='word_1_124' title='bbox 607 1637 672 1699; x_wconf 88' lang='lat' dir='ltr'><strong>eius</strong></span> <span class='ocrx_word' id='word_1_125' title='bbox 693 1635 851 1700; x_wconf 87' lang='lat' dir='ltr'><strong>adrentum</strong></span> <span class='ocrx_word' id='word_1_126' title='bbox 873 1647 997 1718; x_wconf 79' lang='lat' dir='ltr'><strong>negant3</strong></span> <span class='ocrx_word' id='word_1_127' title='bbox 1017 1637 1105 1702; x_wconf 90' lang='lat' dir='ltr'><strong>nobis</strong></span> <span class='ocrx_word' id='word_1_128' title='bbox 1126 1640 1289 1704; x_wconf 80' lang='lat' dir='ltr'><strong>Proverbia</strong></span> <span class='ocrx_word' id='word_1_129' title='bbox 1309 1659 1372 1704; x_wconf 91' lang='lat' dir='ltr'><strong>non</strong></span> 
     </span>
     <span class='ocr_line' id='line_1_15' title="bbox 148 1737 1456 1826; baseline 0.002 -22"><span class='ocrx_word' id='word_1_130' title='bbox 148 1747 309 1823; x_wconf 81' lang='lat' dir='ltr'><strong>opponant.</strong></span> <span class='ocrx_word' id='word_1_131' title='bbox 351 1741 426 1802; x_wconf 87' lang='lat' dir='ltr'><strong>Nam</strong></span> <span class='ocrx_word' id='word_1_132' title='bbox 446 1741 505 1803; x_wconf 91' lang='lat' dir='ltr'><strong>boe</strong></span> <span class='ocrx_word' id='word_1_133' title='bbox 526 1739 612 1802; x_wconf 85' lang='lat' dir='ltr'><strong>etiam</strong></span> <span class='ocrx_word' id='word_1_134' title='bbox 634 1737 762 1801; x_wconf 87' lang='lat' dir='ltr'><strong>alienum</strong></span> <span class='ocrx_word' id='word_1_135' title='bbox 784 1739 992 1804; x_wconf 80' lang='lat' dir='ltr'><strong>aManiobaeis</strong></span> <span class='ocrx_word' id='word_1_136' title='bbox 1014 1749 1068 1804; x_wconf 81' lang='lat' dir='ltr'><strong>est</strong></span> <span class='ocrx_word' id='word_1_137' title='bbox 1101 1742 1229 1817; x_wconf 82' lang='lat' dir='ltr'><strong>Quodsi</strong></span> <span class='ocrx_word' id='word_1_138' title='bbox 1244 1753 1456 1826; x_wconf 72' lang='lat' dir='ltr'><strong>proptorrau.</strong></span> 
     </span>
     <span class='ocr_line' id='line_1_16' title="bbox 146 1840 1372 1924; baseline 0.002 -18"><span class='ocrx_word' id='word_1_139' title='bbox 146 1843 328 1924; x_wconf 84' lang='lat' dir='ltr'><strong>dignitatem,</strong></span> <span class='ocrx_word' id='word_1_140' title='bbox 350 1861 437 1922; x_wconf 86' lang='lat' dir='ltr'><strong>quarn</strong></span> <span class='ocrx_word' id='word_1_141' title='bbox 458 1841 604 1913; x_wconf 83' lang='lat' dir='ltr'><strong>obtinent,</strong></span> <span class='ocrx_word' id='word_1_142' title='bbox 626 1849 657 1903; x_wconf 90' lang='lat' dir='ltr'><strong>et</strong></span> <span class='ocrx_word' id='word_1_143' title='bbox 676 1840 814 1904; x_wconf 79' lang='lat' dir='ltr'><strong>aramtiae</strong></span> <span class='ocrx_word' id='word_1_144' title='bbox 834 1841 958 1916; x_wconf 85' lang='lat' dir='ltr'><strong>lucrum,</strong></span> <span class='ocrx_word' id='word_1_145' title='bbox 981 1843 1061 1924; x_wconf 91' lang='lat' dir='ltr'><strong>quod</strong></span> <span class='ocrx_word' id='word_1_146' title='bbox 1076 1863 1112 1906; x_wconf 84' lang='lat' dir='ltr'><strong>ex</strong></span> <span class='ocrx_word' id='word_1_147' title='bbox 1134 1845 1299 1919; x_wconf 78' lang='lat' dir='ltr'><strong>calocero,</strong></span> <span class='ocrx_word' id='word_1_148' title='bbox 1321 1854 1372 1909; x_wconf 79' lang='lat' dir='ltr'><strong>ant</strong></span> 
     </span>
     <span class='ocr_line' id='line_1_17' title="bbox 149 1942 1370 2025; baseline 0.002 -17"><span class='ocrx_word' id='word_1_149' title='bbox 149 1945 244 2008; x_wconf 72' lang='lat' dir='ltr'><strong>larum</strong></span> <span class='ocrx_word' id='word_1_150' title='bbox 272 1943 487 2008; x_wconf 68' lang='lat' dir='ltr'><strong>consenandee</strong></span> <span class='ocrx_word' id='word_1_151' title='bbox 511 1944 608 2025; x_wconf 60' lang='lat' dir='ltr'><strong>matio</strong></span> <span class='ocrx_word' id='word_1_152' title='bbox 636 1942 805 2023; x_wconf 76' lang='lat' dir='ltr'><strong>gloriaeque</strong></span> <span class='ocrx_word' id='word_1_153' title='bbox 832 1943 990 2024; x_wconf 84' lang='lat' dir='ltr'><strong>cupiditate</strong></span> <span class='ocrx_word' id='word_1_154' title='bbox 1010 1945 1140 2010; x_wconf 73' lang='lat' dir='ltr'><strong>inficiari</strong></span> <span class='ocrx_word' id='word_1_155' title='bbox 1166 1965 1229 2009; x_wconf 85' lang='lat' dir='ltr'><strong>non</strong></span> <span class='ocrx_word' id='word_1_156' title='bbox 1250 1947 1370 2024; x_wconf 88' lang='lat' dir='ltr'><strong>audent,</strong></span> 
     </span>
     <span class='ocr_line' id='line_1_18' title="bbox 149 2044 1370 2131; baseline 0.003 -23"><span class='ocrx_word' id='word_1_157' title='bbox 149 2045 277 2108; x_wconf 78' lang='lat' dir='ltr'><strong>Verbum</strong></span> <span class='ocrx_word' id='word_1_158' title='bbox 299 2065 416 2110; x_wconf 85' lang='lat' dir='ltr'><strong>carnem</strong></span> <span class='ocrx_word' id='word_1_159' title='bbox 437 2048 544 2110; x_wconf 87' lang='lat' dir='ltr'><strong>iactum</strong></span> <span class='ocrx_word' id='word_1_160' title='bbox 568 2063 653 2118; x_wconf 87' lang='lat' dir='ltr'><strong>osse,</strong></span> <span class='ocrx_word' id='word_1_161' title='bbox 682 2044 751 2124; x_wconf 88' lang='lat' dir='ltr'><strong>quia</strong></span> <span class='ocrx_word' id='word_1_162' title='bbox 773 2044 886 2108; x_wconf 86' lang='lat' dir='ltr'><strong>scilicet</strong></span> <span class='ocrx_word' id='word_1_163' title='bbox 907 2044 938 2106; x_wconf 93' lang='lat' dir='ltr'><strong>id</strong></span> <span class='ocrx_word' id='word_1_164' title='bbox 960 2046 1102 2127; x_wconf 87' lang='lat' dir='ltr'><strong>scriptam</strong></span> <span class='ocrx_word' id='word_1_165' title='bbox 1131 2056 1195 2122; x_wconf 79' lang='lat' dir='ltr'><strong>cst3</strong></span> <span class='ocrx_word' id='word_1_166' title='bbox 1224 2049 1271 2110; x_wconf 84' lang='lat' dir='ltr'><strong>rel</strong></span> <span class='ocrx_word' id='word_1_167' title='bbox 1298 2069 1370 2131; x_wconf 87' lang='lat' dir='ltr'><strong>ergo</strong></span> 
     </span>
     <span class='ocr_line' id='line_1_19' title="bbox 147 2143 1372 2229; baseline 0 -17"><span class='ocrx_word' id='word_1_168' title='bbox 147 2147 237 2212; x_wconf 80' lang='lat' dir='ltr'><strong>rerba</strong></span> <span class='ocrx_word' id='word_1_169' title='bbox 256 2147 295 2212; x_wconf 87' lang='lat' dir='ltr'><strong>de</strong></span> <span class='ocrx_word' id='word_1_170' title='bbox 315 2149 366 2212; x_wconf 90' lang='lat' dir='ltr'><strong>illo</strong></span> <span class='ocrx_word' id='word_1_171' title='bbox 387 2149 499 2229; x_wconf 78' lang='lat' dir='ltr'><strong>scripte</strong></span> <span class='ocrx_word' id='word_1_172' title='bbox 520 2146 557 2209; x_wconf 91' lang='lat' dir='ltr'><strong>de</strong></span> <span class='ocrx_word' id='word_1_173' title='bbox 579 2164 723 2227; x_wconf 88' lang='lat' dir='ltr'><strong>corporea</strong></span> <span class='ocrx_word' id='word_1_174' title='bbox 743 2144 839 2225; x_wconf 87' lang='lat' dir='ltr'><strong>ipsius</strong></span> <span class='ocrx_word' id='word_1_175' title='bbox 853 2143 1016 2209; x_wconf 78' lang='lat' dir='ltr'><strong>Salvatoris</strong></span> <span class='ocrx_word' id='word_1_176' title='bbox 1038 2147 1207 2229; x_wconf 85' lang='lat' dir='ltr'><strong>praesentia</strong></span> <span class='ocrx_word' id='word_1_177' title='bbox 1228 2157 1309 2210; x_wconf 90' lang='lat' dir='ltr'><strong>recte</strong></span> <span class='ocrx_word' id='word_1_178' title='bbox 1323 2150 1372 2212; x_wconf 88' lang='lat' dir='ltr'><strong>iu·</strong></span> 
     </span>
     <span class='ocr_line' id='line_1_20' title="bbox 149 2233 1373 2331; baseline -0.001 -18"><span class='ocrx_word' id='word_1_179' title='bbox 149 2249 288 2331; x_wconf 86' lang='lat' dir='ltr'><strong>telligant‚</strong></span> <span class='ocrx_word' id='word_1_180' title='bbox 311 2249 354 2312; x_wconf 87' lang='lat' dir='ltr'><strong>rel</strong></span> <span class='ocrx_word' id='word_1_181' title='bbox 376 2251 405 2312; x_wconf 87' lang='lat' dir='ltr'><strong>si</strong></span> <span class='ocrx_word' id='word_1_182' title='bbox 426 2249 473 2322; x_wconf 90' lang='lat' dir='ltr'><strong>id,</strong></span> <span class='ocrx_word' id='word_1_183' title='bbox 496 2247 575 2328; x_wconf 89' lang='lat' dir='ltr'><strong>quod</strong></span> <span class='ocrx_word' id='word_1_184' title='bbox 597 2246 781 2326; x_wconf 81' lang='lat' dir='ltr'><strong>significant,</strong></span> <span class='ocrx_word' id='word_1_185' title='bbox 802 2245 894 2308; x_wconf 80' lang='lat' dir='ltr'><strong>velint</strong></span> <span class='ocrx_word' id='word_1_186' title='bbox 914 2246 1047 2322; x_wconf 83' lang='lat' dir='ltr'><strong>relicere¹</strong></span> <span class='ocrx_word' id='word_1_187' title='bbox 1069 2233 1235 2330; x_wconf 71' lang='lat' dir='ltr'><strong>pernegenl</strong></span> <span class='ocrx_word' id='word_1_188' title='bbox 1255 2267 1373 2329; x_wconf 88' lang='lat' dir='ltr'><strong>quoque</strong></span> 
     </span>
     <span class='ocr_line' id='line_1_21' title="bbox 148 2333 1375 2430; baseline -0.002 -14"><span class='ocrx_word' id='word_1_189' title='bbox 148 2351 308 2430; x_wconf 76' lang='lat' dir='ltr'><strong>bominum</strong></span> <span class='ocrx_word' id='word_1_190' title='bbox 330 2352 438 2412; x_wconf 87' lang='lat' dir='ltr'><strong>lactum</strong></span> <span class='ocrx_word' id='word_1_191' title='bbox 458 2348 551 2411; x_wconf 86' lang='lat' dir='ltr'><strong>luisse</strong></span> <span class='ocrx_word' id='word_1_192' title='bbox 571 2333 732 2410; x_wconf 85' lang='lat' dir='ltr'><strong>bominem.</strong></span> <span class='ocrx_word' id='word_1_193' title='bbox 765 2347 854 2408; x_wconf 89' lang='lat' dir='ltr'><strong>Valde</strong></span> <span class='ocrx_word' id='word_1_194' title='bbox 876 2346 956 2410; x_wconf 89' lang='lat' dir='ltr'><strong>enim</strong></span> <span class='ocrx_word' id='word_1_195' title='bbox 976 2349 1099 2411; x_wconf 81' lang='lat' dir='ltr'><strong>dedecet</strong></span> <span class='ocrx_word' id='word_1_196' title='bbox 1111 2349 1241 2411; x_wconf 84' lang='lat' dir='ltr'><strong>Verbum</strong></span> <span class='ocrx_word' id='word_1_197' title='bbox 1255 2368 1375 2413; x_wconf 75' lang='lat' dir='ltr'><strong>cernon</strong></span> 
     </span>
     <span class='ocr_line' id='line_1_22' title="bbox 151 2435 1373 2530; baseline 0.002 -17"><span class='ocrx_word' id='word_1_198' title='bbox 151 2435 260 2514; x_wconf 67' lang='lat' dir='ltr'><strong>harim</strong></span> <span class='ocrx_word' id='word_1_199' title='bbox 283 2467 351 2512; x_wconf 87' lang='lat' dir='ltr'><strong>esse</strong></span> <span class='ocrx_word' id='word_1_200' title='bbox 373 2448 520 2524; x_wconf 85' lang='lat' dir='ltr'><strong>confiteri,</strong></span> <span class='ocrx_word' id='word_1_201' title='bbox 542 2457 572 2511; x_wconf 91' lang='lat' dir='ltr'><strong>et</strong></span> <span class='ocrx_word' id='word_1_202' title='bbox 592 2449 625 2510; x_wconf 89' lang='lat' dir='ltr'><strong>in</strong></span> <span class='ocrx_word' id='word_1_203' title='bbox 645 2448 710 2524; x_wconf 87' lang='lat' dir='ltr'><strong>bis,</strong></span> <span class='ocrx_word' id='word_1_204' title='bbox 733 2467 807 2528; x_wconf 87' lang='lat' dir='ltr'><strong>quoe</strong></span> <span class='ocrx_word' id='word_1_205' title='bbox 829 2448 866 2512; x_wconf 89' lang='lat' dir='ltr'><strong>do</strong></span> <span class='ocrx_word' id='word_1_206' title='bbox 888 2467 925 2510; x_wconf 88' lang='lat' dir='ltr'><strong>oo</strong></span> <span class='ocrx_word' id='word_1_207' title='bbox 946 2449 1056 2530; x_wconf 83' lang='lat' dir='ltr'><strong>scripte</strong></span> <span class='ocrx_word' id='word_1_208' title='bbox 1077 2459 1163 2526; x_wconf 86' lang='lat' dir='ltr'><strong>sunt,</strong></span> <span class='ocrx_word' id='word_1_209' title='bbox 1186 2449 1373 2526; x_wconf 61' lang='lat' dir='ltr'><strong>erubescam</strong></span> 
     </span>
     <span class='ocr_line' id='line_1_23' title="bbox 152 2550 1211 2632; baseline 0.001 -17"><span class='ocrx_word' id='word_1_210' title='bbox 152 2551 193 2614; x_wconf 87' lang='lat' dir='ltr'><strong>ob</strong></span> <span class='ocrx_word' id='word_1_211' title='bbox 215 2569 338 2632; x_wconf 87' lang='lat' dir='ltr'><strong>eamque</strong></span> <span class='ocrx_word' id='word_1_212' title='bbox 358 2550 505 2612; x_wconf 89' lang='lat' dir='ltr'><strong>rationem</strong></span> <span class='ocrx_word' id='word_1_213' title='bbox 525 2551 685 2632; x_wconf 83' lang='lat' dir='ltr'><strong>depravere</strong></span> <span class='ocrx_word' id='word_1_214' title='bbox 705 2550 866 2631; x_wconf 87' lang='lat' dir='ltr'><strong>genuinum</strong></span> <span class='ocrx_word' id='word_1_215' title='bbox 888 2551 1057 2632; x_wconf 74' lang='lat' dir='ltr'><strong>Scriptus-ae</strong></span> <span class='ocrx_word' id='word_1_216' title='bbox 1078 2571 1211 2616; x_wconf 79' lang='lat' dir='ltr'><strong>sensum</strong></span> 
     </span>
    </p>

    <p class='ocr_par' dir='ltr' id='par_1_3' title="bbox 150 2652 1380 3456">
     <span class='ocr_line' id='line_1_24' title="bbox 235 2652 1373 2738; baseline 0.002 -19"><span class='ocrx_word' id='word_1_217' title='bbox 235 2657 289 2719; x_wconf 79' lang='lat' dir='ltr'><strong>bl.</strong></span> <span class='ocrx_word' id='word_1_218' title='bbox 332 2653 434 2734; x_wconf 87' lang='lat' dir='ltr'><strong>ltaque</strong></span> <span class='ocrx_word' id='word_1_219' title='bbox 456 2652 597 2732; x_wconf 87' lang='lat' dir='ltr'><strong>scriptum</strong></span> <span class='ocrx_word' id='word_1_220' title='bbox 619 2661 674 2726; x_wconf 85' lang='lat' dir='ltr'><strong>est,</strong></span> <span class='ocrx_word' id='word_1_221' title='bbox 697 2660 778 2714; x_wconf 86' lang='lat' dir='ltr'><strong>tanto</strong></span> <span class='ocrx_word' id='word_1_222' title='bbox 800 2654 1048 2732; x_wconf 84' lang='lat' dir='ltr'><strong>praestantiorem</strong></span> <span class='ocrx_word' id='word_1_223' title='bbox 1069 2656 1177 2718; x_wconf 71' lang='lat' dir='ltr'><strong>tadum</strong></span> <span class='ocrx_word' id='word_1_224' title='bbox 1192 2675 1260 2720; x_wconf 84' lang='lat' dir='ltr'><strong>esse</strong></span> <span class='ocrx_word' id='word_1_225' title='bbox 1273 2657 1373 2738; x_wconf 73' lang='lat' dir='ltr'><strong>lnge-</strong></span> 
     </span>
     <span class='ocr_line' id='line_1_25' title="bbox 150 2753 1374 2835; baseline 0.005 -18"><span class='ocrx_word' id='word_1_226' title='bbox 150 2755 200 2818; x_wconf 89' lang='lat' dir='ltr'><strong>lis.</strong></span> <span class='ocrx_word' id='word_1_227' title='bbox 242 2754 317 2817; x_wconf 89' lang='lat' dir='ltr'><strong>Nam</strong></span> <span class='ocrx_word' id='word_1_228' title='bbox 337 2754 369 2817; x_wconf 92' lang='lat' dir='ltr'><strong>id</strong></span> <span class='ocrx_word' id='word_1_229' title='bbox 390 2753 521 2835; x_wconf 87' lang='lat' dir='ltr'><strong>primum</strong></span> <span class='ocrx_word' id='word_1_230' title='bbox 543 2754 709 2834; x_wconf 80' lang='lat' dir='ltr'><strong>expendere</strong></span> <span class='ocrx_word' id='word_1_231' title='bbox 730 2771 853 2816; x_wconf 85' lang='lat' dir='ltr'><strong>necesse</strong></span> <span class='ocrx_word' id='word_1_232' title='bbox 874 2762 929 2815; x_wconf 80' lang='lat' dir='ltr'><strong>est</strong></span> <span class='ocrx_word' id='word_1_233' title='bbox 972 2755 1110 2818; x_wconf 87' lang='lat' dir='ltr'><strong>Ceterum</strong></span> <span class='ocrx_word' id='word_1_234' title='bbox 1131 2757 1190 2832; x_wconf 89' lang='lat' dir='ltr'><strong>bic,</strong></span> <span class='ocrx_word' id='word_1_235' title='bbox 1211 2767 1245 2820; x_wconf 89' lang='lat' dir='ltr'><strong>nt</strong></span> <span class='ocrx_word' id='word_1_236' title='bbox 1260 2759 1291 2822; x_wconf 89' lang='lat' dir='ltr'><strong>in</strong></span> <span class='ocrx_word' id='word_1_237' title='bbox 1306 2778 1374 2824; x_wconf 83' lang='lat' dir='ltr'><strong>onr-</strong></span> 
     </span>
     <span class='ocr_line' id='line_1_26' title="bbox 151 2853 1375 2935; baseline 0.002 -16"><span class='ocrx_word' id='word_1_238' title='bbox 151 2856 241 2919; x_wconf 87' lang='lat' dir='ltr'><strong>nibus</strong></span> <span class='ocrx_word' id='word_1_239' title='bbox 262 2856 328 2918; x_wconf 85' lang='lat' dir='ltr'><strong>eliis</strong></span> <span class='ocrx_word' id='word_1_240' title='bbox 350 2855 467 2918; x_wconf 76' lang='lat' dir='ltr'><strong>divinae</strong></span> <span class='ocrx_word' id='word_1_241' title='bbox 490 2854 661 2935; x_wconf 86' lang='lat' dir='ltr'><strong>Scripturae</strong></span> <span class='ocrx_word' id='word_1_242' title='bbox 682 2853 756 2916; x_wconf 89' lang='lat' dir='ltr'><strong>locis</strong></span> <span class='ocrx_word' id='word_1_243' title='bbox 778 2873 864 2933; x_wconf 88' lang='lat' dir='ltr'><strong>agere</strong></span> <span class='ocrx_word' id='word_1_244' title='bbox 892 2856 1046 2930; x_wconf 81' lang='lat' dir='ltr'><strong>convenit,</strong></span> <span class='ocrx_word' id='word_1_245' title='bbox 1074 2857 1291 2920; x_wconf 82' lang='lat' dir='ltr'><strong>observandum</strong></span> <span class='ocrx_word' id='word_1_246' title='bbox 1318 2869 1375 2934; x_wconf 86' lang='lat' dir='ltr'><strong>eet,</strong></span> 
     </span>
     <span class='ocr_line' id='line_1_27' title="bbox 150 2954 1376 3040; baseline -0.001 -19"><span class='ocrx_word' id='word_1_247' title='bbox 150 2975 212 3040; x_wconf 82' lang='lat' dir='ltr'><strong>qua</strong></span> <span class='ocrx_word' id='word_1_248' title='bbox 233 2958 391 3020; x_wconf 84' lang='lat' dir='ltr'><strong>occasione</strong></span> <span class='ocrx_word' id='word_1_249' title='bbox 413 2957 531 3020; x_wconf 82' lang='lat' dir='ltr'><strong>locutus</strong></span> <span class='ocrx_word' id='word_1_250' title='bbox 553 2956 593 3019; x_wconf 84' lang='lat' dir='ltr'><strong>sit</strong></span> <span class='ocrx_word' id='word_1_251' title='bbox 613 2954 782 3036; x_wconf 74' lang='lat' dir='ltr'><strong>Apostolus,</strong></span> <span class='ocrx_word' id='word_1_252' title='bbox 806 2973 880 3034; x_wconf 91' lang='lat' dir='ltr'><strong>quae</strong></span> <span class='ocrx_word' id='word_1_253' title='bbox 902 2955 942 3016; x_wconf 88' lang='lat' dir='ltr'><strong>sit</strong></span> <span class='ocrx_word' id='word_1_254' title='bbox 962 2973 1101 3035; x_wconf 85' lang='lat' dir='ltr'><strong>persons,</strong></span> <span class='ocrx_word' id='word_1_255' title='bbox 1124 2975 1200 3035; x_wconf 86' lang='lat' dir='ltr'><strong>quac</strong></span> <span class='ocrx_word' id='word_1_256' title='bbox 1220 2977 1271 3020; x_wconf 86' lang='lat' dir='ltr'><strong>res</strong></span> <span class='ocrx_word' id='word_1_257' title='bbox 1291 2960 1376 3020; x_wconf 74' lang='lat' dir='ltr'><strong>cuim</strong></span> 
     </span>
     <span class='ocr_line' id='line_1_28' title="bbox 153 3053 1378 3140; baseline 0.001 -20"><span class='ocrx_word' id='word_1_258' title='bbox 153 3058 246 3140; x_wconf 86' lang='lat' dir='ltr'><strong>gratia</strong></span> <span class='ocrx_word' id='word_1_259' title='bbox 269 3058 398 3138; x_wconf 67' lang='lat' dir='ltr'><strong>scripsit,</strong></span> <span class='ocrx_word' id='word_1_260' title='bbox 421 3067 556 3122; x_wconf 76' lang='lat' dir='ltr'><strong>comente</strong></span> <span class='ocrx_word' id='word_1_261' title='bbox 578 3067 609 3120; x_wconf 87' lang='lat' dir='ltr'><strong>et</strong></span> <span class='ocrx_word' id='word_1_262' title='bbox 629 3053 757 3118; x_wconf 86' lang='lat' dir='ltr'><strong>fideliter</strong></span> <span class='ocrx_word' id='word_1_263' title='bbox 777 3055 986 3118; x_wconf 82' lang='lat' dir='ltr'><strong>attendendum</strong></span> <span class='ocrx_word' id='word_1_264' title='bbox 1009 3063 1067 3130; x_wconf 77' lang='lat' dir='ltr'><strong>est,</strong></span> <span class='ocrx_word' id='word_1_265' title='bbox 1088 3074 1127 3117; x_wconf 91' lang='lat' dir='ltr'><strong>ne</strong></span> <span class='ocrx_word' id='word_1_266' title='bbox 1145 3056 1212 3136; x_wconf 89' lang='lat' dir='ltr'><strong>quis</strong></span> <span class='ocrx_word' id='word_1_267' title='bbox 1227 3057 1276 3119; x_wconf 88' lang='lat' dir='ltr'><strong>iilo</strong></span> <span class='ocrx_word' id='word_1_268' title='bbox 1290 3059 1378 3137; x_wconf 87' lang='lat' dir='ltr'><strong>iguo·</strong></span> 
     </span>
     <span class='ocr_line' id='line_1_29' title="bbox 150 3156 1380 3242; baseline 0 -18"><span class='ocrx_word' id='word_1_269' title='bbox 150 3177 223 3224; x_wconf 78' lang='lat' dir='ltr'><strong>reate</strong></span> <span class='ocrx_word' id='word_1_270' title='bbox 244 3167 296 3224; x_wconf 90' lang='lat' dir='ltr'><strong>aut</strong></span> <span class='ocrx_word' id='word_1_271' title='bbox 316 3161 394 3224; x_wconf 90' lang='lat' dir='ltr'><strong>aliud</strong></span> <span class='ocrx_word' id='word_1_272' title='bbox 415 3167 534 3242; x_wconf 83' lang='lat' dir='ltr'><strong>praeter</strong></span> <span class='ocrx_word' id='word_1_273' title='bbox 562 3179 595 3222; x_wconf 91' lang='lat' dir='ltr'><strong>ea</strong></span> <span class='ocrx_word' id='word_1_274' title='bbox 618 3156 787 3236; x_wconf 86' lang='lat' dir='ltr'><strong>intelligens</strong></span> <span class='ocrx_word' id='word_1_275' title='bbox 815 3175 833 3218; x_wconf 94' lang='lat' dir='ltr'><strong>a</strong></span> <span class='ocrx_word' id='word_1_276' title='bbox 860 3175 930 3220; x_wconf 85' lang='lat' dir='ltr'><strong>vern</strong></span> <span class='ocrx_word' id='word_1_277' title='bbox 956 3157 1075 3220; x_wconf 87' lang='lat' dir='ltr'><strong>aborret</strong></span> <span class='ocrx_word' id='word_1_278' title='bbox 1101 3157 1257 3220; x_wconf 75' lang='lat' dir='ltr'><strong>emtentia.</strong></span> <span class='ocrx_word' id='word_1_279' title='bbox 1301 3157 1380 3224; x_wconf 86' lang='lat' dir='ltr'><strong>ilaec</strong></span> 
     </span>
     <span class='ocr_line' id='line_1_30' title="bbox 152 3257 1378 3344; baseline 0 -20"><span class='ocrx_word' id='word_1_280' title='bbox 152 3263 286 3344; x_wconf 84' lang='lat' dir='ltr'><strong>prolecto</strong></span> <span class='ocrx_word' id='word_1_281' title='bbox 308 3281 369 3325; x_wconf 91' lang='lat' dir='ltr'><strong>non</strong></span> <span class='ocrx_word' id='word_1_282' title='bbox 391 3262 546 3343; x_wconf 80' lang='lat' dir='ltr'><strong>ignorabat</strong></span> <span class='ocrx_word' id='word_1_283' title='bbox 565 3261 721 3326; x_wconf 83' lang='lat' dir='ltr'><strong>studiosus</strong></span> <span class='ocrx_word' id='word_1_284' title='bbox 742 3257 791 3321; x_wconf 91' lang='lat' dir='ltr'><strong>ille</strong></span> <span class='ocrx_word' id='word_1_285' title='bbox 813 3257 983 3334; x_wconf 79' lang='lat' dir='ltr'><strong>Eunuchus,</strong></span> <span class='ocrx_word' id='word_1_286' title='bbox 1006 3257 1058 3341; x_wconf 91' lang='lat' dir='ltr'><strong>qui</strong></span> <span class='ocrx_word' id='word_1_287' title='bbox 1071 3257 1241 3341; x_wconf 87' lang='lat' dir='ltr'><strong>Philippum</strong></span> <span class='ocrx_word' id='word_1_288' title='bbox 1261 3263 1302 3324; x_wconf 84' lang='lat' dir='ltr'><strong>ito</strong></span> <span class='ocrx_word' id='word_1_289' title='bbox 1323 3281 1378 3324; x_wconf 89' lang='lat' dir='ltr'><strong>rc·</strong></span> 
     </span>
     <span class='ocr_line' id='line_1_31' title="bbox 151 3361 1378 3456; baseline 0.002 -29"><span class='ocrx_word' id='word_1_290' title='bbox 151 3363 253 3448; x_wconf 83' lang='lat' dir='ltr'><strong>gabat:</strong></span> <span class='ocrx_word' id='word_1_291' title='bbox 285 3367 416 3430; x_wconf 77' lang='lat' dir='ltr'><strong>ooeeeo</strong></span> <span class='ocrx_word' id='word_1_292' title='bbox 439 3377 482 3439; x_wconf 86' lang='lat' dir='ltr'><strong>to,</strong></span> <span class='ocrx_word' id='word_1_293' title='bbox 506 3367 542 3428; x_wconf 82' lang='lat' dir='ltr'><strong>de</strong></span> <span class='ocrx_word' id='word_1_294' title='bbox 563 3383 622 3448; x_wconf 87' lang='lat' dir='ltr'><strong>quo</strong></span> <span class='ocrx_word' id='word_1_295' title='bbox 644 3361 798 3444; x_wconf 80' lang='lat' dir='ltr'><strong>Propbeto</strong></span> <span class='ocrx_word' id='word_1_296' title='bbox 820 3363 891 3425; x_wconf 78' lang='lat' dir='ltr'><strong>dicit</strong></span> <span class='ocrx_word' id='word_1_297' title='bbox 912 3362 981 3435; x_wconf 85' lang='lat' dir='ltr'><strong>boc,</strong></span> <span class='ocrx_word' id='word_1_298' title='bbox 1005 3363 1041 3426; x_wconf 87' lang='lat' dir='ltr'><strong>de</strong></span> <span class='ocrx_word' id='word_1_299' title='bbox 1062 3381 1157 3456; x_wconf 16' lang='lat' dir='ltr'><strong>eoquo</strong></span> <span class='ocrx_word' id='word_1_300' title='bbox 1179 3363 1214 3426; x_wconf 88' lang='lat' dir='ltr'><strong>de</strong></span> <span class='ocrx_word' id='word_1_301' title='bbox 1234 3361 1296 3428; x_wconf 82' lang='lat' dir='ltr'><strong>elie</strong></span> <span class='ocrx_word' id='word_1_302' title='bbox 1316 3363 1378 3429; x_wconf 82' lang='lat' dir='ltr'><strong>eli-</strong></span> 
     </span>
    </p>
   </div>
   <div class='ocr_carea' id='block_1_3' title="bbox 152 3543 1389 4516">
    <p class='ocr_par' dir='ltr' id='par_1_4' title="bbox 152 3543 1389 4516">
     <span class='ocr_line' id='line_1_32' title="bbox 154 3543 1375 3621; baseline 0 -17"><span class='ocrx_word' id='word_1_303' title='bbox 154 3567 218 3615; x_wconf 78' lang='lat' dir='ltr'><strong>nem,</strong></span> <span class='ocrx_word' id='word_1_304' title='bbox 236 3561 301 3606; x_wconf 86' lang='lat' dir='ltr'><strong>recto</strong></span> <span class='ocrx_word' id='word_1_305' title='bbox 318 3569 414 3620; x_wconf 82' lang='lat' dir='ltr'><strong>quoqne</strong></span> <span class='ocrx_word' id='word_1_306' title='bbox 430 3545 576 3621; x_wconf 73' lang='grc' dir='ltr'><strong>πρόβλημα</strong></span> <span class='ocrx_word' id='word_1_307' title='bbox 599 3555 677 3618; x_wconf 76' lang='lat' dir='ltr'><strong>ipsam</strong></span> <span class='ocrx_word' id='word_1_308' title='bbox 696 3551 740 3602; x_wconf 88' lang='lat' dir='ltr'><strong>de·</strong></span> <span class='ocrx_word' id='word_1_309' title='bbox 789 3552 908 3616; x_wconf 87' lang='lat' dir='ltr'><strong>lortopro</strong></span> <span class='ocrx_word' id='word_1_310' title='bbox 920 3543 970 3612; x_wconf 67' lang='lat' dir='ltr'><strong>elii</strong></span> <span class='ocrx_word' id='word_1_311' title='bbox 985 3544 1042 3612; x_wconf 73' lang='grc' dir='ltr'><strong>τήν.</strong></span> <span class='ocrx_word' id='word_1_312' title='bbox 1060 3543 1223 3614; x_wconf 74' lang='lat' dir='ltr'><strong>nutrimenti</strong></span> <span class='ocrx_word' id='word_1_313' title='bbox 1235 3545 1260 3604; x_wconf 82' lang='lat' dir='ltr'><strong>ei</strong></span> <span class='ocrx_word' id='word_1_314' title='bbox 1270 3546 1375 3615; x_wconf 63' lang='lat' dir='ltr'><strong>obstr.</strong></span> 
     </span>
     <span class='ocr_line' id='line_1_33' title="bbox 152 3619 1378 3688; baseline 0.002 -16"><span class='ocrx_word' id='word_1_315' title='bbox 152 3623 249 3683; x_wconf 78' lang='lat' dir='ltr'><strong>signore</strong></span> <span class='ocrx_word' id='word_1_316' title='bbox 267 3631 346 3688; x_wconf 83' lang='lat' dir='ltr'><strong>potest</strong></span> <span class='ocrx_word' id='word_1_317' title='bbox 369 3623 517 3685; x_wconf 85' lang='lat' dir='ltr'><strong>dignitatern.</strong></span> <span class='ocrx_word' id='word_1_318' title='bbox 551 3621 658 3674; x_wconf 79' lang='lat' dir='ltr'><strong>Nunnius</strong></span> <span class='ocrx_word' id='word_1_319' title='bbox 677 3622 741 3670; x_wconf 88' lang='lat' dir='ltr'><strong>bunc</strong></span> <span class='ocrx_word' id='word_1_320' title='bbox 824 3619 841 3669; x_wconf 93' lang='lat' dir='ltr'><strong>l.</strong></span> <span class='ocrx_word' id='word_1_321' title='bbox 865 3619 906 3670; x_wconf 87' lang='lat' dir='ltr'><strong>Sic</strong></span> <span class='ocrx_word' id='word_1_322' title='bbox 923 3621 1063 3684; x_wconf 81' lang='lat' dir='ltr'><strong>Sequerioo.</strong></span> <span class='ocrx_word' id='word_1_323' title='bbox 1097 3623 1126 3672; x_wconf 81' lang='lat' dir='ltr'><strong>lt</strong></span> <span class='ocrx_word' id='word_1_324' title='bbox 1144 3623 1167 3672; x_wconf 88' lang='lat' dir='ltr'><strong>in</strong></span> <span class='ocrx_word' id='word_1_325' title='bbox 1185 3623 1240 3674; x_wconf 82' lang='lat' dir='ltr'><strong>aliie</strong></span> <span class='ocrx_word' id='word_1_326' title='bbox 1267 3633 1290 3673; x_wconf 89' lang='lat' dir='ltr'><strong>et</strong></span> <span class='ocrx_word' id='word_1_327' title='bbox 1308 3623 1378 3674; x_wconf 84' lang='lat' dir='ltr'><strong>editio</strong></span> 
     </span>
     <span class='ocr_line' id='line_1_34' title="bbox 154 3682 935 3754; baseline 0 -16"><span class='ocrx_word' id='word_1_328' title='bbox 154 3688 233 3739; x_wconf 87' lang='lat' dir='ltr'><strong>locoru</strong></span> <span class='ocrx_word' id='word_1_329' title='bbox 252 3691 285 3740; x_wconf 84' lang='lat' dir='ltr'><strong>ita</strong></span> <span class='ocrx_word' id='word_1_330' title='bbox 302 3692 384 3741; x_wconf 78' lang='lat' dir='ltr'><strong>vortit:</strong></span> <span class='ocrx_word' id='word_1_331' title='bbox 403 3692 444 3740; x_wconf 80' lang='lat' dir='ltr'><strong>Sin</strong></span> <span class='ocrx_word' id='word_1_332' title='bbox 454 3699 529 3741; x_wconf 77' lang='lat' dir='ltr'><strong>eutem</strong></span> <span class='ocrx_word' id='word_1_333' title='bbox 538 3691 664 3741; x_wconf 68' lang='lat' dir='ltr'><strong>mutendi</strong></span> <span class='ocrx_word' id='word_1_334' title='bbox 674 3689 740 3740; x_wconf 76' lang='lat' dir='ltr'><strong>Giri-</strong></span> <span class='ocrx_word' id='word_1_335' title='bbox 789 3682 841 3754; x_wconf 73' lang='lat' dir='ltr'><strong>ptr</strong></span> <span class='ocrx_word' id='word_1_336' title='bbox 859 3689 935 3738; x_wconf 81' lang='lat' dir='ltr'><strong>deest.</strong></span> 
     </span>
     <span class='ocr_line' id='line_1_35' title="bbox 152 3756 1378 3824; baseline 0 -16"><span class='ocrx_word' id='word_1_337' title='bbox 152 3759 270 3808; x_wconf 66' lang='lat' dir='ltr'><strong>etiami</strong></span> <span class='ocrx_word' id='word_1_338' title='bbox 287 3762 377 3822; x_wconf 64' lang='lat' dir='ltr'><strong>mute,</strong></span> <span class='ocrx_word' id='word_1_339' title='bbox 402 3765 423 3810; x_wconf 83' lang='lat' dir='ltr'><strong>et</strong></span> <span class='ocrx_word' id='word_1_340' title='bbox 441 3762 491 3810; x_wconf 80' lang='lat' dir='ltr'><strong>eino</strong></span> <span class='ocrx_word' id='word_1_341' title='bbox 509 3761 549 3824; x_wconf 84' lang='lat' dir='ltr'><strong>qui</strong></span> <span class='ocrx_word' id='word_1_342' title='bbox 565 3761 620 3810; x_wconf 81' lang='lat' dir='ltr'><strong>todo</strong></span> <span class='ocrx_word' id='word_1_343' title='bbox 637 3759 740 3823; x_wconf 76' lang='lat' dir='ltr'><strong>prouenit</strong></span> <span class='ocrx_word' id='word_1_344' title='bbox 824 3771 846 3818; x_wconf 87' lang='lat' dir='ltr'><strong>g.</strong></span> <span class='ocrx_word' id='word_1_345' title='bbox 864 3757 909 3808; x_wconf 76' lang='lat' dir='ltr'><strong>etit</strong></span> <span class='ocrx_word' id='word_1_346' title='bbox 928 3757 975 3808; x_wconf 87' lang='lat' dir='ltr'><strong>loci</strong></span> <span class='ocrx_word' id='word_1_347' title='bbox 993 3769 1060 3806; x_wconf 91' lang='lat' dir='ltr'><strong>nom.</strong></span> <span class='ocrx_word' id='word_1_348' title='bbox 1079 3756 1121 3806; x_wconf 83' lang='lat'><strong>5³.</strong></span> <span class='ocrx_word' id='word_1_349' title='bbox 1145 3758 1264 3823; x_wconf 80' lang='lat' dir='ltr'><strong>propositi</strong></span> <span class='ocrx_word' id='word_1_350' title='bbox 1288 3771 1378 3822; x_wconf 81' lang='lat' dir='ltr'><strong>erpon-</strong></span> 
     </span>
     <span class='ocr_line' id='line_1_36' title="bbox 155 3823 1191 3890; baseline -0.002 -14"><span class='ocrx_word' id='word_1_351' title='bbox 155 3833 263 3889; x_wconf 78' lang='lat' dir='ltr'><strong>quoortus</strong></span> <span class='ocrx_word' id='word_1_352' title='bbox 287 3831 309 3876; x_wconf 85' lang='lat' dir='ltr'><strong>et</strong></span> <span class='ocrx_word' id='word_1_353' title='bbox 325 3827 412 3890; x_wconf 75' lang='lat' dir='ltr'><strong>[ouee‘</strong></span> <span class='ocrx_word' id='word_1_354' title='bbox 424 3841 495 3878; x_wconf 83' lang='lat' dir='ltr'><strong>conso</strong></span> <span class='ocrx_word' id='word_1_355' title='bbox 517 3843 564 3877; x_wconf 82' lang='lat' dir='ltr'><strong>eoo</strong></span> <span class='ocrx_word' id='word_1_356' title='bbox 587 3828 672 3876; x_wconf 78' lang='lat' dir='ltr'><strong>eadent</strong></span> <span class='ocrx_word' id='word_1_357' title='bbox 688 3827 740 3887; x_wconf 72' lang='lat' dir='ltr'><strong>lofi-</strong></span> <span class='ocrx_word' id='word_1_358' title='bbox 792 3823 880 3874; x_wconf 85' lang='lat' dir='ltr'><strong>duotor</strong></span> <span class='ocrx_word' id='word_1_359' title='bbox 899 3825 1050 3889; x_wconf 88' lang='lat' dir='ltr'><strong>insequenti</strong></span> <span class='ocrx_word' id='word_1_360' title='bbox 1070 3825 1191 3876; x_wconf 87' lang='lat' dir='ltr'><strong>Oratione.</strong></span> 
     </span>
     <span class='ocr_line' id='line_1_37' title="bbox 154 3890 1381 3960; baseline -0.002 -18"><span class='ocrx_word' id='word_1_361' title='bbox 154 3894 213 3942; x_wconf 79' lang='lat' dir='ltr'><strong>cieri</strong></span> <span class='ocrx_word' id='word_1_362' title='bbox 230 3902 277 3943; x_wconf 84' lang='lat' dir='ltr'><strong>etc.</strong></span> <span class='ocrx_word' id='word_1_363' title='bbox 303 3893 432 3944; x_wconf 85' lang='lat' dir='ltr'><strong>Omnibnui</strong></span> <span class='ocrx_word' id='word_1_364' title='bbox 443 3895 502 3944; x_wconf 87' lang='lat' dir='ltr'><strong>boec</strong></span> <span class='ocrx_word' id='word_1_365' title='bbox 519 3909 615 3960; x_wconf 85' lang='lat' dir='ltr'><strong>qnoque</strong></span> <span class='ocrx_word' id='word_1_366' title='bbox 633 3900 670 3943; x_wconf 87' lang='lat' dir='ltr'><strong>est</strong></span> <span class='ocrx_word' id='word_1_367' title='bbox 687 3907 740 3942; x_wconf 88' lang='lat' dir='ltr'><strong>rer·</strong></span> <span class='ocrx_word' id='word_1_368' title='bbox 826 3891 849 3942; x_wconf 85' lang='lat' dir='ltr'><strong>h.</strong></span> <span class='ocrx_word' id='word_1_369' title='bbox 868 3891 909 3942; x_wconf 87' lang='lat' dir='ltr'><strong>Sic</strong></span> <span class='ocrx_word' id='word_1_370' title='bbox 925 3893 1035 3955; x_wconf 72' lang='lat' dir='ltr'><strong>segnes,</strong></span> <span class='ocrx_word' id='word_1_371' title='bbox 1054 3891 1150 3942; x_wconf 84' lang='lat' dir='ltr'><strong>Goblor.</strong></span> <span class='ocrx_word' id='word_1_372' title='bbox 1169 3901 1193 3943; x_wconf 87' lang='lat' dir='ltr'><strong>ot</strong></span> <span class='ocrx_word' id='word_1_373' title='bbox 1209 3891 1346 3942; x_wconf 79' lang='lat' dir='ltr'><strong>Folckmau.</strong></span> <span class='ocrx_word' id='word_1_374' title='bbox 1358 3890 1381 3940; x_wconf 91' lang='lat' dir='ltr'><strong>l.</strong></span> 
     </span>
     <span class='ocr_line' id='line_1_38' title="bbox 155 3956 1382 4027; baseline -0.001 -18"><span class='ocrx_word' id='word_1_375' title='bbox 155 3956 207 4010; x_wconf 82' lang='lat' dir='ltr'><strong>oio:</strong></span> <span class='ocrx_word' id='word_1_376' title='bbox 223 3965 251 4012; x_wconf 77' lang='lat' dir='ltr'><strong>At</strong></span> <span class='ocrx_word' id='word_1_377' title='bbox 269 3963 291 4011; x_wconf 79' lang='lat' dir='ltr'><strong>ot</strong></span> <span class='ocrx_word' id='word_1_378' title='bbox 306 3963 421 4027; x_wconf 74' lang='lat' dir='ltr'><strong>propositi</strong></span> <span class='ocrx_word' id='word_1_379' title='bbox 438 3963 476 4012; x_wconf 78' lang='lat' dir='ltr'><strong>eei</strong></span> <span class='ocrx_word' id='word_1_380' title='bbox 494 3964 569 4025; x_wconf 77' lang='lat' dir='ltr'><strong>pretio</strong></span> <span class='ocrx_word' id='word_1_381' title='bbox 581 3969 601 4012; x_wconf 87' lang='lat' dir='ltr'><strong>et</strong></span> <span class='ocrx_word' id='word_1_382' title='bbox 610 3962 670 4012; x_wconf 79' lang='lat' dir='ltr'><strong>locri</strong></span> <span class='ocrx_word' id='word_1_383' title='bbox 679 3960 741 4025; x_wconf 85' lang='lat' dir='ltr'><strong>qnod</strong></span> <span class='ocrx_word' id='word_1_384' title='bbox 792 3967 818 4009; x_wconf 88' lang='lat' dir='ltr'><strong>nt</strong></span> <span class='ocrx_word' id='word_1_385' title='bbox 835 3966 860 4008; x_wconf 87' lang='lat' dir='ltr'><strong>et</strong></span> <span class='ocrx_word' id='word_1_386' title='bbox 877 3959 938 4010; x_wconf 84' lang='lat' dir='ltr'><strong>inira</strong></span> <span class='ocrx_word' id='word_1_387' title='bbox 957 3960 1047 4009; x_wconf 86' lang='lat' dir='ltr'><strong>babent</strong></span> <span class='ocrx_word' id='word_1_388' title='bbox 1071 3973 1130 4008; x_wconf 84' lang='lat' dir='ltr'><strong>ross.</strong></span> <span class='ocrx_word' id='word_1_389' title='bbox 1155 3967 1179 4010; x_wconf 89' lang='lat' dir='ltr'><strong>ot</strong></span> <span class='ocrx_word' id='word_1_390' title='bbox 1196 3959 1262 4010; x_wconf 87' lang='lat' dir='ltr'><strong>editi.</strong></span> <span class='ocrx_word' id='word_1_391' title='bbox 1296 3959 1325 4008; x_wconf 82' lang='lat' dir='ltr'><strong>lt</strong></span> <span class='ocrx_word' id='word_1_392' title='bbox 1343 3959 1382 4008; x_wconf 87' lang='lat' dir='ltr'><strong>blo</strong></span> 
     </span>
     <span class='ocr_line' id='line_1_39' title="bbox 154 4019 1383 4105; baseline -0.003 -28"><span class='ocrx_word' id='word_1_393' title='bbox 154 4028 209 4078; x_wconf 78' lang='lat' dir='ltr'><strong>iudo</strong></span> <span class='ocrx_word' id='word_1_394' title='bbox 227 4045 297 4079; x_wconf 82' lang='lat' dir='ltr'><strong>orare</strong></span> <span class='ocrx_word' id='word_1_395' title='bbox 313 4033 414 4094; x_wconf 67' lang='lat' dir='ltr'><strong>socient,</strong></span> <span class='ocrx_word' id='word_1_396' title='bbox 441 4035 462 4080; x_wconf 86' lang='lat' dir='ltr'><strong>et</strong></span> <span class='ocrx_word' id='word_1_397' title='bbox 479 4031 595 4094; x_wconf 74' lang='lat' dir='ltr'><strong>opinionis</strong></span> <span class='ocrx_word' id='word_1_398' title='bbox 612 4031 650 4080; x_wconf 83' lang='lat' dir='ltr'><strong>cai</strong></span> <span class='ocrx_word' id='word_1_399' title='bbox 668 4029 742 4077; x_wconf 80' lang='lat' dir='ltr'><strong>curbi-</strong></span> <span class='ocrx_word' id='word_1_400' title='bbox 793 4026 866 4076; x_wconf 87' lang='lat' dir='ltr'><strong>ceteri</strong></span> <span class='ocrx_word' id='word_1_401' title='bbox 885 4035 909 4076; x_wconf 89' lang='lat' dir='ltr'><strong>et</strong></span> <span class='ocrx_word' id='word_1_402' title='bbox 926 4027 982 4077; x_wconf 83' lang='lat' dir='ltr'><strong>editi</strong></span> <span class='ocrx_word' id='word_1_403' title='bbox 1000 4019 1033 4074; x_wconf 78' lang='lat' dir='ltr'><strong>rb</strong></span> <span class='ocrx_word' id='word_1_404' title='bbox 1051 4019 1248 4105; x_wconf 54' lang='grc' dir='ltr'><strong>παράδειγμα,</strong></span> <span class='ocrx_word' id='word_1_405' title='bbox 1271 4025 1324 4074; x_wconf 77' lang='lat' dir='ltr'><strong>llos</strong></span> <span class='ocrx_word' id='word_1_406' title='bbox 1337 4024 1383 4073; x_wconf 90' lang='lat' dir='ltr'><strong>So·</strong></span> 
     </span>
     <span class='ocr_line' id='line_1_40' title="bbox 152 4091 1383 4159; baseline -0.006 -14"><span class='ocrx_word' id='word_1_407' title='bbox 152 4097 214 4146; x_wconf 81' lang='lat' dir='ltr'><strong>tiore</strong></span> <span class='ocrx_word' id='word_1_408' title='bbox 231 4099 324 4147; x_wconf 76' lang='lat' dir='ltr'><strong>stodeat</strong></span> <span class='ocrx_word' id='word_1_409' title='bbox 342 4105 387 4148; x_wconf 80' lang='lat' dir='ltr'><strong>eto</strong></span> <span class='ocrx_word' id='word_1_410' title='bbox 793 4109 859 4158; x_wconf 85' lang='lat' dir='ltr'><strong>gaer.</strong></span> <span class='ocrx_word' id='word_1_411' title='bbox 879 4103 903 4143; x_wconf 88' lang='lat' dir='ltr'><strong>et</strong></span> <span class='ocrx_word' id='word_1_412' title='bbox 919 4093 1010 4156; x_wconf 81' lang='lat' dir='ltr'><strong>lnglio.</strong></span> <span class='ocrx_word' id='word_1_413' title='bbox 1028 4106 1104 4159; x_wconf 76' lang='grc' dir='ltr'><strong><em>παρα</em></strong></span> <span class='ocrx_word' id='word_1_414' title='bbox 1128 4091 1215 4142; x_wconf 78' lang='grc' dir='ltr'><em>ταῦτα</em></span> <span class='ocrx_word' id='word_1_415' title='bbox 1232 4107 1257 4157; x_wconf 78' lang='lat' dir='ltr'><strong>p.</strong></span> <span class='ocrx_word' id='word_1_416' title='bbox 1290 4091 1383 4140; x_wconf 84' lang='lat' dir='ltr'><strong>ibidem</strong></span> 
     </span>
     <span class='ocr_line' id='line_1_41' title="bbox 189 4153 1384 4278; baseline -0.008 -66"><span class='ocrx_word' id='word_1_417' title='bbox 189 4179 211 4212; x_wconf 85' lang='lat' dir='ltr'><strong>e.</strong></span> <span class='ocrx_word' id='word_1_418' title='bbox 229 4163 335 4215; x_wconf 76' lang='lat' dir='ltr'><strong>Feltini.</strong></span> <span class='ocrx_word' id='word_1_419' title='bbox 349 4165 376 4226; x_wconf 62' lang='lat' dir='ltr'><strong>b„</strong></span> <span class='ocrx_word' id='word_1_420' title='bbox 391 4157 482 4224; x_wconf 71' lang='grc' dir='ltr'><strong>ἐπειδὴ</strong></span> <span class='ocrx_word' id='word_1_421' title='bbox 499 4161 662 4246; x_wconf 57' lang='grc' dir='ltr'><strong>γέγραπται.</strong></span> <span class='ocrx_word' id='word_1_422' title='bbox 697 4165 743 4213; x_wconf 87' lang='lat' dir='ltr'><strong>Se·</strong></span> <span class='ocrx_word' id='word_1_423' title='bbox 793 4165 892 4224; x_wconf 82' lang='lat' dir='ltr'><strong>Segeor.</strong></span> <span class='ocrx_word' id='word_1_424' title='bbox 912 4169 935 4211; x_wconf 87' lang='lat' dir='ltr'><strong>ot</strong></span> <span class='ocrx_word' id='word_1_425' title='bbox 952 4163 1010 4224; x_wconf 83' lang='lat' dir='ltr'><strong>lteg.</strong></span> <span class='ocrx_word' id='word_1_426' title='bbox 1028 4153 1096 4278; x_wconf 40' lang='grc' dir='ltr'><strong>καὶ(</strong></span> <span class='ocrx_word' id='word_1_427' title='bbox 1124 4153 1219 4230; x_wconf 77' lang='grc' dir='ltr'><strong><em>ἕτερόν</em></strong></span> <span class='ocrx_word' id='word_1_428' title='bbox 1236 4169 1272 4205; x_wconf 83' lang='grc' dir='ltr'><strong>τι.</strong></span> <span class='ocrx_word' id='word_1_429' title='bbox 1286 4222 1291 4234; x_wconf 34' lang='grc' dir='ltr'>Ι</span> <span class='ocrx_word' id='word_1_430' title='bbox 1305 4153 1384 4232; x_wconf 55' lang='grc' dir='ltr'><strong>βαιῇ.</strong></span> 
     </span>
     <span class='ocr_line' id='line_1_42' title="bbox 154 4218 1384 4301; baseline -0.007 -20"><span class='ocrx_word' id='word_1_431' title='bbox 154 4245 224 4292; x_wconf 79' lang='lat' dir='ltr'><strong>geor.</strong></span> <span class='ocrx_word' id='word_1_432' title='bbox 242 4233 300 4282; x_wconf 90' lang='lat' dir='ltr'><strong>ibid.</strong></span> <span class='ocrx_word' id='word_1_433' title='bbox 319 4223 335 4292; x_wconf 82' lang='grc' dir='ltr'><em>ἢ</em></span> <span class='ocrx_word' id='word_1_434' title='bbox 353 4226 398 4280; x_wconf 77' lang='grc' dir='ltr'><strong>καὶ</strong></span> <span class='ocrx_word' id='word_1_435' title='bbox 417 4227 450 4281; x_wconf 73' lang='grc' dir='ltr'><strong>τὰ</strong></span> <span class='ocrx_word' id='word_1_436' title='bbox 469 4228 544 4298; x_wconf 75' lang='grc' dir='ltr'><strong><em>ῥητα.</em></strong></span> <span class='ocrx_word' id='word_1_437' title='bbox 569 4231 702 4282; x_wconf 79' lang='lat' dir='ltr'><strong>librilem</strong></span> <span class='ocrx_word' id='word_1_438' title='bbox 720 4239 746 4281; x_wconf 85' lang='lat' dir='ltr'><strong>ot</strong></span> <span class='ocrx_word' id='word_1_439' title='bbox 794 4237 819 4278; x_wconf 85' lang='lat' dir='ltr'><strong>ot</strong></span> <span class='ocrx_word' id='word_1_440' title='bbox 835 4227 957 4291; x_wconf 80' lang='lat' dir='ltr'><strong>leglicoe.</strong></span> <span class='ocrx_word' id='word_1_441' title='bbox 974 4219 1043 4293; x_wconf 78' lang='grc' dir='ltr'><strong>παρ’</strong></span> <span class='ocrx_word' id='word_1_442' title='bbox 1077 4223 1164 4293; x_wconf 72' lang='lat' dir='ltr'><strong>ripum</strong></span> <span class='ocrx_word' id='word_1_443' title='bbox 1180 4239 1231 4301; x_wconf 46' lang='grc' dir='ltr'><strong>τι,</strong></span> <span class='ocrx_word' id='word_1_444' title='bbox 1249 4222 1311 4270; x_wconf 75' lang='lat' dir='ltr'><strong>Edttt</strong></span> <span class='ocrx_word' id='word_1_445' title='bbox 1330 4218 1384 4266; x_wconf 77' lang='grc'><strong>1111·</strong></span> 
     </span>
     <span class='ocr_line' id='line_1_43' title="bbox 156 4286 1302 4366; baseline -0.01 -16"><span class='ocrx_word' id='word_1_446' title='bbox 156 4299 254 4350; x_wconf 80' lang='lat' dir='ltr'><strong>Gublor.</strong></span> <span class='ocrx_word' id='word_1_447' title='bbox 273 4307 298 4350; x_wconf 89' lang='lat' dir='ltr'><strong>et</strong></span> <span class='ocrx_word' id='word_1_448' title='bbox 314 4299 420 4350; x_wconf 76' lang='lat' dir='ltr'><strong>Feloltm.</strong></span> <span class='ocrx_word' id='word_1_449' title='bbox 435 4299 457 4350; x_wconf 93' lang='lat' dir='ltr'><strong>l.</strong></span> <span class='ocrx_word' id='word_1_450' title='bbox 480 4291 643 4366; x_wconf 68' lang='grc' dir='ltr'><strong><em>ἐνσώματον</em></strong></span> <span class='ocrx_word' id='word_1_451' title='bbox 660 4289 744 4348; x_wconf 74' lang='lat' dir='ltr'><strong>atreo</strong></span> <span class='ocrx_word' id='word_1_452' title='bbox 795 4311 841 4361; x_wconf 89' lang='lat' dir='ltr'><strong>que</strong></span> <span class='ocrx_word' id='word_1_453' title='bbox 858 4289 935 4360; x_wconf 80' lang='grc' dir='ltr'><em>παρὰ</em></span> <span class='ocrx_word' id='word_1_454' title='bbox 953 4293 1040 4343; x_wconf 76' lang='grc' dir='ltr'><em>ταῦτα</em></span> <span class='ocrx_word' id='word_1_455' title='bbox 1058 4287 1073 4354; x_wconf 78' lang='grc' dir='ltr'><em>ἢ</em></span> <span class='ocrx_word' id='word_1_456' title='bbox 1092 4290 1137 4342; x_wconf 78' lang='grc' dir='ltr'><strong>καὶ</strong></span> <span class='ocrx_word' id='word_1_457' title='bbox 1154 4286 1250 4355; x_wconf 80' lang='grc' dir='ltr'><em>ἕτερον</em></span> <span class='ocrx_word' id='word_1_458' title='bbox 1266 4297 1302 4331; x_wconf 74' lang='lat' dir='ltr'><strong>rt·</strong></span> 
     </span>
     <span class='ocr_line' id='line_1_44' title="bbox 153 4347 1389 4443; baseline -0.02 -29"><span class='ocrx_word' id='word_1_459' title='bbox 153 4361 312 4433; x_wconf 80' lang='grc' dir='ltr'><strong><em>παρουσίαν</em></strong></span> <span class='ocrx_word' id='word_1_460' title='bbox 328 4365 378 4416; x_wconf 82' lang='lat' dir='ltr'><strong>rori</strong></span> <span class='ocrx_word' id='word_1_461' title='bbox 395 4365 527 4434; x_wconf 71' lang='grc' dir='ltr'><strong>σωτῆρος.</strong></span> <span class='ocrx_word' id='word_1_462' title='bbox 562 4368 654 4417; x_wconf 87' lang='lat' dir='ltr'><strong>ibidem</strong></span> <span class='ocrx_word' id='word_1_463' title='bbox 672 4365 745 4443; x_wconf 69' lang='lat' dir='ltr'><strong>iidem</strong></span> <span class='ocrx_word' id='word_1_464' title='bbox 828 4365 844 4412; x_wconf 90' lang='lat' dir='ltr'><strong>i.</strong></span> <span class='ocrx_word' id='word_1_465' title='bbox 863 4361 904 4412; x_wconf 89' lang='lat' dir='ltr'><strong>Sic</strong></span> <span class='ocrx_word' id='word_1_466' title='bbox 921 4361 1063 4424; x_wconf 76' lang='lat' dir='ltr'><strong>segnorieo.</strong></span> <span class='ocrx_word' id='word_1_467' title='bbox 1082 4363 1174 4416; x_wconf 81' lang='lat' dir='ltr'><strong>codor,</strong></span> <span class='ocrx_word' id='word_1_468' title='bbox 1200 4361 1225 4430; x_wconf 81' lang='lat' dir='ltr'><strong>nt</strong></span> <span class='ocrx_word' id='word_1_469' title='bbox 1243 4359 1267 4399; x_wconf 86' lang='lat' dir='ltr'><strong>et</strong></span> <span class='ocrx_word' id='word_1_470' title='bbox 1284 4347 1389 4442; x_wconf 52' lang='grc' dir='ltr'><strong>ῂαὴοιμῖ</strong></span> 
     </span>
     <span class='ocr_line' id='line_1_45' title="bbox 156 4411 1375 4516; baseline -0.015 -34"><span class='ocrx_word' id='word_1_471' title='bbox 156 4439 180 4482; x_wconf 85' lang='lat' dir='ltr'><strong>et</strong></span> <span class='ocrx_word' id='word_1_472' title='bbox 197 4435 253 4498; x_wconf 85' lang='lat' dir='ltr'><strong>lleg.</strong></span> <span class='ocrx_word' id='word_1_473' title='bbox 279 4449 308 4485; x_wconf 88' lang='lat' dir='ltr'><strong>ao</strong></span> <span class='ocrx_word' id='word_1_474' title='bbox 325 4433 399 4486; x_wconf 84' lang='lat' dir='ltr'><strong>liaril.</strong></span> <span class='ocrx_word' id='word_1_475' title='bbox 423 4443 446 4486; x_wconf 91' lang='lat' dir='ltr'><strong>et</strong></span> <span class='ocrx_word' id='word_1_476' title='bbox 463 4437 585 4516; x_wconf 62' lang='lat' dir='ltr'><strong>inplicari.</strong></span> <span class='ocrx_word' id='word_1_477' title='bbox 608 4425 668 4494; x_wconf 64' lang='grc' dir='ltr'><strong><em>ἢεί</em></strong></span> <span class='ocrx_word' id='word_1_478' title='bbox 685 4445 744 4490; x_wconf 73' lang='grc' dir='ltr'><strong>την.</strong></span> <span class='ocrx_word' id='word_1_479' title='bbox 796 4429 876 4480; x_wconf 82' lang='lat' dir='ltr'><strong>letor.</strong></span> <span class='ocrx_word' id='word_1_480' title='bbox 895 4429 982 4492; x_wconf 70' lang='lat' dir='ltr'><strong>copti.</strong></span> <span class='ocrx_word' id='word_1_481' title='bbox 999 4426 1112 4477; x_wconf 70' lang='lat' dir='ltr'><strong>veroid.</strong></span> <span class='ocrx_word' id='word_1_482' title='bbox 1148 4411 1299 4471; x_wconf 70' lang='lat' dir='ltr'><strong>autoretate</strong></span> <span class='ocrx_word' id='word_1_483' title='bbox 1315 4412 1375 4454; x_wconf 73' lang='lat' dir='ltr'><strong>⁰¹³¹l</strong></span> 
     </span>
    </p>
   </div>
   <div class='ocr_carea' id='block_1_4' title="bbox 154 4493 1187 4608">
    <p class='ocr_par' dir='ltr' id='par_1_5' title="bbox 154 4493 1187 4608">
     <span class='ocr_line' id='line_1_46' title="bbox 154 4493 1187 4608; baseline 0.031 -58"><span class='ocrx_word' id='word_1_484' title='bbox 154 4499 261 4554; x_wconf 74' lang='lat' dir='ltr'><strong>Feloim.</strong></span> <span class='ocrx_word' id='word_1_485' title='bbox 275 4502 300 4553; x_wconf 81' lang='lat' dir='ltr'><strong>b.</strong></span> <span class='ocrx_word' id='word_1_486' title='bbox 318 4501 458 4571; x_wconf 70' lang='grc' dir='ltr'><strong>σωτῆρος,</strong></span> <span class='ocrx_word' id='word_1_487' title='bbox 476 4517 516 4563; x_wconf 74' lang='grc' dir='ltr'><strong>ειη</strong></span> <span class='ocrx_word' id='word_1_488' title='bbox 535 4496 600 4566; x_wconf 65' lang='lat'><strong>”5⁹3</strong></span> <span class='ocrx_word' id='word_1_489' title='bbox 618 4499 744 4558; x_wconf 57' lang='grc' dir='ltr'><strong>ΝΜ]</strong></span> <span class='ocrx_word' id='word_1_490' title='bbox 797 4503 851 4546; x_wconf 65' lang='lat'>&#39;²¹⁰‘</span> <span class='ocrx_word' id='word_1_491' title='bbox 869 4493 959 4544; x_wconf 63' lang='lat'>&#39;⁰⁵¹⁰&#39;</span> <span class='ocrx_word' id='word_1_492' title='bbox 1133 4560 1187 4608; x_wconf 56' lang='grc' dir='ltr'><strong>ῃ.</strong></span> 
     </span>
    </p>
   </div>
   <div class='ocr_carea' id='block_1_5' title="bbox 0 0 1628 5048">
    <p class='ocr_par' dir='ltr' id='par_1_6' title="bbox 0 0 1628 5048">
     <span class='ocr_line' id='line_1_47' title="bbox 0 0 1628 5048; baseline 0 0"><span class='ocrx_word' id='word_1_493' title='bbox 0 0 1628 5048; x_wconf 95' lang='lat' dir='ltr'><strong> </strong></span> 
     </span>
    </p>
   </div>
  </div>
 </body>
</html>
