3102 5042
516 208 664 254 sersaoni
677 210 698 252 1.
720 211 757 253 ao
779 211 974 256 sanonicum.
1273 203 1335 266 673

116 366 171 428 sed
194 361 317 426 eosdem
340 359 377 420 de
399 359 511 439 Spiritu
534 370 636 422 sancto
658 378 747 440 prave
768 362 891 434 sentire,
911 364 1146 445 contendereque
1169 367 1249 430 illum
1274 387 1419 436 nocens.

114 475 228 531 tontum
252 481 315 525 rem
338 471 483 535 creatam,
512 461 566 522 sed
594 457 681 524 etiam
710 479 801 524 unum
829 481 864 524 ex
886 462 1069 526 administris
1092 467 1245 546 spiritibus
1268 489 1335 534 esse
1495 531 1498 538 .

115 570 240 648 soloque
261 564 364 645 gradu
381 563 418 624 ab
441 563 559 642 Angelis
588 563 718 624 differre.
762 563 799 624 Et
831 565 903 625 hoec
931 565 1068 629 simulata
1094 569 1213 648 quidem
1240 591 1338 652 pugna
1432 549 1435 558 Α

115 689 182 733 cum
204 667 338 740 Arianis,
368 664 421 727 sed
448 683 518 726 vcra
541 671 586 726 est
609 683 675 736 cum
697 663 745 744 pia
767 664 824 726 lide
846 667 977 728 certatio.
1020 668 1094 730 Nem
1115 679 1149 731 ut
1170 669 1210 732 illi
1231 671 1337 735 Filium

114 779 257 852 negantes
278 775 388 848 negant
414 774 444 828 et
469 767 603 840 Patrem,
631 767 672 827 ita
699 774 729 827 et
755 767 805 828 isti
832 767 951 848 indigna
973 769 1010 832 de
1032 769 1143 850 Spiritu
1164 782 1267 835 sancto
1288 775 1337 836 lo-

115 880 244 956 quentes
271 871 390 950 indigna
417 869 601 948 quoquede
622 867 697 928 Filio
728 867 887 948 loquantur
913 888 1037 932 necesse
1066 880 1121 934 est.
1163 875 1207 937 lta
1235 876 1338 940 ambae

114 977 185 1038 illae
206 981 301 1036 sectae
322 971 433 1034 bellum
454 969 570 1032 veritati
592 969 734 1032 indictum
756 969 896 1046 divisere,
926 979 959 1034 ut
986 972 1026 1035 illi
1055 983 1158 1036 contra
1179 977 1285 1040 Filium
1309 987 1339 1042 et

115 1077 168 1139 isti
189 1083 290 1138 contra
312 1074 455 1154 Spiritum
484 1079 619 1133 sanctum
647 1091 787 1152 perversa
816 1073 976 1135 sentientes
999 1074 1133 1138 eiusdem
1153 1077 1185 1138 in
1206 1088 1338 1142 sanctam

115 1179 290 1241 Trinitatem
319 1171 519 1255 blasphemiae
548 1172 636 1234 simul
662 1173 706 1236 rei
728 1174 797 1236 sint.
842 1174 913 1236 Cum
935 1175 1024 1255 igitur
1045 1177 1118 1238 haec
1138 1179 1337 1258 perspicerem
1363 1228 1364 1231 ,

112 1280 264 1359 multaque
285 1295 400 1340 mecum
423 1275 591 1355 cogitarem,
614 1275 644 1336 in
667 1293 783 1354 gravem
804 1276 893 1339 incidi
907 1276 1027 1352 luctum,
1049 1278 1128 1359 quod
1143 1278 1250 1342 iterum
1265 1281 1336 1344 hia-

113 1383 212 1445 bolus
224 1379 391 1443 ludificandi
413 1395 516 1440 ansam
538 1376 616 1457 opud
637 1376 705 1439 illos
727 1386 831 1440 nactus
854 1389 951 1455 esset,
982 1381 1032 1460 qui
1054 1381 1119 1443 eius
1140 1380 1285 1444 insaniem
1308 1392 1338 1445 ct
1430 1413 1434 1424 ·

115 1470 247 1546 imorem
267 1481 376 1544 imitari
397 1479 470 1540 nihil
492 1487 640 1540 verentur.
684 1479 760 1542 Hinc
788 1499 842 1559 ego
870 1482 928 1542 hoc
955 1482 1098 1562 temporis
1121 1483 1210 1545 silere
1231 1483 1335 1546 decre-

117 1603 224 1647 veram.
273 1583 481 1646 Verumtamen
512 1599 578 1643 cum
606 1589 640 1642 ut
667 1589 735 1643 tuae
763 1582 932 1654 Sanctitatis
962 1584 1163 1646 cohortationi
1192 1585 1336 1660 cederem,

115 1697 177 1748 tum
200 1693 232 1748 ut
251 1703 371 1766 pravam
393 1683 510 1746 illorum
533 1682 704 1764 opinionem
727 1691 757 1746 et
779 1685 937 1746 satanicam
955 1685 1105 1747 audaciam
1120 1686 1336 1766 propulsarem,

112 1788 160 1850 rix
182 1787 301 1850 tandem
323 1785 425 1867 paucis
448 1785 523 1846 hanc
544 1784 628 1864 potui
651 1785 783 1847 scribere
797 1785 971 1866 Epistolam,
994 1795 1027 1847 ut
1047 1796 1080 1848 tu
1098 1788 1252 1850 occasione
1266 1787 1335 1850 inde

111 1899 233 1970 accepta
254 1907 309 1969 pro
325 1877 381 1950 ¹tua
403 1905 460 1966 que
481 1885 576 1967 polles
598 1886 755 1967 prudentio
776 1906 819 1963 ea,
843 1907 917 1968 quae
940 1889 1054 1964 desunt,
1077 1889 1225 1970 suppleas,
1248 1900 1419 1971 etqueneo.

111 1992 189 2054 adeo
211 1990 298 2072 plene
319 1989 469 2052 refellatur
491 1989 581 2071 impia
602 1990 748 2052 haeresis.

198 2197 229 2258 2.
272 2194 375 2272 ltaque
403 2191 578 2253 Arianorum
608 2191 727 2270 quidem
759 2209 941 2270 nequequam
972 2191 1065 2252 aliena
1094 2181 1139 2253 e'st
1168 2191 1334 2254 huiuemddi

112 2295 272 2358 sententia.
316 2293 475 2372 Postquam
499 2293 577 2354 e'nim
599 2291 691 2354 semel
712 2293 766 2355 lici
788 2292 916 2354 Verbum
938 2310 1046 2372 negare
1068 2293 1132 2355 ausi
1156 2301 1240 2368 sunt,
1267 2312 1334 2356 me-

112 2398 173 2459 rito
197 2394 301 2456 eadem
323 2394 360 2454 de
382 2396 445 2455 eius
467 2395 579 2475 Spiritu
601 2395 691 2476 impie
713 2394 904 2457 mentiuntur.
951 2395 1095 2468 Quocirca
1112 2413 1169 2458 nec
1182 2396 1265 2477 plura
1280 2396 1334 2460 ad-

113 2514 222 2558 versus
244 2495 312 2556 illos
334 2493 430 2556 dicere
451 2513 574 2558 necesse
596 2503 650 2570 est,
673 2495 726 2558 sed
749 2497 819 2576 satis
843 2515 910 2586 esse
929 2495 1038 2558 debent
1059 2515 1134 2576 quae
1155 2505 1240 2560 antea
1261 2517 1335 2560 con-

114 2609 160 2660 tra
183 2598 269 2676 ipsos
293 2595 367 2658 dicta
389 2607 468 2660 sunt.
513 2598 600 2671 Quod
624 2607 721 2660 autem
743 2598 779 2660 ad
801 2598 867 2660 illos
891 2607 1012 2678 spectat,
1040 2600 1090 2679 qui
1112 2599 1182 2662 lalsa
1204 2599 1241 2660 de
1264 2599 1335 2678 Spi-
1405 2599 1409 2610 '

110 2700 170 2776 ritu
186 2708 290 2762 sancto
306 2707 438 2762 errantes
452 2700 619 2779 opinantur,
641 2701 715 2781 ipsis
732 2700 858 2780 quodam
873 2701 963 2762 modo
979 2700 1040 2762 sive
1055 2705 1177 2780 *tropo
1199 2698 1336 2762 utiidem

101 2802 285 2882 loquuntur,
308 2802 445 2863 convenit
466 2802 657 2882 respondere.
701 2802 773 2865 hlira
795 2803 873 2864 enim
894 2803 1027 2883 proiecto
1049 2801 1181 2864 videaon
1200 2801 1334 2882 ipsorum

117 2903 258 2975 amentia,
291 2902 370 2982 quod
397 2903 508 2966 scilicet
534 2903 571 2979 ii,
603 2904 653 2984 qui
674 2903 778 2968 Filium
800 2905 854 2967 liei
881 2924 946 2966 rem
974 2912 1100 2966 creatam
1129 2921 1198 2966 esse
1229 2897 1334 2964 nolunt

120 3003 189 3080 (qua
216 3004 332 3082 quidem
361 3004 446 3087 infre
467 3014 547 3067 recte
570 3006 729 3084 sentiunt),
761 3005 902 3086 Spiritum
925 3004 989 3067 Filii
1017 3023 1081 3066 rem
1110 3011 1235 3065 creatam
1265 3021 1333 3064 esse
1393 3085 1396 3088 Ι

119 3101 164 3164 vel
187 3103 272 3166 etiam
294 3105 396 3166 audire
417 3106 574 3186 patiantur.
619 3107 651 3168 Si
673 3108 751 3169 euim
780 3115 901 3188 propter
922 3105 1009 3166 Verbi
1039 3124 1105 3166 cum
1126 3104 1214 3166 Patre
1234 3104 1332 3165 unita-

114 3215 174 3267 tem
196 3205 302 3312 nolont
322 3205 429 3268 Filium
451 3225 517 3269 esse
540 3207 666 3270 erebus
688 3208 788 3283 lactis,
811 3209 879 3280 sed,
911 3206 991 3287 quod
1013 3205 1131 3285 quidem
1153 3201 1256 3269 reruni
1278 3214 1333 3282 est,

183 3423 199 3456 ⁴¹
216 3425 304 3490 ‘l'ropis
323 3427 435 3476 nimirum
454 3426 488 3476 illi
507 3436 531 3477 et
548 3429 696 3492 metaphoris
714 3428 874 3494 depravabant
892 3443 920 3476 eu
938 3441 1020 3478 sucree
1036 3427 1177 3490 scripturae
1195 3425 1262 3488 loce,
1281 3427 1335 3491 qai-

113 3493 446 3612 pppetppt'lppdppimsplipitum
471 3505 580 3547 sonetum
605 3497 740 3562 prohaheut
758 3497 832 3546 ileum
857 3511 926 3556 esse,
950 3497 1052 3560 hincque
1071 3495 1167 3560 Tropici
1192 3495 1247 3546 dicti
1270 3501 1333 3588 sont

112 3694 177 3744 Editi
197 3689 335 3745 dedam.
371 3698 599 3747 lbid.llasil.codex
617 3713 700 3748 mauo-
736 3730 740 3738 ·
783 3698 806 3747 d.
825 3697 880 3760 lter.
900 3697 923 3747 i.
942 3706 965 3747 et
982 3699 1080 3759 Segoer.
1098 3690 1251 3763 λειπόμενα.

113 3763 221 3826 scriptus
239 3765 307 3814 solue
324 3757 393 3834 πρὸς
409 3765 457 3826 τῆς
474 3757 609 3826 ἀληθείας.
784 3764 880 3826 celles.
899 3761 937 3828 [l]
951 3774 974 3815 et
993 3767 1091 3826 Separor.
1110 3756 1188 3829 ὀλίγα
1205 3757 1332 3830 προςήκει

150 3845 171 3881 c.
190 3831 217 3880 ln
236 3833 307 3881 editis
326 3841 348 3882 et
367 3835 390 3902 in
410 3835 552 3898 quibusdem
565 3835 699 3898 manuscri·
747 3827 940 3897 διερωτῶντας
957 3823 1055 3886 αὖτοὺς
1072 3824 1164 3883 εἰπεῖν.
1191 3832 1267 3886 lident
1279 3847 1334 3884 mox

112 3897 163 3962 ptis
197 3900 235 3948 hlc
267 3913 394 3964 perperam
428 3901 552 3963 legebatur
580 3899 699 3950 σιωπῶν.
750 3893 831 3953 εὐθύς
848 3909 903 3964 post
920 3891 1011 3953 ὄντος
1028 3901 1125 3950 addunt.

111 3965 200 4017 Verum
225 3967 290 4030 liegii
316 3969 386 4018 ambo
405 3972 514 4028 codices,
533 3970 622 4030 hnglic.
643 3971 699 4018 item
784 3970 801 4017 l.
837 3967 876 4017 Sic
900 3967 1335 4036 neptmguer.angliccobter.

112 4041 138 4082 et
155 4035 228 4085 basil.
246 4035 354 4098 σιωπᾷν
370 4045 434 4087 recte
453 4038 547 4086 hahent.
584 4035 635 4084 lior
656 4037 700 4085 cli·
752 4043 775 4085 et
793 4035 896 4085 b’elelm.
910 4036 933 4086 1.
970 4037 1047 4087 Ceteri
1072 4050 1127 4087 vero
1152 4044 1174 4084 et
1192 4036 1248 4084 editi
1266 4027 1336 4082 κατά

110 4103 155 4219 poi
174 4104 269 4154 codices
288 4119 341 4154 cum
360 4105 429 4154 editis
448 4096 696 4162 hahentdocc'cnroc,
750 4104 868 4154 omittunt.
910 4103 962 4154 idox
987 4105 1066 4154 Ottob.
1091 4097 1123 4152 τὸ
1150 4102 1257 4168 πνεῦμα
1286 4099 1335 4150 τοῦ

125 4164 191 4219 νικά
207 4183 243 4220 τε.
280 4173 336 4236 lleg.
353 4172 375 4221 l.
394 4175 492 4235 Seguer.
511 4173 582 4221 llusil.
602 4171 698 4224 Gohler.
749 4169 824 4220 θεοῦ.

111 4247 137 4288 et
154 4240 260 4290 Felclm.
281 4241 302 4290 i.
322 4241 411 4290 hahent
428 4235 606 4304 γνησιότητος
623 4231 699 4288 ἕνεκά
785 4253 807 4301 g.
826 4239 881 4301 lter.
894 4239 917 4290 2.
936 4231 1020 4288 αὐτὸν
1037 4227 1114 4288 εἶναι.
1154 4237 1231 4290 Ceteri
1246 4242 1269 4284 et
1279 4231 1335 4282 editi

109 4319 152 4372 γε.
187 4308 295 4359 Nunnius
320 4323 416 4372 quoque
438 4301 616 4374 γνηοιότηῐος
636 4309 700 4370 legit,
751 4293 821 4356 εἶναι
846 4308 965 4357 omittunt.
1009 4307 1099 4358 ibidem
1126 4309 1180 4368 lieu.
1197 4305 1218 4352 1.
1237 4302 1334 4376 Spem·

110 4389 169 4425 nam
193 4377 264 4426 vertit
292 4379 448 4442 sinceritotls3
475 4377 561 4430 tantilli
585 4377 699 4428 momenti
752 4374 841 4454 iopila.
858 4373 1003 4441 φρονοῦσιῚ
1041 4368 1334 4434 hliiteroetcditrppo·

109 4459 153 4494 res
171 4451 227 4494 est:
752 4455 867 4496 νοοντες.

151 4531 280 4576 traauasrr
292 4543 344 4578 οοο.
357 4543 431 4578 occu.
442 4544 491 4578 sea.
1100 4521 1133 4573 ⁴3
