3216 5048
557 245 666 290 ouran
682 245 702 290 r.
719 245 835 290 courut
850 245 984 292 monos
1317 237 1381 304 dli

151 399 252 464 dendo
280 405 311 461 et
338 394 547 460 deseendendo
573 395 759 474 ministrant,
789 397 826 460 de
847 397 922 461 Filio
950 407 1048 462 summ
1075 397 1163 462 dicit:
1195 401 1235 464 tto
1255 401 1469 469 odorentrsso.

152 519 220 566 um
242 517 344 564 omnes
366 496 552 578 tagaton.
596 497 723 578 Insuper
744 517 811 562 oum
824 498 928 580 Angeli
949 501 1129 578 ministrant,
1151 503 1250 566 aiunt:
1272 503 1384 570 blissus

151 620 219 666 sum
241 601 279 665 ad
299 607 340 680 te,
364 609 409 661 et:
431 597 576 660 Dominus
597 599 758 679 praecepit.
801 599 838 662 tt
856 600 958 676 Filius,
981 603 1050 666 lioet
1070 611 1103 668 ut
1125 603 1216 666 bomo
1239 605 1326 682 dieat,
1349 625 1385 672 sa

150 703 279 768 missum
301 719 372 764 esse
394 699 565 762 strauisse
587 699 625 762 sd
647 719 723 781 opus
745 701 958 780 perficiendum
983 711 1013 766 at
1033 705 1311 783 administrandum,
1334 711 1383 772 ta·

151 823 223 868 men
243 812 278 866 ut
298 801 428 864 Verbum
451 809 481 862 et
502 801 600 881 imago
622 800 678 864 ait:
707 801 769 880 ligo
791 807 824 864 in
845 803 938 865 Patre
961 815 990 866 et
1012 805 1105 871 Potor
1124 812 1157 872 in
1178 829 1224 872 sne
1246 819 1308 883 est,
1336 817 1382 874 et:

156 907 221 980 Qut
240 904 392 975 viditate,
416 902 539 966 Putrem
559 903 644 975 vitta,
668 910 713 965 et:
736 901 830 966 Peter
849 906 884 966 tn
903 922 949 965 ote
970 923 1096 970 monens
1109 911 1173 989 ipra
1186 911 1262 990 [neit
1278 930 1381 994 opero.

154 1007 230 1067 Nam
251 1022 326 1084 quae
348 1004 379 1066 in
400 1003 459 1066 ista
480 1003 618 1072 ridentur
638 1003 781 1084 imagine,
805 1021 839 1066 ea
860 1004 927 1085 ipss
950 1013 1022 1068 sunt
1040 1006 1138 1071 Patris
1160 1029 1260 1091 opera.
1302 1013 1384 1078 liaeo
1506 995 1512 1006 ’

154 1106 245 1185 igitur
265 1105 335 1168 satis
358 1112 429 1167 sunt
450 1105 487 1166 ad
508 1105 641 1168 veritatis
663 1105 767 1170 bostes
788 1105 903 1186 pudore
926 1107 1109 1170 alliciendos.
1154 1108 1293 1187 Quodsi,
1315 1115 1384 1194 quia

153 1197 297 1286 seriptum
320 1215 368 1268 est
385 1212 600 1288 praestantior
621 1209 734 1288 sortus,
757 1208 863 1270 nolunt
883 1209 960 1272 bano
980 1229 1084 1272 vooem
1105 1211 1211 1292 [aetna
1233 1211 1274 1273 ita
1294 1213 1383 1277 intel-

153 1307 205 1387 ligi
227 1308 264 1368 de
285 1305 378 1382 Filio,
408 1318 441 1370 ut
461 1307 542 1373 idem
563 1309 604 1371 sit
625 1328 660 1372 an
680 1311 706 1372 si
729 1309 878 1373 diceretur
898 1312 1003 1391 sertor
1026 1323 1071 1376 est
1093 1319 1124 1374 et
1144 1322 1207 1386 σοις
1235 1310 1282 1374 vet
1304 1315 1386 1392 quod

154 1407 221 1472 eius
243 1407 462 1472 administratio
484 1411 686 1489 praestantior
707 1409 772 1472 aliis
794 1411 870 1473 laeta
890 1411 996 1485 luerit,
1018 1412 1061 1474 uti
1083 1411 1227 1486 diximus,
1251 1411 1306 1475 sed
1327 1412 1473 1478 bonotto·

155 1527 192 1572 ex
212 1509 357 1572 vocabulo
379 1509 561 1572 arbitrantur
582 1512 690 1574 tamum
712 1510 770 1573 dini
792 1511 931 1586 Verbum,
954 1511 1028 1574 baec
1048 1512 1156 1575 iterum
1177 1512 1309 1576 breviter
1329 1531 1385 1578 au·

154 1609 246 1686 diant,
270 1609 508 1691 quandoquidem
532 1627 607 1690 quae
627 1631 718 1692 supra
740 1611 956 1692 disputavimus
977 1613 1035 1675 iam
1057 1621 1128 1676 suut
1148 1612 1251 1676 notu,

241 1915 292 1978 ot.
336 1911 369 1974 Si
390 1911 483 1976 Filius
506 1929 584 1975 unus
608 1930 642 1974 ex
664 1911 784 1991 Angelis
807 1924 871 1988 est,
900 1933 993 1994 aeque
1021 1914 1078 1994 ipsi
1099 1933 1134 1978 no
1153 1913 1212 1978 illis
1233 1914 1308 1977 baso
1328 1932 1387 1978 vox

155 2015 259 2094 laetus
281 2013 445 2088 conueniat,
468 2013 601 2094 nihilque
623 2023 728 2076 natura
750 2013 867 2076 abillis
890 2015 1023 2088 diderat3
1052 2031 1156 2078 rerum
1177 2015 1223 2076 vel
1245 2015 1304 2094 ipsi
1325 2015 1388 2079 sint

153 2113 206 2196 lilii
229 2115 274 2176 rel
294 2114 343 2176 ille
365 2115 406 2178 sit
426 2115 572 2195 Angelus,
595 2131 760 2193 omnesque
781 2115 892 2192 pariter
913 2116 949 2176 ad
971 2099 1230 2178 deuteraml‘atris
1252 2115 1387 2190 sedeant,

153 2215 199 2277 rel
222 2234 288 2278 oum
311 2215 451 2278 omnibus
473 2217 599 2278 assistat
619 2232 738 2295 quoque
766 2214 834 2294 ipsa
856 2214 948 2278 Filius
977 2223 1116 2294 tanqum
1143 2213 1267 2293 spiritus
1289 2213 1386 2275 admi-

149 2317 266 2390 nister,
288 2319 320 2381 in
342 2317 633 2380 administrationem
656 2323 689 2377 ut
710 2314 752 2375 illi
775 2315 898 2378 missus.
942 2316 979 2376 tt
1005 2333 1077 2376 vero
1100 2313 1128 2374 si
1149 2313 1258 2376 Paulus
1279 2312 1388 2375 Filium

155 2435 173 2478 a
195 2417 285 2480 rebus
307 2418 392 2478 iactis
414 2415 498 2480 bisne
519 2416 617 2478 verbis
640 2413 838 2478 disorimioat:
863 2415 920 2478 Cui
938 2419 1016 2478 enim
1031 2413 1214 2496 Angelorum
1236 2415 1314 2478 dotot't
1327 2433 1390 2478 on·

157 2535 265 2598 gnam:
293 2517 390 2581 Filius
411 2537 493 2601 ronta
517 2538 549 2581 aa
572 2516 630 2582 tei
656 2523 811 2597 praeterea
840 2516 867 2580 si
896 2516 1009 2582 eaelum
1035 2516 1085 2580 ille
1113 2525 1143 2578 at
1164 2523 1275 2580 terram
1296 2523 1387 2594 oreal,

157 2617 250 2698 bique
271 2617 308 2680 ab
331 2636 367 2680 eo
389 2619 472 2693 liunt,
497 2621 523 2682 si
545 2620 593 2682 ille
615 2639 682 2682 eum
704 2619 792 2682 Patre
813 2620 907 2693 sedet,
934 2618 966 2682 bi
987 2625 1085 2682 eutem
1107 2618 1311 2682 ministrantes
1333 2637 1387 2682 as-

157 2721 286 2796 sistunt3
313 2721 359 2783 oui
388 2739 449 2784 non
471 2722 660 2802 perspicuum
685 2730 748 2794 est,
770 2739 955 2802 nequaquam
978 2720 1014 2783 de
1035 2719 1124 2782 Verbi
1146 2719 1311 2783 substantia
1330 2737 1388 2781 ro·

157 2839 223 2883 nem
244 2824 347 2901 taetus
370 2821 493 2901 intelligi
516 2821 552 2884 ab
574 2821 728 2902 Apostolo,
752 2822 805 2884 sed
827 2822 865 2883 de
887 2821 1153 2894 administratione,
1176 2839 1251 2900 quaa
1269 2825 1391 2900 peraeta

158 2921 333 3002 peripsum
357 2921 426 2985 esti
456 2923 529 2984 Nam
553 2921 811 3001 quemadmodum,
834 2940 900 2984 cum
923 2931 1007 2984 esset
1026 2921 1163 2995 Verbum,
1189 2938 1259 2982 earo
1281 2922 1390 2982 laetum

158 3033 221 3096 est,
254 3021 294 3084 ita
322 3023 417 3084 taetus
445 3023 535 3086 bomo
564 3029 646 3084 tanto
669 3021 869 3101 praestantior
896 3023 927 3083 in
949 3019 1205 3084 administratione
1226 3021 1320 3082 laetus
1343 3025 1393 3080 ast

158 3121 294 3203 Angelis,
325 3131 466 3203 quantum
488 3123 566 3188 lilius
588 3143 605 3186 a
626 3121 723 3186 seruis
752 3130 782 3183 et
804 3121 904 3203 opiter
925 3121 962 3183 ab
985 3119 1126 3200 operibns
1149 3119 1259 3180 dillert.
1301 3117 1391 3180 [lesi-

157 3231 232 3286 naut
252 3225 351 3304 itaque
372 3243 477 3288 rocem
499 3227 603 3305 sottus
626 3224 663 3288 da
684 3233 790 3286 natura
811 3222 877 3286 Filii
899 3220 1105 3301 interpretari,
1127 3217 1285 3282 nonenim
1307 3225 1393 3281 este

156 3324 250 3388 rebus
273 3326 374 3401 laetis3
397 3327 450 3389 sed
472 3334 637 3408 agnoscant
657 3327 717 3388 boe
737 3324 881 3388 vocabulo
903 3327 1006 3405 sottus
1028 3325 1134 3386 laeam
1155 3317 1315 3401 significari
1336 3318 1391 3382 ad-

158 3425 410 3492 ministrationem
433 3436 464 3490 et
484 3429 749 3510 dispensationem.
794 3425 953 3501 Quomodo
965 3432 1068 3488 antem
1083 3420 1284 3504 praestantior
1297 3421 1392 3484 laents

193 3661 215 3710 g.
234 3647 275 3698 Sie
293 3649 393 3706 Segner.
411 3649 451 3712 qni
471 3663 525 3699 mox
542 3664 596 3699 eum
615 3647 750 3700 Gabienet
836 3647 853 3698 l.
872 3646 913 3697 Sin
930 3645 1029 3708 Seguer.
1048 3651 1072 3694 et
1089 3643 1147 3706 lleg.
1183 3641 1262 3694 Ceteri
1278 3647 1393 3692 tutemet

157 3715 300 3764 liniebant.
318 3707 358 3764 ἐπ’
379 3707 462 3780 adegi
492 3717 536 3767 liii
554 3724 578 3767 et
595 3715 652 3766 editi
670 3708 750 3764 ἔσται
801 3711 934 3765 editirtir
952 3713 1070 3763 omittunt
1106 3711 1159 3760 llox
1177 3723 1235 3760 mss.
1250 3701 1296 3756 καὶ
1314 3720 1395 3761 noros·

155 3775 205 3830 καὶ
222 3772 262 3830 ln'
283 3773 376 3833 αὐτοῦ.
411 3783 487 3834 Panlo
505 3775 751 3849 pottSegner.ttorro⁸t
801 3778 862 3849 μέν.
896 3781 959 3832 liditi
976 3773 1023 3828 sat
1040 3769 1122 3831 adad?
1137 3771 1197 3842 μέν.

157 3843 255 3916 (iiim
837 3880 870 3916 nr.
890 3865 989 3928 Seguer.
1005 3856 1240 3931 uenerandumne.

158 3917 404 4036 inhaliisicaf‘gdt‘tis
418 3916 752 4046 {eistetihllliicffsignessr‘
839 3973 863 4008 ¹¹·
882 3957 923 4008 si⁰
940 3958 1039 4020 ⁸⁰⁸⁰⁰¹¹
1074 3953 1103 4004 Μ
1121 3953 1161 4004 'm
1180 3945 1394 4018 mmmm·

159 4052 259 4104 anler.
278 4059 302 4100 et
320 4051 457 4102 latebroso.
473 4054 495 4104 l.
513 4047 560 4102 καὶ
577 4035 662 4101 οὗτοι.
691 4051 754 4100 ilditl
838 4066 862 4102 o.
880 4046 981 4110 Segner.
1005 4037 1111 4096 duitor
1135 4037 1235 4102 teuc,
1253 4041 1299 4096 arai
1317 4037 1331 4093 ὅ
1348 4039 1397 4106 dp·

158 4118 249 4182 aliique
265 4112 312 4168 eat
323 4109 411 4170 edroi.
430 4120 505 4172 l’snlo
516 4119 654 4186 postltasil.
665 4130 753 4184 naga·
802 4109 938 4185 μισυργὸς
954 4116 1011 4164 τῶν
1029 4109 1298 4181 δημωυργσυμένων.
1321 4113 1395 4164 Basil.

159 4182 389 4244 autesiodorum
805 4194 830 4236 et
846 4185 937 4246 tnglie.
948 4177 1233 4262 δεδημιουργημένων.
1254 4180 1358 4232 tetntn.
1370 4179 1397 4230 d.

196 4256 211 4304 i.
236 4257 337 4316 Segnar.
364 4256 423 4319 lleg.
446 4261 471 4308 et
494 4255 599 4308 toletan.
618 4255 642 4308 n.
665 4267 754 4321 παρα·
805 4253 893 4314 sttleg.
906 4245 1165 4319 daptwveyww·
1192 4243 1397 4314 Ettttdpptoop-

159 4317 292 4382 στηκέτω.
805 4315 947 4386 Υσμῖνωνς
967 4321 1091 4370 mendosa.
1126 4316 1187 4367 ibid.
1201 4317 1302 4378 Seguer.
1324 4313 1395 4390 tipbl.

196 4391 219 4440 lt.
238 4391 280 4442 Sic
294 4389 436 4454 Sagoerlrn.
454 4392 553 4443 Gablsr.
572 4399 597 4443 et
613 4391 719 4442 rernm.
731 4393 755 4440 1.
806 4397 832 4438 st
855 4388 959 4438 Felobrn.
981 4387 1002 4436 l.
1027 4375 1246 4436 παυσάσθωσαν.
1288 4379 1351 4430 Edttt
1373 4385 1400 4428 st

162 4453 209 4507 Alii
227 4467 253 4510 et
269 4459 327 4510 editt
346 4453 395 4514 stc
411 4452 522 4512 ἐκείνων
539 4451 646 4526 ὁμοίας.
807 4455 849 4504 alii
865 4447 1059 4504 amaturae.
