2872 5046
387 206 531 250 orrsrouo
548 207 584 250 eo
600 207 779 251 sorcrsrorr.
1129 197 1189 261 843

16 359 65 420 oti.
114 357 191 420 Cum
218 353 378 417 concordia
407 356 486 418 euim
517 355 738 431 discesserunt,
768 357 835 438 piae
864 368 894 421 et
916 359 1099 424 orthodoxae
1120 363 1275 426 fideiuoro.

16 459 154 522 iessione
181 457 261 519 inter
289 475 322 519 se
351 457 504 518 conciliata
526 476 609 538 pace.
652 458 694 520 Ea
716 469 796 522 oerte
818 479 868 522 res
890 480 938 523 mo
960 461 1084 526 multum
1106 465 1191 544 prius

16 563 174 623 berantem
196 558 232 621 ad
254 559 328 621 haec
348 576 441 638 pauca
464 558 621 621 scribendo
643 561 800 641 compulit3
822 562 1040 626 verebarerrim
1060 566 1191 627 neforto

18 661 224 725 taciturnitate
251 677 307 740 pro
330 660 437 740 gaudio
460 660 580 722 tristitia
604 660 662 722 illis
685 662 871 738 oboriretur,
900 663 951 744 qui
973 683 1010 727 ex
1031 666 1189 728 concordia
1277 663 1285 674 '

17 765 44 826 is
69 781 193 826 causam
215 762 342 825 laetitiae
364 759 599 843 suppeditarunt.
644 761 728 842 Rogo
750 763 839 843 igitur
861 771 941 826 tuam
962 765 1102 844 pietatem
1124 767 1189 846 pri-

16 885 47 938 n,
74 865 211 926 seoundo
234 864 406 938 auditores,
429 871 463 926 ut
484 864 558 926 haeo
579 883 645 926 oum
667 863 746 926 bona
768 865 951 927 conscientia
971 867 1135 947 recipiatis,
1160 876 1190 929 et

16 967 86 1046 {uid
117 967 265 1047 apietate
288 965 448 1038 deficiunt,
482 966 553 1029 iilud
576 965 731 1047 corrigatis
756 966 887 1047 mihique
909 965 1055 1030 indicetis.
1100 968 1188 1040 Quod

16 1076 111 1150 rtpoto
134 1069 172 1130 ah
195 1067 316 1132 homine
338 1067 478 1150 imperito
501 1085 563 1130 nou
584 1086 640 1148 pro
664 1068 805 1148 dignitate
825 1067 870 1130 roi
891 1085 947 1129 nec
968 1067 1041 1129 satis
1056 1077 1191 1131 accurate

34 1171 210 1251 conscripta
235 1171 306 1242 sint,
331 1170 446 1232 veniam
468 1171 545 1238 detis
568 1187 675 1234 omnes
696 1177 818 1232 nostrae
840 1169 872 1231 in
894 1169 1019 1232 dicendo
1035 1167 1190 1230 imbecilli-

62 1272 165 1336 Saluta
188 1291 292 1336 omnes
315 1272 366 1354 qui
388 1282 485 1336 tecum
508 1282 580 1336 sunt
595 1273 725 1336 Fratres.
770 1272 813 1334 To
838 1289 943 1334 omnes
966 1271 1016 1350 qui
1032 1270 1189 1332 nobiscum

16 1383 28 1436 t
50 1375 194 1438 salutant.
239 1375 344 1438 Salvus
368 1376 398 1437 in
413 1375 542 1438 Domino
564 1376 656 1450 vivas,
680 1375 785 1437 dilecte
808 1382 839 1436 et
860 1392 930 1436 vero
952 1371 1148 1454 optatissime.

34 1725 122 1828 Epioe.
143 1763 550 1828 sotter.1es.Seguer.ooyvo-
602 1755 729 1829 πάντας].
775 1763 865 1814 ibidem
894 1765 940 1829 ipsi
970 1761 1084 1814 omittunt
1110 1773 1190 1827 noos·

38 1829 98 1895 [sie]
124 1823 197 1898 ἔχειν
220 1823 325 1886 πάντας
349 1829 447 1896 [Epiph.
470 1839 550 1882 tomen
640 1827 717 1900 όρευε
735 1839 795 1888 oto..
820 1845 922 1897 quorum
941 1832 995 1883 ioeo
1013 1829 1099 1893 Epiph.
1118 1829 1190 1879 hahet

16 1907 28 1948 t
53 1907 78 1950 ot
103 1914 178 1964 sopra
202 1901 226 1952 io
255 1907 365 1951 contexto
390 1897 547 1964 omnim
598 1891 722 1966 ἔρωσθε
739 1907 841 1952 tontum.
