3220 5046
594 261 885 316 sermomonem
897 269 1035 321 munos.
1342 273 1405 334 411

180 407 264 472 Nori
282 421 476 492 memorque
496 425 657 490 mmet,
678 437 754 500 quos
775 439 838 486 son
854 423 1016 490 eoem
1032 439 1140 508 petrei
1153 449 1270 496 eom
1304 435 1494 515 brunnen.

176 514 234 590 pn·
254 521 283 574 te
303 515 415 592 penori,
440 513 637 596 dereliquisti.

264 723 315 786 59.
361 719 440 781 Dens
468 718 548 786 enim
575 737 637 780 oon
663 729 777 784 tentum
805 725 941 788 homines
974 732 1099 806 creent,
1133 734 1189 797 sed
1216 715 1304 800 etiem
1325 737 1405 800 tilios

175 823 307 896 vocavit,
341 831 480 900 tenqum
509 819 536 881 si
565 819 634 882 illes
661 825 824 902 genuisset.
867 823 942 888 Nem
971 847 1026 892 rex
1046 839 1148 921 penest
1168 837 1260 900 titium
1283 839 1403 914 indicet

173 922 222 984 uti
242 941 298 1004 per
318 923 497 1004 Propbetem
527 921 612 984 dicit:
645 925 740 988 nuos
767 930 860 1006 perorsi
879 936 909 990 et
928 929 1075 994 enuituoi.
1119 936 1265 1008 Quouirm
1285 943 1403 1021 quoties

171 1025 331 1106 'Scriptura
353 1026 389 1087 de
412 1025 472 1086 tilio
488 1024 628 1104 loquitur,
649 1043 713 1088 non
726 1043 830 1089 rorem
847 1034 951 1091 cressi
963 1039 1095 1110 usurpet,
1118 1035 1172 1096 sed
1187 1055 1288 1102 romu
1303 1047 1402 1122 punt.

170 1127 209 1189 td
231 1129 347 1191 ridetur
366 1129 494 1190 Iunones
516 1126 564 1224 bis
586 1127 686 1190 verbis
714 1129 897 1208 signiticaret
931 1131 1023 1202 Dedit
1050 1137 1092 1196 eir
1118 1147 1300 1216 petreusem
1319 1145 1402 1224 filies

173 1229 236 1292 ssei
259 1231 344 1311 fieri,
378 1230 424 1291 bis
453 1233 506 1309 pei
523 1230 654 1292 erederet
674 1235 708 1294 bt
728 1247 837 1293 nomen
862 1235 945 1305 eries,
979 1237 1033 1316 qui
1060 1253 1123 1298 noe
1145 1255 1185 1298 ee
1204 1245 1402 1319 nemeseus

168 1341 269 1410 nepes
292 1349 331 1392 ezr
352 1329 509 1392 notenteee
532 1334 634 1392 mmsis
656 1347 751 1414 nepte
772 1349 811 1394 ee
831 1332 990 1396 volontate
1010 1340 1081 1408 uin',
1105 1339 1157 1402 sed
1178 1357 1218 1402 en
1231 1339 1297 1404 Deo
1310 1347 1407 1423 pertiti

173 1445 278 1503 seren.
298 1449 373 1510 quse
401 1431 488 1493 verbs
511 1450 528 1492 e
549 1449 583 1492 re
601 1433 695 1493 inerit
717 1431 889 1496 observare.
934 1435 1089 1516 Siquidem
1110 1439 1233 1506 verbnm
1255 1443 1330 1524 fieri
1348 1443 1402 1506 ed-

168 1531 267 1604 in'bet,
291 1532 358 1612 quis
381 1551 442 1593 non
464 1540 568 1595 nutura
589 1534 642 1595 sed
659 1535 821 1614 adoptione
835 1536 888 1598 mii
902 1557 971 1600 esee
987 1539 1135 1615 dicentur,
1159 1541 1288 1606 diutione
1303 1553 1402 1608 sutem

168 1635 268 1713 'pertin'
287 1643 362 1696 eunt
380 1637 455 1696 usius
477 1643 581 1714 poetes
610 1643 674 1709 eet,
705 1637 772 1716 quie
801 1639 843 1700 itti
865 1655 984 1720 quoque
1005 1659 1114 1706 nomen
1138 1643 1191 1705 iiiii
1212 1657 1400 1726 seneperunt

166 1732 231 1797 seu
252 1735 398 1816 populus,
427 1741 460 1798 ut
480 1737 521 1796 eit
541 1736 707 1818 Propheta,
729 1740 837 1819 reputit
857 1742 1087 1807 benefactorem.
1130 1745 1212 1808 ilaec
1232 1757 1279 1810 est
1300 1757 1398 1812 autem

159 1835 221 1900 net
248 1837 431 1916 benignitas,
460 1839 539 1918 quod
562 1857 689 1919 quornm
712 1841 835 1904 effector
862 1853 922 1918 est,
955 1845 1062 1908 borum
1086 1849 1174 1910 etiem
1196 1857 1282 1927 peter
1303 1850 1396 1930 gestit

167 1947 273 2018 postea
295 1939 355 2011 tint,
378 1939 458 2018 quod
481 1947 551 2001 tuno
572 1941 725 2020 eontingit,
748 1962 814 2005 oum
837 1946 927 2008 ereeti
948 1947 1097 2023 homines,
1120 1958 1154 2011 ut
1168 1949 1395 2029 sitbpostoius,

165 2037 320 2120 Spiritum
340 2039 405 2102 eim
428 2041 492 2104 eius
516 2043 695 2105 elementem
710 2045 792 2106 ibbo
807 2045 900 2108 Peter
922 2047 952 2106 in
975 2049 1039 2111 suis
1061 2050 1200 2111 cordibus
1217 2052 1395 2128 suscipiunt.

165 2139 203 2203 fli
226 2159 317 2221 porro
347 2151 431 2216 sunt,
465 2144 515 2222 qui
544 2151 688 2222 suscepto
710 2144 809 2204 Verbo
828 2153 1008 2223 potestatem
1031 2145 1067 2206 sb
1090 2165 1126 2208 ee
1149 2163 1290 2225 senepere
1311 2151 1395 2229 filies

166 2241 225 2305 Dei
243 2243 323 2325 pieri.
367 2243 428 2303 Nee
450 2244 529 2303 enim
553 2243 610 2303 elio
633 2242 723 2302 modo
746 2243 797 2302 tilii
820 2252 950 2321 possunt
970 2244 1045 2314 fleri,
1069 2261 1136 2304 eum
1159 2261 1195 2304 ex
1216 2253 1319 2306 nature
1342 2267 1395 2308 sne

167 2345 227 2406 sint
248 2345 349 2417 urenti,
372 2343 432 2404 nisi
453 2343 598 2422 Spiritum
622 2342 698 2416 eius,
721 2343 771 2421 qui
793 2339 934 2402 naturalis
957 2351 987 2403 et
1008 2359 1097 2402 serus
1120 2351 1167 2402 est
1181 2343 1284 2416 Filius,
1308 2363 1394 2410 eece-

160 2447 271 2526 perint.
315 2443 407 2518 Quod
429 2452 462 2505 nt
482 2444 576 2516 tieret,
599 2442 728 2506 Verbum
751 2461 820 2504 euro
843 2443 952 2504 tactum
974 2451 1032 2516 eet,
1057 2449 1090 2504 ut
1111 2441 1263 2504 bominem
1285 2443 1322 2513 ed
1344 2445 1392 2507 di-

160 2547 314 2610 vinitatem
346 2545 544 2626 recipiendam
578 2544 718 2606 idoneum
749 2535 896 2606 redderet.
940 2543 1072 2606 Eandem
1106 2543 1183 2606 hene
1215 2547 1390 2610 sententiam

155 2650 231 2713 ticet
254 2649 369 2711 discere
393 2667 427 2711 ex
449 2647 589 2710 bieienhie
611 2647 759 2730 Propheta
788 2648 827 2708 ite
856 2647 1012 2726 loquente:
1046 2645 1197 2728 Numquid
1224 2665 1286 2710 reon
1307 2649 1391 2712 Deus

163 2771 244 2814 unes
271 2755 384 2813 creavit
405 2749 486 2814 vos?
521 2749 672 2832 Numquid
692 2768 756 2812 oon
774 2759 867 2830 poter
889 2767 970 2811 unus
993 2751 1124 2811 ommni
1146 2748 1306 2812 vertant?
1336 2749 1391 2812 iiie

163 2854 243 2916 enim
264 2853 392 2931 primum
415 2851 519 2931 posuit
541 2855 664 2921 creauit,
687 2850 794 2911 deinde
813 2861 914 2928 poter,
938 2859 969 2912 ut
990 2865 1098 2928 nempe
1120 2849 1309 2922 ostenderet,
1330 2870 1389 2913 nos

162 2972 178 3016 a
201 2951 348 3031 principio
371 2953 473 3009 nature
494 2959 611 3009 erentes
634 2967 712 3022 esse,
734 2949 886 3028 Deumque
908 2959 1071 3012 creatorem
1093 2961 1231 3014 nestrum
1253 2971 1320 3014 esse
1334 2971 1389 3032 per

161 3051 302 3122 Verbum,
321 3057 429 3129 postea
452 3065 522 3108 roro
544 3067 600 3108 nos
623 3047 701 3110 iiiios
723 3049 889 3130 adoptione¹
905 3049 991 3126 effici,
1014 3059 1134 3132 tumque
1155 3051 1248 3114 [ioum
1270 3063 1386 3114 cresto-

161 3169 226 3214 rem
248 3157 385 3213 nestrum
408 3149 494 3211 etiem
517 3149 580 3211 iteri
601 3157 726 3229 petrem.
769 3151 871 3232 {teque
892 3151 981 3214 Peter
1001 3153 1140 3233 proprius
1164 3163 1211 3215 eet
1232 3149 1308 3226 Filii,
1331 3171 1387 3214 nee

159 3253 269 3335 aliquid
291 3259 420 3314 ereetum
443 3251 496 3313 sed
518 3237 610 3313 Filius
633 3261 681 3314 eet
701 3269 818 3332 quoque
839 3252 937 3314 Petris
959 3255 1111 3333 proprius.
1149 3253 1294 3328 Quouiree
1315 3251 1385 3314 inde

156 3402 211 3457 καί.
247 3407 297 3456 btox
315 3409 415 3470 sepner.
434 3413 458 3454 et
476 3405 579 3456 Frictio.
599 3405 624 3456 t.
644 3399 745 3472 τὸμὲν
795 3401 867 3472 λίσῃ,
900 3407 993 3456 ibidem
1019 3422 1104 3456 omnes
1130 3421 1187 3456 mss.
1215 3399 1317 3466 ταύτην
1334 3400 1385 3466 τὴν
1426 3454 1432 3462 ,

154 3467 211 3540 γὰρ
228 3471 365 3539 γενέσθαι.
402 3473 479 3523 Editio
505 3473 622 3524 Contmet
651 3484 674 3524 et
703 3473 743 3524 etii
796 3469 928 3523 διάνοιαν.
965 3475 1027 3524 Editi
1045 3467 1148 3534 veiens
1165 3467 1299 3525 διάνοιαν.
1324 3475 1382 3526 item

157 3557 216 3593 mss.
235 3537 266 3590 rb
283 3539 335 3608 pir
351 3537 489 3607 γενέσθαι.
794 3543 851 3592 ibid.
870 3541 941 3593 Gobi.
966 3551 990 3592 et
1012 3541 1117 3592 nereum.
1139 3547 1160 3592 1.
1177 3537 1223 3590 eoi
1240 3538 1385 3610 renuptae

190 3625 210 3662 e.
229 3613 270 3661 Sie
283 3611 382 3672 Seguer.
394 3611 450 3670 tieg-
465 3609 537 3659 anit.
555 3615 579 3658 et
597 3609 701 3660 Fetokm.
717 3609 741 3659 4.
794 3602 926 3666 διδάσκει,
947 3601 1015 3675 οὐχί,
1053 3610 1126 3660 tidem
1146 3609 1234 3660 ibidem
1246 3619 1269 3660 et
1281 3612 1383 3673 Seguer.

154 3679 182 3729 n
200 3680 239 3729 eui
259 3687 283 3727 o
301 3679 374 3728 uetito
393 3677 509 3726 comme.
528 3665 621 3727 aeros.
793 3679 851 3741 neg.
876 3679 949 3729 esest.
974 3685 998 3728 et
1021 3677 1110 3739 regite.
1129 3664 1167 3730 ete
1184 3687 1240 3743 pest
1255 3671 1321 3732 sete
1339 3679 1382 3728 ne-

187 3747 205 3796 i.
223 3747 264 3796 Sis
281 3745 381 3808 Seguer.
399 3743 456 3804 fleg·
478 3743 574 3793 Gobier.
593 3745 697 3794 Fetekm.
719 3743 740 3794 1.
792 3747 861 3806 dent,
879 3745 919 3796 etii
937 3753 961 3796 et
978 3745 1034 3795 editi
1054 3747 1173 3796 omittunt.
1210 3747 1268 3796 ibid.
1281 3749 1381 3808 Sepuer.

154 3821 177 3864 et
195 3815 218 3864 b.
255 3814 316 3864 Editi
340 3827 396 3862 rere
420 3818 444 3859 et
467 3811 506 3858 etii
530 3801 653 3869 αὖτὴδέ.
689 3811 741 3860 uox
792 3813 974 3874 basibensiie.
999 3805 1283 3880 ereetumrdprtc.
1319 3815 1381 3863 Editi

152 3881 252 3960 sepner.
280 3881 378 3932 Gobter.
405 3886 429 3926 et
456 3877 558 3926 Feteim.
580 3878 601 3928 1.
629 3878 741 3927 omittunt
793 3887 816 3929 et
834 3881 874 3928 etii
893 3873 970 3944 ἡμᾶς.
1007 3881 1104 3930 Gobter.
1124 3889 1147 3930 et
1165 3880 1303 3930 isiciumt.
1323 3882 1380 3931 ibid.

151 3961 198 3996 xes
214 3940 314 4014 πατήρ.
617 3989 624 4000 ,
792 3939 878 4010 ἡμῶν.
913 3947 992 3996 Ceteri
1005 3955 1029 3996 et
1041 3948 1098 3998 editi
1115 3937 1202 4014 iper.
1230 3949 1281 3999 ttox
1298 3941 1382 3996 πάλιν

185 4031 207 4078 p.
226 4017 267 4066 Sic
285 4019 384 4079 Seguer.
403 4019 426 4062 et
444 4009 547 4060 nstrum.
562 4009 587 4058 4.
621 4010 650 4058 tt
668 4009 740 4060 Bosii.
792 4015 861 4062 deest
878 4015 901 4062 in
920 4015 1019 4076 Segner.
1039 4023 1062 4064 et
1080 4015 1184 4066 Fetckm.
1202 4015 1226 4066 4.

149 4083 240 4146 tegite
259 4091 283 4134 et
301 4085 356 4145 itsg.
376 4077 425 4129 roei
443 4069 504 4126 vioe
520 4070 626 4142 κρᾶζον.
653 4077 699 4125 etii
717 4085 741 4127 et
825 4081 848 4130 i.
867 4079 907 4130 Sic
924 4081 1024 4142 sepner.
1043 4081 1380 4146 nepeeettsngueruct-

151 4151 209 4201 editi
226 4149 275 4199 τοῦ
293 4147 361 4200 θεοῦ
377 4139 486 4215 κράζων.
792 4147 905 4197 mannii.
925 4157 948 4197 et
965 4149 989 4199 b.
1024 4149 1053 4199 tt
1069 4151 1110 4200 eiii
1129 4160 1153 4201 et
1171 4151 1244 4202 editio
1260 4151 1379 4201 Commet.

184 4217 208 4268 b.
227 4221 267 4269 Sic
284 4219 424 4282 septenne.
444 4213 541 4266 Gobier.
557 4221 578 4262 et
593 4211 699 4262 isirin.
717 4209 737 4262 i.
789 4207 836 4262 eei
853 4207 930 4278 arieti.

110 4335 115 4344 ,
148 4283 211 4335 Editi
230 4301 285 4336 vero
305 4295 328 4336 et
344 4285 384 4336 eiii
402 4275 487 4335 ἄλλως
504 4275 533 4330 δὲ
552 4271 600 4329 oe'rrr
618 4271 659 4328 ἄν.
823 4285 839 4332 Ι.
858 4283 931 4333 desit.
950 4275 1049 4336 ἀΐδιον.
1085 4285 1176 4336 ibidem
1196 4283 1295 4362 sepner.
1307 4283 1376 4346 topi.

183 4354 199 4404 i.
218 4355 258 4405 Sic
276 4355 375 4418 sepner.
394 4352 491 4402 Gobter.
508 4351 613 4399 Fetotim.
635 4348 657 4398 t.
673 4355 696 4397 et
711 4347 736 4398 4.
788 4357 811 4399 et
830 4351 933 4402 Feietm.
953 4351 976 4402 4.
996 4353 1086 4404 addunt
1102 4347 1148 4402 καὶ
1166 4343 1197 4400 οὗ
1216 4365 1248 4400 re
1263 4345 1375 4416 etiope,

149 4415 212 4470 Editi
231 4435 285 4471 uero
297 4430 320 4470 et
331 4421 371 4470 eiii
384 4409 430 4468 ivn
447 4413 478 4466 τὸ
498 4407 678 4484 ἀνθρώπινον
694 4409 736 4466 δε·
788 4408 853 4466 itte
876 4413 907 4467 ed
931 4412 990 4473 uide
1012 4417 1061 4468 τοῦ
1078 4412 1183 4484 πατρός
1199 4411 1275 4468 ἔστιν
1293 4411 1374 4474 ἴδιον,

145 4483 242 4536 noxie
264 4481 395 4548 dedentes
411 4482 526 4554 neiron,
549 4479 595 4534 eal
612 4477 674 4534 υἱὸν
689 4495 735 4531 κα·
790 4501 851 4552 qnee
869 4487 893 4539 in
912 4489 966 4540 niis
985 4496 1009 4539 et
1026 4489 1097 4539 editis
1112 4487 1288 4537 desiderentur.
