3174 5082
271 323 313 388 36
672 333 698 378 ε.
713 333 867 378 numen
882 333 1102 380 ιιιιιιιιινιεοονι

119 509 126 516 ·
184 503 259 550 νυν.
269 485 471 575 θελήσουσιν
495 477 685 550 ἀντιθεῖναι
704 481 749 568 μὴ
771 481 993 568 γινώσκοντες.
1029 477 1191 566 οῦδαμῦς.
1225 475 1347 566 οὐγὰρ
1370 475 1418 559 ώς
1438 479 1502 548 ι’ίν-

267 595 414 676 θρωπος
436 581 454 650 5
476 583 569 665 θεός,
593 583 667 651 ἐπεί
688 583 788 672 ιῑμηδὲ
810 583 844 650 σί
865 581 1046 670 ἅνθρωποι
1068 578 1113 662 ώς
1136 577 1155 648 5
1175 580 1267 660 θεός.
1306 580 1339 648 σί
1358 581 1501 668 μὲνγὰρ

190 723 194 732 ·
269 691 306 771 ἐξ
325 685 406 775 ῦλης
426 688 480 752 καί
502 683 622 774 ταύτης
644 682 743 773 οῦοης
764 689 955 773 παθητικῆς
977 682 1188 772 ἐκτίσθησαν,
1212 678 1284 750 όδὲ
1298 681 1381 762 θεὸς
1396 680 1501 762 ῦῦλσς

269 793 324 858 καί
349 784 534 873 όσώματος.
580 787 609 855 εἰ
631 786 668 853 δὲ
689 786 725 853 αλ
747 781 842 853 αῦταί
866 788 969 867 λέξεις
991 787 1048 854 ἐπί
1069 789 1154 854 θεοῦ
1175 787 1231 852 καί
1246 779 1441 871 ἀνθρώπων
1464 783 1501 850 ἓν

270 901 348 970 ταῖς
368 896 481 969 θείαις
502 891 586 958 ποτὲ
606 897 732 955 κεῖνται
745 898 899 977 γραφαῖς,
917 883 986 955 ἄλλ’
1004 885 1196 974 ἀνθρώπων
1212 885 1282 954 ἐστί
1299 875 1501 971 διορατικιῦν

273 987 319 1070 ώς
348 990 563 1080 παρήγγειλεν
591 985 782 1071 όΠαῦλος,
812 995 984 1075 προςόχειν
1011 993 1051 1078 τῇ
1073 984 1302 1075 άνογνώσεώ),
1330 989 1384 1053 καί
1409 983 1501 1053 σῦτω

273 1093 458 1180 διακρίνειν,
480 1091 633 1160 καὶκατὰ
654 1092 714 1180 τὴν
736 1089 875 1158 ἑκάστου
897 1093 963 1159 τῶν
986 1096 1235 1178 σημαινομένων
1258 1087 1359 1176 φύσιν
1380 1087 1424 1154 τά
1444 1111 1501 1173 γε-

249 1197 438 1282 Ιγραμμόνα
460 1192 697 1280 διαγινώσκειν,
719 1195 774 1262 καί
796 1193 841 1279 μὴ
864 1196 1009 1278 συγχέειν
1030 1193 1089 1281 τὴν
1104 1191 1265 1270 διάνοιαν,
1282 1185 1368 1257 ῶστε
1382 1188 1426 1255 τὰ
1438 1193 1501 1255 τοῦ

270 1299 355 1366 θεοῦ
375 1295 421 1384 μὴ
444 1291 670 1383 ἀνθρωπίνως
691 1305 789 1376 νοεῖν,
812 1294 896 1382 μηδὲ
917 1292 960 1362 τὰ
973 1295 1040 1361 τῶν
1056 1289 1248 1381 ἀνθρώπων
1259 1287 1305 1370 ώς
1320 1293 1396 1378 περί
1412 1295 1500 1358 θεοῦ

223 1424 226 1432 ’
269 1423 354 1467 ποτε
374 1399 577 1485 λογίζεσθαι.
621 1400 721 1464 τοῦτο
742 1396 803 1484 γάρ
827 1396 899 1464 ἔστι
912 1395 970 1462 τὸν
986 1390 1075 1462 οίνον
1089 1392 1188 1462 ῦδατι
1202 1395 1335 1480 fugae),
1358 1394 1499 1480 καὶπῦρ

270 1499 445 1588 ἀλλότριον
467 1498 661 1586 ἐπιβάλλειν
683 1497 740 1565 ἐπί
762 1496 802 1564 τὸ
822 1497 1065 1585 θυσιαστήριον
1086 1499 1133 1584 τῶ
1156 1501 1244 1582 θείην
1265 1499 1357 1581 πυρί.

358 1609 408 1668 11.
454 1601 521 1666 Καί
549 1599 610 1686 γὰρ
640 1600 694 1665 καί
725 1594 743 1666 5
771 1599 853 1679 θεὸς
880 1600 995 1682 κτίζει,
1023 1602 1078 1666 καί
1108 1591 1160 1666 ἐπ’
1185 1591 1379 1682 ἀνθρώπων
1401 1595 1499 1663 δὲτὸ

270 1703 391 1783 κτίζειν
414 1701 550 1788 ε’ίρηται.
594 1702 648 1767 καί
673 1695 690 1765 5
712 1701 772 1785 μὲν
794 1697 877 1780 θεὸς
899 1697 944 1768 ῶν
967 1701 1054 1780 ἐστι,
1078 1703 1230 1787 λέγονται
1251 1699 1287 1768 δὲ
1308 1699 1362 1764 καί
1387 1698 1420 1765 oi
1442 1695 1500 1764 ῦν-

205 1889 217 1896 ·
271 1809 414 1892 θρωποι
435 1796 529 1878 εἶναι,
551 1799 646 1887 παρὰ
666 1804 751 1868 θεοῦ
772 1805 826 1868 καί
848 1805 946 1870 τοῦτο
969 1801 1125 1890 λαβόντες
1147 1801 1240 1884 ἔχειν.
1286 1788 1336 1886 ἆρ’
1361 1789 1419 1866 οῦν
1443 1795 1498 1865 οῦ-

271 1928 337 1983 τως
360 1898 378 1970 5
400 1902 483 1981 θεὸς
502 1903 603 1984 κτίζει
625 1898 670 1982 ώς
684 1901 884 1989 άνθρωποι;
913 1899 934 1994 ἢ
949 1901 1055 1994 αῦτως
1070 1900 1116 1970 ῶν
1132 1903 1222 1970 ἔστιν
1237 1897 1282 1980 ώς
1297 1899 1498 1989 ῦνθρωπος,·

271 2005 317 2094 μὴ
344 2011 488 2093 γένοιτο·
517 2001 625 2085 άλλως
652 2004 710 2073 όπί
731 2008 816 2073 θεοῦ
837 2005 898 2086 τὰς
919 2007 1023 2086 λέξεις
1044 2003 1268 2091 λαμβάνομεν,
1303 2006 1357 2070 καί
1381 2003 1499 2089 ἑτέρως

272 2108 419 2204 ἐπὶτῶν
441 2101 633 2195 ἀνθρώπων
654 2107 775 2188 ταύτας
798 2107 1034 2192 διανοούμεθα.
1081 2101 1099 2172 5
1120 2104 1262 2192 μὲνγὰρ
1284 2103 1367 2184 θεὸς
1388 2105 1497 2186 κτίζει,

272 2211 381 2277 καλῶν
402 2209 445 2277 τὰ
465 2207 510 2294 μὴ
534 2205 641 2290 ῦνταί)
665 2210 712 2288 είς
732 2209 772 2275 τό
796 2204 895 2290 εἶναι,
920 2203 1053 2286 οὐδενὸς
1075 2206 1303 2292 ἕπεδεόμενος,
1328 2207 1361 2272 σί
1383 2205 1420 2273 δὲ
1443 2205 1500 2273 άν-

270 2319 411 2400 θρωποι
432 2309 491 2400 τὴν
513 2305 730 2398 ὑποκειμένην
752 2307 832 2398 ῦλην
855 2309 1055 2397 ἐργάζονται,
1080 2303 1252 2393 εὐξάμενοι
1266 2306 1429 2396 πρότερον
1445 2311 1497 2375 καί

270 2411 329 2500 τὴν
358 2411 542 2500 ἐπιστήμην
569 2415 628 2480 τοῦ
658 2423 772 2479 ποιεῖν
794 2410 950 2498 λαβόντες
972 2409 1066 2496 παρὰ
1086 2414 1145 2476 τοῦ
1168 2409 1281 2477 πάντα
1302 2407 1498 2496 δημιουργη-

273 2536 393 2592 σαντος
423 2517 507 2580 θεοῦ
539 2511 596 2578 διὰ
624 2516 682 2578 τοῦ
714 2513 800 2577 ίῦίοα
829 2511 936 2598 λόγου.
982 2511 1084 2578 πάλιν
1113 2537 1149 2578 τε
1171 2513 1285 2595 οἱμὲν
1308 2509 1497 2598 ἄνθρωποι,

273 2608 311 2679 οῦ
335 2612 511 2695 δυνάμενοι
531 2607 627 2678 ι’καθ’
653 2612 789 2691 ἑαυτοὺς
812 2607 905 2693 εἶναι,
929 2613 964 2680 ἕν
985 2609 1080 2700 τόπῳ
1102 2612 1500 2699 τυγχάνοντίςείσιπερι-

275 2711 432 2797 εχόμενοι,
455 2717 509 2780 καί
533 2715 733 2792 συνεστῶτες
755 2713 789 2780 όν
810 2717 857 2800 τῷ
879 2717 938 2780 τοῦ
957 2719 1041 2784 θεοῦ
1063 2715 1158 2802 λόγῳ,
1184 2708 1254 2781 ὁδί
1268 2713 1347 2790 θεὸς
1360 2709 1405 2778 ών
1420 2711 1497 2777 ἔστι

273 2809 350 2882 καθ’
376 2811 508 2895 ἑαυτόν,
538 2820 699 2900 περιέχων
727 2812 770 2881 τὰ
790 2813 916 2897 πάντα,
944 2818 999 2884 καί
1019 2811 1076 2883 ὑπ’
1101 2813 1235 2895 οόόενὸς
1256 2809 1497 2904 περιεχόμενος,

272 2919 327 2984 καί
355 2915 390 2985 όν
417 2918 504 2984 πᾶσι
530 2921 590 3002 μέν
618 2916 690 2985 ε’στι
717 2916 801 2988 κατὰ
828 2916 886 3006 τὴν
914 2918 1032 2985 ἑαυτοῦ
1059 2914 1254 3006 άγαθότητα
1274 2919 1327 2985 καί
1350 2913 1497 2998 δύναμιν,

187 3049 192 3052 ·
273 3018 335 3099 ἔξω
359 3019 395 3086 δὲ
417 3022 483 3086 τῶν
505 3018 640 3087 πάντων
661 3019 765 3087 πάλιν
788 3019 857 3087 ἐστί
879 3020 963 3087 κατὰ
984 3017 1042 3110 τὴν
1066 3020 1153 3086 ἰδίαν
1169 3020 1279 3107 φύσιν.
1311 3013 1425 3102 ὥσπερ
1441 3007 1498 3082 οῦν

271 3116 310 3187 οῦ
331 3119 389 3189 τὸν
411 3117 511 3189 αὐτὸν
532 3120 659 3208 τρόπον
682 3121 715 3190 οἱ
737 3121 919 3210 ἅνθρωποι
933 3121 1106 3203 κτίζουσιν,
1124 3119 1226 3211 όνπερ
1241 3119 1368 3207 τρόπον
1384 3115 1403 3184 5
1417 3115 1500 3196 θεὸς

270 3224 380 3305 κτίζει,
404 3219 478 3290 οὐδ’
503 3220 608 3302 σῦτως
631 3223 714 3291 εἰσίν
736 3224 769 3290 αί
791 3221 981 3309 ἄνθρωποι,
1006 3219 1119 3310 ῶσπερ
1136 3222 1225 3291 ἐστίν
1241 3219 1259 3289 5
1273 3221 1372 3302 θεός·
1396 3216 1500 3298 σῦτως

272 3323 380 3404 άλλως
402 3325 491 3392 ἐστίν
513 3321 532 3408 ἡ
555 3327 621 3389 τῶν
645 3319 839 3408 ἀνθρώπων
859 3328 993 3408 γένεσις,
1017 3323 1073 3390 καὶ
1094 3321 1203 3404 άλλως
1225 3323 1315 3391 ἐστίν
1337 3321 1356 3389 5
1379 3321 1453 3401 υίὸς
1466 3322 1500 3388 ἐκ

271 3428 331 3491 τοῦ
354 3424 491 3510 πατρός.
535 3426 602 3488 τῶν
623 3423 684 3504 μὲν
706 3421 768 3509 γὰρ
786 3416 978 3509 ἀνθρώπων
993 3425 1035 3491 τὰ
1048 3426 1233 3514 γεννήματα
1245 3429 1327 3514 μέρη
1343 3428 1420 3504 πῶς
1433 3427 1500 3490 τῶν

274 3523 462 3611 γεννώντων
486 3523 578 3604 εἰσίν,
603 3520 679 3590 ἐπεὶ
699 3525 754 3590 καί
777 3519 873 3612 “αῦτίη
895 3529 961 3592 τών
983 3527 1145 3612 σωμάτων
1167 3524 1186 3614 ἡ
1211 3526 1312 3616 φύσις
1333 3522 1392 3610 ούχ
1408 3523 1498 3593 άπλῦ

272 3633 323 3705 τίς
345 3625 444 3706 ἔστιν,
468 3620 552 3691 άλλά
574 3625 701 3712 ῥεοστή,
724 3623 781 3692 καί
803 3626 837 3693 &a
857 3631 966 3715 μερῶν
989 3629 1054 3713 ῦχει
1074 3629 1132 3716 τὴν
1155 3628 1332 3697 σύνθεσιν·
1355 3623 1501 3714 άπορῤέ-

272 3733 349 3795 οασί
369 3753 405 3795 τε
426 3725 608 3812 ἄνθρωποι
628 3731 810 3812 γεννῶντες,
834 3728 889 3797 καί
910 3729 1013 3798 πάλιν
1033 3731 1165 3818 ἒπιῤῥεῖ
1177 3730 1220 3798 τὰ
1234 3730 1269 3799 ἐκ
1282 3733 1349 3798 τῶν
1364 3731 1502 3817 τροφῶν

273 3831 320 3910 εἷς
343 3823 463 3907 αῦτοῦς
485 3826 692 3914 εἰςαγόμενα·
716 3824 762 3896 δι’
787 3827 825 3918 ἢν
847 3831 962 3910 αἰτίαν,
978 3811 1033 3900 καί
1055 3834 1191 3899 πολλῶν
1212 3831 1296 3900 κατὰ
1316 3829 1432 3918 καιρόν
1448 3835 1503 3896 τί·

272 3959 355 4001 κνων
377 3938 525 4020 γίνονται
546 3935 687 4018 πατέρες
710 3933 742 3998 οἱ
764 3930 959 4021 άνθρωποι·
996 3930 1014 4000 5
1043 3935 1079 4002 δὲ
1101 3932 1184 4012 θεὸς
1205 3929 1327 4024 ἀμερὴς
1350 3928 1397 4000 ῶν
1419 3925 1504 4017 ἆμε-

187 4040 394 4121 εοιιρίστως
416 4031 485 4100 ἐστί
506 4030 562 4100 καί
583 4027 723 4120 άπαθὴς
743 4038 801 4100 τοῦ
823 4037 896 4101 οίοῦ
918 4035 1039 4125 πατήρ.
1084 4033 1160 4104 οῦτε
1181 4035 1242 4122 γὰρ
1265 4031 1417 4123 άπσῤῥοὴ
1439 4035 1502 4099 τοῦ

273 4131 451 4219 ἀσωμάτου
475 4134 578 4216 ἐστίν,
609 4131 675 4203 σῦκ’
700 4135 838 4224 όπιρῤοή
860 4163 912 4216 τις
934 4139 982 4216 είς
1004 4131 1103 4203 αὐτὸν
1125 4143 1266 4225 γίνεται,
1297 4132 1342 4215 ώς
1364 4131 1416 4202 ἐπ’
1442 4128 1504 4201 άν-

272 4235 440 4322 θρώπων·
463 4232 590 4318 ἁπλοῦς
613 4239 648 4306 δὲ
672 4232 716 4306 ών
734 4237 797 4325 ’τὴν
821 4237 930 4325 φύσιν,
955 4237 1028 4318 ἑνὸς
1048 4237 1103 4306 καί
1124 4237 1229 4324 μόνου
1250 4240 1311 4304 τοῦ
1333 4235 1408 4302 υἱοῦ
1430 4259 1503 4300 πα-

245 4337 331 4426 ,τήρ
360 4339 441 4408 ἐστι.
486 4338 542 4406 διὰ
570 4343 667 4407 τοῦτο
694 4339 756 4427 γάρ
779 4337 833 4405 καὶ
853 4337 1031 4426 μονογενής
1054 4339 1140 4422 ἐστι,
1169 4344 1222 4409 καί
1244 4339 1346 4425 μόνος
1369 4336 1403 4404 ἒν
1425 4345 1505 4414 τοῖς

343 4563 364 4624 1)
385 4565 405 4614 1.
425 4565 487 4614 τω.
506 4564 531 4626 ι,
553 4561 591 4611 ιο.
661 4563 686 4622 ιι
705 4563 759 4612 εει.
779 4537 863 4624 εἰν.
933 4562 958 4625 ε)
977 4564 1043 4617 και.
1062 4565 1088 4626 ι,
1109 4564 1147 4614 ιτ.
