3216 5048
247 267 310 331 2⁴6
649 281 675 325 ε.
690 279 1080 326 ιταιιιιειιιαεαπειεεοει

5 325 7 428 ί

5 439 6 510 )
161 441 237 494 κισ.
246 426 308 516 γάρ
337 425 409 495 ἐστι
435 431 490 496 καί
518 429 615 496 τοῦτο
638 429 685 516 τῷ
707 434 934 517 προειρημένῳ
956 428 1061 516 ῥητῷ·
1089 422 1134 506 ὥς
1155 424 1217 513 γὰρ
1239 421 1259 492 ό
1280 422 1479 506 ἀπόστολος

245 529 406 615 όγραψεν·
434 527 471 609 ὃς
498 529 533 597 ἔν
560 533 674 619 μορφῇ
696 533 780 598 θεοῦ
802 527 957 616 ῦπάρχων
979 525 1044 612 σῦχ’
1069 525 1244 615 ἁρπαγμόν
1264 523 1409 615 ἡγήσατο
1430 527 1478 596 τό

245 621 331 700 ελναι
353 625 411 698 ίσα
431 631 513 719 θεῷ,
538 625 606 700 ἀλλ’
632 630 748 699 ἑαυτὸν
764 631 901 700 ἒκόνωσε
914 630 1047 720 μορφήν
1063 629 1182 696 όοόλου
1197 627 1308 716 λαβών
1316 633 1347 709 ¹),
1364 625 1477 710 οὕτως

245 727 397 818 όΔαβίό
422 727 518 818 ῦμνεί
544 732 602 800 τόν
629 732 755 819 κόριον,
786 731 921 801 αἰώνων
948 734 1008 818 μίν
1038 729 1117 799 όντα
1137 729 1222 799 θεὸν
1242 730 1298 798 καὶ
1317 733 1474 816 βασιλέα,

246 829 478 902 ἀποσταλέντα
504 835 559 902 ’όλ
588 832 674 921 πρὸς
699 829 785 921 ἡμᾶς
806 831 862 900 καί
882 832 1113 921 προςλαβόντα
1133 831 1172 900 τό
1193 827 1351 921 ἡμέτερον
1372 836 1479 918 σῶμα

245 934 371 1026 θνητὸν
402 933 447 1004 όν.
492 937 591 1002 τοῦτο
618 934 679 1021 γάρ
708 929 786 1021 παρ’
811 931 912 1002 αῦτοῦ
941 939 1157 1023 ισημαίνεται
1185 932 1220 1001 ίν
1241 935 1288 1021 τῷ
1309 933 1474 1021 ψάλλειν·

248 1035 375 1122 σμύρνα
399 1039 455 1104 καὶ
484 1035 604 1124 στακτὴ
631 1035 687 1104 καὶ
713 1042 814 1103 κασία
836 1033 906 1104 ἀπὸ
927 1039 993 1104 τιῦν
1017 1037 1157 1122 ἱματίων
1179 1035 1283 1116 σαντ’),
1317 1037 1412 1122 παρὰ
1433 1037 1477 1105 db

246 1137 436 1226 Νικοόήμαο
457 1136 512 1205 καὶ
533 1141 600 1204 τῶν
621 1136 701 1222 περὶ
715 1137 860 1224 Μαριάμ
882 1138 1054 1218 δείκνυται,
1079 1133 1136 1206 ὅτε
1150 1133 1168 1203 ό
1183 1139 1243 1222 μὲν
1257 1125 1344 1225 ἦλθε
1359 1143 1475 1226 φόρων

245 1247 352 1328 μίγμα
373 1239 516 1326 σμύρνης
537 1239 593 1306 καί
615 1233 715 1328 ἀλόης
737 1240 850 1324 λίτρας
871 1237 1030 1318 ἑκατόν),
1053 1238 1089 1305 αλ
1111 1239 1147 1305 όὲ
1170 1234 1256 1325 άπερ
1277 1229 1361 1327 ἦσαν
1382 1239 1476 1307 όταν-

246 1342 398 1428 μάσασαι
418 1336 605 1428 ἀρώματα)
628 1341 676 1421 είς
696 1339 754 1408 τὸν
777 1337 1004 1428 ἐνταφιασμόν
1024 1342 1083 1406 τοῦ
1106 1339 1260 1424 σώματος
1273 1343 1332 1407 τοῦ
1347 1347 1472 1426 κυρίου.

331 1449 382 1512 48.
426 1447 519 1510 Ποία
540 1433 597 1510 οῦν
619 1441 739 1510 “πάλιν
761 1439 915 1528 προκοπὴ
938 1445 985 1528 τῷ
1007 1435 1167 1528 ἀθανάτην
1188 1440 1411 1529 προςλαβόντι
1431 1441 1477 1509 τό
1599 1517 1600 1540 η

224 1565 228 1572 “
246 1543 381 1633 θνητόν,
405 1538 426 1630 ἢ
447 1551 531 1610 ποία
552 1547 726 1632 βελτίωσις
746 1546 794 1630 τῷ
816 1543 940 1630 αίωνίῳ
964 1542 1171 1629 ἐνόυσαμίνῳ
1192 1541 1232 1608 τό
1253 1542 1473 1631 πρόςκαιρονς

247 1657 349 1726 ποῖος
377 1646 413 1712 όὲ
434 1649 488 1712 καί
510 1645 638 1731 μισθὸς
658 1647 777 1732 μείζων
798 1639 913 1731 γίνοιτ’
939 1638 979 1712 ἀν
1001 1645 1242 1732 λθερῦάίωνίῳ
1263 1648 1318 1722 καλ
1339 1647 1476 1730 βασιλεῖ

247 1751 303 1814 καί
331 1743 404 1813 ὄντι
432 1746 465 1814 ἐν
486 1758 560 1826 τοίς
580 1747 720 1826 κόλποις
741 1749 801 1812 τοῦ
823 1745 968 1832 πατρόςς
1003 1736 1052 1834 ἆρ’
1077 1740 1115 1812 οῦ
1138 1752 1314 1833 θεωρεῖτε,
1343 1742 1397 1814 ότι
1417 1751 1473 1814 καλ

247 1849 346 1913 τοῦτο
369 1842 410 1913 δι’
433 1843 520 1932 ἡμᾶς
540 1851 594 1914 καλ
617 1843 702 1934 ῦπὲρ
722 1843 815 1934 ἡμῶν
836 1853 948 1934 γέγονε
968 1847 1024 1915 καί
1045 1853 1236 1935 γέγραπται,
1259 1847 1316 1915 λ’να
1337 1846 1474 1936 ἀνθρω-

247 1971 315 2027 πσς
335 1946 508 2035 γενόμενος
529 1944 547 2015 ό
569 1947 680 2035 κύριος
700 1947 846 2036 θνητοὺς
867 1947 965 2028 όντας
979 1948 1034 2016 καὶ
1049 1955 1268 2037 προςιαίροας
1281 1945 1368 2037 ἡμᾶς
1383 1946 1475 2018 ἀθα-

247 2049 366 2131 νάτους
393 2049 618 2138 κατασκευάσῃ
648 2053 701 2116 καί
731 2049 779 2128 είς
806 2049 864 2137 τὴν
887 2049 1022 2118 αἰώνιον
1042 2052 1214 2136 βασιλείαν
1235 2053 1302 2117 τῶν
1325 2045 1475 2137 οὐρανῶν

249 2151 418 2242 cimam,-
450 2142 517 2242 ’ἀρ’
543 2146 600 2219 οῦκ
622 2151 800 2239 ἕρνθριάτε
820 2150 1106 2236 καταψευδόμενοι
1127 2154 1194 2220 τῶν
1213 2157 1320 2218 θείων
1335 2153 1473 2239 λογίων)

246 2259 301 2324 καί
324 2255 386 2343 γὰρ
407 2258 467 2322 τοῦ
488 2261 601 2342 κυρίου
615 2249 708 2342 ἡμῶν
721 2249 824 2342 Ἰησοῦ
838 2255 988 2341 Χριστοῦ
1005 2251 1279 2342 ἔπιόημήσαντσς,
1300 2249 1397 2340 ἡμεῖς
1411 2257 1474 2338 μὲν

248 2356 493 2446 ἔβελτιώθημεν
515 2357 799 2443 ἐλευθερωθέντες
821 2351 891 2423 ἀπὸ
912 2358 970 2441 τῆς
991 2351 1168 2441 ἁμαρτίας,
1193 2349 1293 2434 αότὸς
1315 2357 1351 2423 δὲ
1374 2351 1392 2422 ό
1414 2349 1473 2423 αῦ-

207 2469 210 2476 “
246 2458 304 2538 τός
333 2459 420 2540 ἐστι,
450 2462 503 2526 καί
532 2454 589 2526 οῦκ·
619 2457 734 2545 ἐπειδὴ
755 2464 884 2544 γέγονεν
907 2455 1091 2544 ἀνθρωπσς
1113 2454 1228 2533 (πάλιν
1248 2455 1310 2544 γάρ
1331 2455 1370 2524 τό
1392 2453 1475 2526 αῦτὸ

248 2561 399 2639 λεκτίσν),
424 2558 559 2646 ἐτράπη,
584 2555 669 2625 ἀλλὰ
689 2558 805 2638 καθὼς
826 2565 1024 2645 γέγραπται·
1048 2554 1066 2623 ό
1082 2555 1180 2645 λόγος
1194 2561 1254 2625 τοῦ
1269 2561 1352 2626 θεοῦ
1366 2561 1477 2642 ’μένει

249 2659 297 2738 είς
316 2659 374 2727 τὸν
397 2658 542 2741 αίιῦναλ).
573 2654 686 2744 ἀμέλει
709 2657 817 2746 ιῦςπερ
840 2659 908 2747 πρὸ
930 2664 988 2746 τῆς
1009 2660 1294 2748 ἒνανθρωπήσεως
1313 2657 1409 2742 λόγος
1423 2655 1473 2724 ὢν

249 2759 396 2848 ἐχορήγει
422 2771 494 2839 τοῖς
522 2755 629 2848 ἀγίοις
657 2756 702 2840 ιῦς
730 2762 818 2829 ἰ’όιον
845 2761 885 2829 τὸ
907 2765 1052 2847 πνεῦμα,
1088 2758 1193 2842 οῦτως
1212 2763 1265 2828 καλ
1287 2757 1474 2844 ἅνθρωπος

247 2860 421 2948 γενόμενος
441 2858 569 2950 ἁγιάζει
589 2861 666 2942 τοὺς
688 2861 816 2944 πάντας
836 2867 883 2951 τῷ
906 2863 1071 2949 πνεύματι
1091 2863 1146 2931 καὶ
1169 2866 1255 2950 λέγει
1275 2865 1345 2941 τοῖς
1358 2867 1475 2950 μαθη-

247 2967 336 3044 τοῖς·
359 2962 475 3051 λάβετε
496 2968 628 3052 πνεῦμα
649 2961 781 3052 λόγων),
804 2969 857 3034 καί
879 2971 1023 3034 ΙΜωσεῖ
1043 2967 1102 3052 μὲν
1126 2965 1237 3032 ίόίόοο
1259 2967 1398 3044 καὶτοῖς
1414 2959 1475 3030 ἀλ-

249 3067 321 3148 λοις
341 3078 414 3148 τοῖς
436 3066 698 3157 ἑβδομήκοντα),
723 3061 764 3134 δι’
789 3063 890 3135 αὐτοῦ
912 3093 949 3136 τε
969 3066 1084 3156 ἤνχετο
1106 3065 1218 3152 Δαβὶό
1238 3070 1286 3154 τῷ
1301 3065 1405 3151 πατρὶ
1419 3067 1474 3132 λό-

162 3191 331 3258 mmm·
360 3170 399 3237 τὸ
421 3173 552 3259 πνεῦμα
572 3169 612 3250 τὸ
635 3166 728 3256 ῦγιόν
752 3191 812 3237 σου
833 3170 878 3258 μὴ
902 3165 1079 3258 ἀντανίλης
1101 3164 1158 3236 ἀπ’
1183 3168 1310 3253 ἐμοῦ),
1339 3165 1394 3234 καί
1416 3165 1475 3234 ἀν-

248 3277 392 3356 θρωπος
414 3272 450 3346 ἀὲ
471 3272 645 3358 γενόμενος
667 3273 790 3358 ἔλεγεν·
812 3268 1010 3340 1’ἀποστελῶ
1032 3268 1110 3355 ὑμῖν
1124 3271 1183 3338 τόν
1197 3268 1416 3357 παράκλητον,
1434 3267 1477 3334 τὸ

248 3374 380 3454 πνεῦμα
401 3373 459 3454 τῆς
481 3367 682 3457 ἀληθείας),
705 3375 760 3439 καλ
783 3373 933 3458 ἔπεμψεν
956 3367 1104 3460 ἀψευδὴς
1126 3367 1171 3441 νῦν
1195 3368 1213 3439 ό
1234 3375 1293 3438 τοῦ
1315 3373 1400 3439 θεοῦ
1418 3369 1475 3436 λό-

248 3491 314 3553 γος.
360 3465 475 3535 οῦκοῦν
501 3465 623 3556 Ἰησοῦς
644 3472 792 3556 Χριστὸς
817 3475 900 3556 χθὲς
927 3477 980 3542 καί
1012 3475 1152 3562 σήμερον
1173 3469 1208 3539 ἰό
1231 3467 1331 3552 αῦτὸς
1351 3473 1404 3539 καὶ
1428 3471 1476 3551 εἰς

239 3567 325 3648 ,τοῦς
347 3570 470 3648 αίιῦνας
478 3573 520 3652 ¹⁰),
542 3576 649 3656 μένων
672 3571 844 3660 άτρεπτος,
867 3577 920 3642 καί
946 3571 963 3642 ὃ
986 3571 1085 3657 αότός
1107 3577 1179 3644 ἐστι
1195 3574 1307 3654 όιόοῦς
1321 3578 1376 3642 καί
1391 3576 1474 3659 λαμ-

247 3666 384 3757 βάνων,
408 3670 521 3751 ότόοὺς
547 3673 608 3758 μὲν
636 3669 681 3752 ὡς
701 3678 785 3741 θεοῦ
808 3674 920 3761 λόγος,
955 3677 1132 3764 λαμβάνων
1154 3680 1190 3745 ἀὲ
1213 3672 1259 3756 ὥς
1280 3675 1472 3762 ἀνθρωπος.

249 3766 308 3845 οὖν
330 3769 395 3860 ἀρα
415 3768 457 3840 ῑό
479 3772 576 3860 λόγος
599 3773 704 3856 ἐστίν,
727 3763 749 3863 ᾖ
770 3775 867 3864 λόγος
889 3777 993 3860 ἐστίν,
1018 3775 1036 3846 ό
1057 3778 1303 3867 βελτιοόμενος,
1328 3773 1392 3861 εἶχε
1413 3775 1476 3864 γάρ

318 3962 343 4022 4)
361 3963 420 4015 Phil.
441 3963 464 4022 2,
483 3965 507 4016 6.
527 3965 550 4016 7.
621 3963 647 4026 2)
665 3967 730 4017 Paul.
748 3967 781 4018 ⁴5
799 3963 852 4034 [44.
872 3965 960 4036 [xxj.
978 3970 1003 4020 9.
1073 3967 1098 4026 3)
1116 3969 1183 4019 loun.
1205 3965 1244 4028 19,
1263 3968 1304 4021 39.
1373 3968 1400 4027 4)
1418 3968 1474 4017 Luc.

248 4031 290 4091 24,
310 4032 332 4082 4.
412 4031 436 4092 5)
454 4033 508 4084 Eu.
527 4033 570 4093 4⁰,
588 4033 612 4086 8.
692 4033 718 4096 6)
736 4035 802 4086 loun.
822 4037 863 4094 20,
882 4035 922 4087 22.
1003 4037 1028 4094 7)
1045 4038 1114 4088 Num.
1136 4037 1176 4099 11,
1196 4035 1236 4087 46.
1316 4036 1342 4098 8)
1361 4033 1424 4086 Pul.
1442 4033 1473 4084 51

248 4094 302 4166 [50.
320 4095 409 4168 1,xx.]‚
430 4098 469 4150 1³.
538 4101 565 4162 9)
582 4102 649 4152 λεια.
670 4101 709 4166 45,
728 4101 769 4154 26.
842 4105 883 4167 10)
902 4105 974 4156 Hebr.
994 4103 1035 4167 ¹³,
1053 4105 1077 4155 8.

280 4249 303 4285 ε.
321 4233 470 4298 84ε8εραετ.
484 4231 575 4297 Angue.
591 4235 688 4286 Gohler.
699 4237 835 4290 etFelekm.
888 4231 996 4306 σμόρνα
1030 4239 1104 4288 Ιίόετα
1123 4247 1147 4290 εί
1164 4241 1264 4300 Smer.
1283 4239 1341 4300 neg.
1359 4235 1479 4288 ειῦιίελ-

248 4301 271 4352 1.
307 4303 395 4364 Regius
413 4311 491 4352 ιηιεαι
511 4309 534 4352 ει
552 4301 656 4354 Feltkm.
675 4303 700 4354 5.
718 4295 837 4354 ἀντοσνα·
888 4307 989 4356 mamb.
1006 4307 1116 4356 κασσία.
1151 4307 1203 4356 Μαι
1220 4303 1477 4368 Βεςοετ.λες.(ὶοὴί.

245 4363 327 4418 λίνεα
344 4363 374 4420 όλ
391 4364 436 4418 καί
453 4361 648 4448 προσλαβόντα.
684 4371 745 4423 Editi
762 4375 837 4425 ειιΙίί
888 4380 911 4422 ει
929 4373 1034 4424 βείολτα.
1054 4375 1075 4424 ί.
1093 4375 1149 4424 ειό.
1167 4368 1243 4491 παρὰ
1261 4367 1292 4422 δὲ
1308 4361 1477 4434 Νικοδήμου.

246 4428 436 4502 &nundina
454 4433 484 4488 δὲ
501 4451 521 4485 π
541 4433 699 4502 οελοβατα.
889 4441 967 4492 ceteri
987 4449 1009 4492 ει
1028 4441 1084 4491 editi
1102 4435 1215 4508 παρὰσ
1244 4431 1401 4504 Νικοδήμῳ.

280 4505 305 4556 b.
324 4505 421 4557 ῦοόίω.
446 4515 470 4556 ει
492 4507 524 4556 Fe
537 4506 599 4558 τίω.
619 4505 641 4556 1.
666 4507 835 4572 σημαίνεται.
924 4523 943 4559 ε.
961 4499 1044 4556 πάλιν
1061 4509 1129 4560 τότε)
1146 4523 1159 4558 ε
1178 4509 1278 4572 Seguer.
