3220 5046
579 313 690 360 enarro
706 316 726 358 1.
743 315 1007 360 manumissos.
1099 289 1104 304 '
1338 303 1399 366 10⁹

179 469 255 533 bum
271 471 335 532 sire
355 467 513 531 Rationem
540 473 665 544 negmt,
690 465 858 529 maurillii
884 468 972 530 etiam
1000 467 1126 530 rationis
1154 477 1203 532 est
1229 468 1261 530 in
1281 467 1489 532 stom-m

178 572 362 653 quaestions
406 569 446 630 Ut
467 567 546 628 enim
568 567 594 628 si
616 568 684 647 puis
705 569 799 632 solem
821 569 969 649 sspieims
991 570 1029 631 de
1051 570 1210 650 splendore
1227 571 1293 634 eins
1308 589 1400 652 quae-

177 665 260 736 r‘oret
279 691 315 735 an
334 672 462 732 diceret:
493 671 557 743 „dn
586 669 637 747 qni
659 679 721 742 est,
755 671 943 749 splendorem
964 689 1031 734 nam
1052 691 1112 734 non
1134 681 1218 736 esset
1239 673 1325 747 lenit,
1352 681 1405 736 ant

180 775 259 854 „psi
282 773 341 832 iam
365 766 499 830 ΜΡ*
524 769 698 848 utinquam
720 773 745 832 is
766 789 828 830 non
850 771 968 849 sapiens
990 771 1044 833 ssd
1066 773 1193 836 stolidus
1209 775 1403 838 ¹existimare-

179 885 243 945 απ,
272 872 342 952 quia
360 871 571 951 splendorem,
600 870 650 950 qui
672 879 720 932 est
740 888 778 931 ex
798 869 879 950 lure,¹
907 879 1078 933 extraneum
1100 875 1148 936 ille
1169 877 1291 956 fingeret
1313 886 1344 940 st
1363 877 1403 938 de

181 977 234 1040 iilo
256 981 421 1056 quaereret,
443 972 571 1052 quando,
593 971 655 1046 ubi,
678 990 744 1034 suna
765 979 798 1032 et
816 972 911 1034 iaetus
934 990 971 1032 ne
993 980 1089 1046 esset3
1118 977 1162 1038 sio
1183 995 1253 1040 sans
1274 979 1324 1059 prii
1345 980 1403 1042 ista

184 1077 222 1140 de
243 1076 319 1138 Filio
343 1085 373 1137 et
393 1077 479 1136 Patre
501 1073 616 1154 eogitst
631 1073 739 1154 quique
761 1073 802 1134 ita
824 1073 1014 1152 interrogat,
1030 1073 1123 1135 multo
1145 1075 1308 1140 marentisr
1330 1099 1402 1142 oen-

184 1179 295 1242 seudus
318 1183 376 1251 est,
399 1176 507 1256 quippe
529 1173 579 1254 qai
602 1173 739 1248 Verbum,
761 1175 842 1254 quod
865 1193 901 1236 ex
916 1174 1003 1236 Patre
1025 1181 1083 1248 est,
1106 1183 1259 1239 externum
1280 1180 1339 1259 ipsi
1352 1183 1401 1244 in·
1432 1175 1438 1186 '

161 1279 279 1354 ‘dseat,
301 1279 401 1359 idque,
423 1277 629 1357 quadratura
651 1285 698 1338 est
717 1277 858 1356 genitum,
884 1284 1020 1356 tarrqmm
1044 1277 1113 1357 quid
1136 1279 1243 1340 laetum
1265 1281 1404 1345 exhibens

182 1381 275 1444 dieat:
304 1379 371 1442 Nou
399 1379 454 1442 luit
481 1388 638 1458 autequam
665 1387 849 1440 nasceretur.
893 1379 1002 1440 Verum
1032 1378 1061 1441 id
1090 1379 1178 1441 etiarn
1206 1380 1346 1459 responsi
1368 1381 1404 1444 ad

181 1467 227 1558 ea,
250 1501 325 1563 quae
344 1483 617 1560 interrogaverunt,
639 1479 798 1560 aoeipiant:
819 1479 923 1555 Pater,
946 1481 996 1560 qui
1018 1489 1080 1555 ost,
1102 1480 1225 1556 Filium,
1256 1479 1308 1561 qui
1330 1491 1403 1556 erat,

180 1584 261 1646 lenit.
305 1583 378 1645 Nam
406 1582 531 1645 Verbum
559 1601 631 1645 roro
653 1583 771 1663 [oetam
793 1592 852 1654 est,
886 1590 917 1642 et
943 1599 1008 1644 oum
1034 1583 1100 1662 ipse
1128 1592 1208 1645 esset
1228 1582 1319 1646 Filius
1341 1584 1404 1657 Dei,

179 1703 248 1748 sum
270 1686 301 1746 in
319 1685 381 1744 line
403 1683 590 1746 premiorum
612 1682 681 1745 ierit
701 1683 793 1745 lilium
814 1682 962 1758 bominis;
993 1683 1051 1746 nisi
1074 1685 1151 1748 lorts
1173 1703 1238 1746 eun
1262 1685 1404 1748 Samosa-

180 1788 257 1848 tensi
278 1785 488 1866 respondeant,
510 1785 593 1847 illum
614 1803 674 1846 non
696 1785 780 1865 prius
801 1785 895 1846 luisse
916 1803 1003 1864 quam
1026 1786 1116 1847 bomo
1137 1787 1230 1849 lieret.
1274 1787 1312 1850 Et
1331 1788 1411 1852 Meo,

182 1888 300 1967 quidem
323 1887 395 1950 satis
417 1887 536 1950 eistad
558 1887 683 1966 primam
705 1887 827 1950 illorum,
842 1887 1117 1965 interrogationem.

268 1991 320 2052 26.
364 1989 423 2050 Vns
445 1998 553 2061 autem,
578 2009 595 2050 o
618 1989 728 2062 briam,
751 1988 887 2068 proprias
908 1999 1023 2051 vestras
1045 1990 1164 2052 ronulas
1186 1991 1329 2053 memoria
1349 2009 1401 2054 re·

182 2097 333 2170 petentes,
362 2090 450 2152 nobis
472 2089 530 2151 iam
554 2089 805 2169 interrogantibus
828 2088 1024 2169 respondete!
1069 2091 1126 2162 (lui
1149 2099 1214 2166 est,
1236 2110 1329 2164 eone,
1352 2092 1402 2170 qui

180 2209 243 2252 non
265 2200 337 2266 erat,
361 2191 519 2271 indigebat,
541 2199 574 2254 ut
594 2211 644 2253 res
667 2210 773 2254 omues
796 2198 976 2272 procrearet,
999 2210 1037 2252 en
1059 2193 1175 2263 eodem,
1197 2211 1263 2254 enm
1279 2191 1335 2253 ianr
1351 2211 1402 2253 es-

180 2301 236 2366 set,
260 2311 336 2372 opus
359 2291 483 2356 nabau?
528 2292 645 2354 [linistis
668 2293 747 2354 enim
763 2293 880 2355 Patrem
902 2311 937 2354 ex
959 2291 1050 2354 nihilo
1073 2293 1179 2354 Filium
1194 2293 1250 2354 sibi
1266 2303 1404 2372 unquam
1423 2281 1427 2294 '

181 2395 413 2454 instrumentum
434 2409 641 2470 comparasse,
670 2401 703 2454 ut
729 2413 784 2474 per
811 2413 879 2456 eum
908 2393 1007 2456 omnia
1035 2394 1173 2456 efficeret.
1215 2393 1293 2467 Quis
1314 2393 1404 2473 igitar

183 2491 383 2571 praestantior
405 2488 471 2552 esst
515 2491 583 2554 lsne
604 2495 653 2572 qui
676 2495 803 2574 indiget,
837 2515 874 2556 au
902 2495 952 2575 qui
978 2495 1169 2574 indigentiam
1198 2494 1318 2576 explet?
1359 2495 1404 2558 dn
1481 2535 1489 2552 ·

184 2592 271 2682 ambo
293 2610 368 2672 quae
390 2591 447 2654 sibi
469 2592 577 2654 desunt
597 2605 698 2658 mutuo
721 2595 972 2662 subministranti
1011 2595 1088 2660 Nam
1115 2617 1181 2660 oum
1209 2597 1268 2660 ista
1295 2597 1403 2672 diu'tis‚

183 2694 264 2768 eius,
287 2694 337 2774 qui
359 2693 587 2756 instrumentum
610 2696 667 2758 sibi
681 2697 838 2768 adhibuit,
861 2697 1088 2762 imbecillitatem
1111 2699 1276 2762 evidentius
1298 2707 1403 2761 osten-

183 2795 263 2869 ditis,
286 2796 311 2856 si
333 2814 440 2875 nempe
464 2793 546 2856 solus
569 2796 666 2858 omnia
689 2817 749 2858 non
772 2800 903 2877 potuerit
925 2799 1051 2872 efficere,
1075 2799 1126 2862 sed
1142 2801 1325 2862 extrinsecus
1348 2819 1402 2880 pa·

183 2897 292 2959 raverit
313 2895 370 2958 sibi
392 2897 635 2970 instrumentum,
665 2899 753 2959 veluti
782 2899 865 2960 inber
886 2899 1002 2978 quidem
1025 2900 1213 2963 asinarium
1235 2901 1403 2974 fabricator,

183 2997 235 3078 qui
257 2997 329 3058 nihil
351 2997 417 3057 sine
438 2997 536 3058 securi
559 3006 588 3058 et
609 3017 691 3058 serra
714 3009 826 3076 queunt
846 2999 971 3060 elfioere.
1005 3000 1088 3071 Quae
1102 3002 1197 3062 maior
1218 3001 1315 3078 possit
1336 3017 1405 3062 esse

182 3095 346 3178 impietas?
389 3099 439 3160 Vel
462 3098 532 3178 quid
554 3099 603 3160 iric
623 3097 734 3162 diutius
755 3098 934 3172 insistimus,
955 3100 1040 3180 quasi
1056 3101 1129 3164 haee
1143 3110 1245 3161 essent
1265 3099 1403 3174 disimilis,

182 3219 248 3263 enm
274 3199 387 3273 erbis,
409 3219 485 3279 quae
508 3217 598 3279 supra
620 3200 759 3274 diximus,
782 3197 976 3262 clarissimum
998 3199 1047 3274 sit,
1070 3219 1151 3262 mera
1165 3199 1282 3264 illorum
1298 3199 1405 3264 mestis

182 3309 347 3364 nommenta
376 3320 443 3364 esse
469 3319 662 3382 quaeeunque
688 3300 869 3382 proferunt?
910 3303 953 3364 Ad
982 3302 1101 3364 alteram
1135 3310 1232 3364 autem
1261 3301 1406 3366 insulsam

182 3404 339 3466 admodum
362 3403 539 3483 stultamque
558 3421 665 3466 *eorum
687 3403 903 3483 quaestionem,
926 3423 1014 3483 quam
1028 3401 1404 3484 proponuntmuliereulis,

182 3505 257 3566 nibil
284 3523 402 3586 quoque
433 3505 512 3568 aliud
534 3506 718 3586 respondero
741 3512 907 3585 oporteret,
942 3523 1029 3584 quam
1057 3525 1132 3586 queo
1159 3525 1250 3586 supro
1277 3525 1294 3570 a
1317 3505 1403 3570 nabis

185 3603 243 3666 iam
264 3615 332 3668 suut
354 3606 439 3680 dicta,
462 3625 569 3688 nempe
589 3627 650 3669 non
673 3607 782 3669 debere
802 3625 859 3670 nos
881 3607 1013 3682 modum,
1036 3627 1095 3688 quo
1116 3595 1196 3672 bens
1220 3607 1322 3688 gignit,
1345 3607 1403 3672 bo·-

112 3689 118 3700 ’
183 3707 295 3769 minum
317 3715 420 3771 aalma
441 3709 549 3772 metiri.
593 3709 631 3771 Ut
653 3717 749 3772 tanam
772 3708 859 3771 etiam
880 3709 930 3771 hie
950 3727 984 3772 se
1005 3710 1088 3790 ipsos
1103 3709 1402 3790 eogantoreondsm

183 3826 269 3882 nare,
297 3809 375 3872 hand
398 3809 434 3872 ab
456 3829 489 3872 re
512 3812 584 3886 erit,
613 3831 648 3874 ex
669 3811 731 3885 iris,
760 3829 835 3890 quae
857 3810 915 3890 ipsi
936 3823 1123 3891 proponunt,
1155 3811 1214 3874 illis
1236 3810 1294 3872 hoo
1314 3809 1404 3871 niodo

217 4009 238 4044 e.
257 3995 357 4058 Seguer.
377 3997 473 4047 Gobier.
498 4003 521 4047 et
541 3995 684 4045 delebant.
704 3988 769 4062 υἱὸν
851 3999 875 4048 h.
894 3998 994 4059 Segusr.
1012 3999 1109 4050 Gobler.
1127 4005 1151 4048 et
1169 3997 1272 4048 Felelm.
1284 3997 1306 4048 l.
1325 4008 1405 4046 aare·

183 4053 340 4130 Μριόπον.
368 4065 430 4116 ilditi
446 4057 508 4112 otte
517 4055 601 4112 αὐτὸν
609 4053 767 4127 ἀνθρώπου.
819 4058 1002 4121 σκευάζοντας.

217 4131 234 4181 i.
252 4133 350 4194 Segusa.
370 4127 511 4198 ῥηματίων
527 4123 640 4180 τούτων.
670 4131 768 4182 Gobler.

183 4206 207 4250 st
224 4199 329 4250 Feletm.
340 4200 362 4250 l.
381 4193 512 4267 (inpariter
527 4193 641 4248 τούτων.

217 4283 239 4330 g.
258 4269 298 4319 Sia
321 4269 435 4336 Sagras,
459 4269 555 4320 Gobier.
580 4267 682 4318 leieim.
698 4267 720 4318 l.
745 4274 770 4318 st

182 4335 241 4398 llag.
275 4335 337 4386 Editi
354 4337 471 4390 sistens
487 4321 536 4384 adr
552 4329 665 4386 dorsete.
694 4335 768 4386 Prole
1042 4385 1055 4400 ,

182 4413 241 4470 post
258 4405 358 4468 Segner.
376 4405 473 4472 χρείαν
489 4395 671 4472 ἀποπληροῦν.
708 4403 768 4454 lbid.
852 4388 876 4438 ¹⁸·
895 4389 992 4450 Sltffl·
1011 4381 1076 4438 ³⁵⁶⁹·

853 4167 869 4216 i.
887 4167 986 4228 Segusr.
1005 4174 1028 4215 et
1040 4157 1287 4245 liegdpydnnsdns.
1307 4163 1404 4242 ⁰⁰b¹ffffi
1522 4167 1526 4182 .

820 4243 844 4287 ⁸⁸
855 4234 958 4284 ΝΜ.
971 4233 994 4282 ¹·
1012 4227 1172 4300 ἱργασεσθε,
1192 4235 1314 4286 mendosa
1342 4229 1405 4282 iidata

819 4295 989 4372 ἐργάζεσθαι.

182 4471 246 4522 idem
265 4474 364 4536 Ssguer.
376 4473 473 4524 Gobler.
491 4483 513 4524 st
524 4474 628 4522 rateto.
641 4471 662 4520 i.
683 4461 769 4538 ’pspd-
854 4471 870 4522 i.
888 4472 928 4522 Sie
944 4473 1043 4533 Segner.
1064 4473 1119 4530 neg.
1138 4467 1210 4519 basil.
1228 4474 1252 4516 et
1269 4429 1405 4514 retunt.

183 4551 256 4608 τερα.
292 4541 355 4592 Editi
373 4557 429 4614 sero
446 4550 470 4593 et
487 4541 528 4592 alii
545 4531 709 4607 ἀμφότεροι
821 4539 848 4592 ln
866 4539 936 4592 aditis
953 4539 1022 4590 deest
1038 4527 1137 4588 adeun
