3014 5050
356 257 365 274 ·
428 238 678 284 arianonorum
694 239 889 286 samurensis.
1188 227 1250 294 803

35 391 194 474 pergressi,
216 389 267 471 qui
287 387 425 452 ridentur
445 388 557 452 habere
577 389 650 472 legis
672 390 825 454 selemiam
847 391 960 473 (quales
982 401 1045 456 tum
1067 403 1152 458 crant
1171 389 1347 458 Pha-enos.⁸
1393 395 1399 414 ⁸

37 495 147 573 risaei),
169 495 200 556 in
221 492 367 556 insaniam
389 491 470 556 uersi
492 492 610 567 luerint,
633 503 663 554 et
684 493 762 574 quod
783 493 815 556 in
836 513 962 576 corpore
980 505 1027 558 est
1040 495 1166 558 Verbum
1182 516 1250 560 om-

35 599 107 660 nino
134 595 318 676 negaverint,
352 601 403 658 aut
436 593 595 656 dirimtmis
632 613 723 675 opera
749 594 867 658 diabolo
901 597 1025 679 eiusque
1057 598 1251 684 daemonibus

35 697 240 772 attribuerint,
261 696 368 760 merito
389 715 445 777 pro
467 696 517 760 tali
538 697 688 777 impietate
709 696 917 778 indeprecabili
938 709 1007 764 sunt
1027 700 1171 782 supplicio
1194 701 1251 764 ob-

33 800 123 864 noxii.
165 800 240 862 Nam
268 808 299 862 et
327 797 475 862 diabolum
502 817 558 880 pro
585 800 648 862 boo
675 798 856 874 babuerunt,
883 819 1025 882 eumque,
1054 803 1104 882 qui
1131 822 1201 866 vere
1223 811 1253 866 et
1313 860 1315 870 .

32 904 132 982 reipsa
152 902 232 966 Deus
254 910 310 978 ost,
334 901 541 964 existimarunt
561 899 654 966 nihilo
676 900 742 983 plus
763 901 794 964 in
816 901 956 982 operibus
969 921 1061 983 posse
1075 922 1163 985 quam
1178 905 1250 969 dae-

32 1023 147 1068 mones.

119 1211 168 1272 16.
212 1208 246 1268 ln
269 1199 415 1270 eiusniddi
436 1207 526 1287 igitur
547 1206 727 1287 impietatem
748 1185 880 1287 prolapsi
902 1215 986 1268 erant
1006 1205 1085 1268 illius
1107 1207 1251 1286 temporis

31 1309 132 1372 ludaei
154 1317 184 1371 et
203 1307 282 1372 inter
302 1309 427 1372 ludaeos
447 1309 608 1372 Pharisaei.
651 1308 803 1370 Salvatore
824 1309 904 1371 enim
919 1307 1075 1370 exhibente
1089 1327 1180 1389 opera
1193 1309 1337 1376 Parnm.

31 1412 87 1472 tris
111 1414 192 1486 (nam
212 1418 349 1474 mortuos
371 1410 530 1485 exulabat,
553 1411 647 1474 caecis
669 1410 764 1472 risum
786 1409 931 1485 donabat,
960 1409 1081 1472 claudos
1103 1409 1254 1472 ambulare

31 1513 167 1587 iaciebat,
189 1512 289 1574 surdis
311 1512 442 1574 auditum
465 1512 623 1592 aperiebat,
645 1511 736 1574 mutis
757 1509 903 1591 loquelam
919 1511 1097 1592 praestabat,
1120 1511 1252 1574 declara-

31 1613 139 1694 batque
167 1613 226 1675 sibi
252 1613 400 1676 subditam
426 1621 589 1676 creaturam
611 1631 694 1688 csso,
723 1613 871 1692 imperans
892 1597 1005 1686 veum,-
1035 1612 1066 1674 in
1088 1613 1155 1693 ipso
1177 1613 1253 1676 mari

31 1715 251 1793 deambulans),
279 1713 385 1778 turbae
406 1714 525 1794 quidem
548 1714 797 1796 obstupescebant
818 1723 849 1776 et
870 1713 1071 1795 glorificabant
1090 1715 1200 1790 Deum,
1224 1723 1254 1777 at

31 1825 136 1880 contra
158 1816 321 1879 admirandi
341 1817 382 1878 illi
398 1816 548 1879 Pharisaei
570 1816 688 1878 aiebant
701 1814 882 1879 Reebobulis
904 1834 973 1878 esse
988 1815 1136 1878 eiusmodi
1151 1835 1252 1897 opere,

31 1939 86 1982 neo
113 1916 329 1982 erubescebant
355 1917 532 1998 insipientes
559 1917 601 1980 illi
627 1917 681 1981 Dei
706 1925 884 1997 potestatem
914 1916 943 1978 in
972 1916 1120 1982 diabolum
1151 1927 1252 1982 trans-

31 2023 119 2082 lerre.
163 2021 247 2082 Unde
269 2020 333 2082 iure
354 2021 460 2082 merito
484 2019 617 2082 Salvator
638 2019 796 2082 declaravit
815 2018 1027 2098 blasphemiam
1044 2021 1180 2099 prolerre
1194 2019 1252 2082 bo-

31 2123 139 2195 mines,
163 2139 237 2201 quae
257 2141 315 2184 nec
335 2121 449 2182 veniam
470 2137 526 2181 nec
546 2118 753 2182 remissionem
774 2120 908 2181 haberet.
951 2119 1024 2182 Nam
1042 2120 1111 2182 dum
1126 2121 1254 2184 humana

31 2223 227 2303 respicientes
250 2221 446 2284 claudicarent
467 2220 565 2282 animo
588 2219 735 2282 dicentes:
764 2221 871 2282 Nonne
900 2221 946 2282 lu'c
968 2232 1013 2283 est
1033 2221 1085 2282 ille
1106 2203 1194 2303 fohri
1212 2223 1254 2303 fi-

31 2325 119 2388 laios?
148 2333 178 2385 et
202 2322 359 2395 Quomodo
382 2321 429 2384 hio
452 2320 558 2382 litores
580 2324 651 2392 soit,
680 2340 746 2384 eum
772 2339 837 2382 noo
865 2318 1027 2384 didicerit?
1055 2329 1084 2383 et
1109 2323 1199 2396 Quod
1220 2320 1259 2388 tu‘

31 2432 108 2507 iocis
133 2429 252 2502 sinnam
273 2423 308 2485 de
329 2419 449 2502 teipso?
470 2429 500 2482 et
520 2421 691 2508 Descendot
711 2439 793 2484 nunc
814 2421 849 2484 de
871 2439 968 2496 cruce,
993 2431 1021 2486 et
1036 2424 1188 2488 credentur
1211 2427 1254 2501 ei3

31 2528 179 2608 patienter
201 2523 266 2586 tulit
286 2522 439 2596 homines,
471 2529 574 2603 utpote
596 2523 646 2602 qui
667 2522 698 2584 iu
718 2521 825 2585 Filium
847 2523 977 2586 bominis
998 2533 1171 2604 peccarent,
1194 2525 1252 2589 do·
1297 2566 1300 2575 ι

31 2630 157 2707 iensque
179 2643 269 2706 super
290 2626 406 2688 illorum
429 2625 567 2688 caecitate
589 2622 718 2686 dicebat:
747 2623 791 2696 Si,
810 2630 1029 2708 copuouisoetis
1053 2639 1082 2692 et
1102 2646 1156 2690 ooo
1178 2646 1254 2709 pune

31 2732 69 2794 nd
87 2749 205 2811 pacem.
237 2729 354 2790 Etenim
377 2737 407 2790 et
427 2745 533 2808 magno
554 2725 654 2818 Petro,
676 2726 756 2806 quod
777 2735 809 2790 ut
824 2727 861 2790 de
875 2728 996 2790 homine
1009 2727 1142 2808 loquenti
1158 2727 1252 2790 ostia·

31 2833 93 2893 riae
116 2831 223 2893 eodem
244 2832 293 2892 ille
315 2830 404 2892 modo
426 2828 646 2910 respondisset,
667 2828 795 2909 ploranti
816 2830 929 2910 ignovit
946 2829 1102 2892 Dominus.
1145 2829 1252 2892 Verum

31 2933 81 2994 ubi
104 2930 148 2992 illi
170 2931 226 2992 iam
249 2939 334 2992 antea
355 2929 430 3009 lapsi
451 2930 558 2994 iterum
579 2930 711 3011 prolapsi
740 2939 809 2994 sunt
837 2939 867 2994 et
886 2931 924 2993 ad
945 2931 1088 2993 maiorem
1109 2930 1254 2993 insaniam

31 3034 234 3106 devenerunt,
262 3031 302 3092 ita
322 3039 356 3092 ut
376 3030 429 3091 Dei
452 3049 541 3110 opera
562 3031 742 3095 Rechebulis
765 3051 834 3096 esse
862 3032 1012 3106 dicerent,
1039 3031 1252 3110 nouulterius

31 3134 98 3194 illos
124 3131 207 3208 tulit3
239 3131 271 3193 in
292 3149 378 3194 suum
400 3129 479 3194 enim
499 3133 641 3212 Spiritum
662 3132 904 3215 blasphemabant
924 3133 1073 3208 dicentes,
1097 3151 1179 3208 eum,
1203 3135 1253 3213 qui

31 3237 106 3298 baec
128 3234 254 3309 iaceret,
276 3249 339 3295 non
361 3250 429 3296 esse
450 3231 542 3295 Deum
572 3235 626 3298 sod
646 3235 860 3298 beelzebulem.
905 3235 1093 3316 Quapropter
1119 3253 1173 3296 eos
1200 3244 1253 3298 ut·

31 3346 99 3418 pote
122 3353 185 3397 non
206 3335 327 3398 terenda
348 3353 439 3398 ausos
462 3336 590 3399 aeternis
612 3336 723 3400 addixit
744 3329 915 3426 suppliciis.⁴
950 3336 1076 3399 Perinde
1096 3335 1175 3398 enim
1191 3345 1259 3412 orat¹
1301 3413 1302 3419 ἵ

31 3440 117 3514 illud,
142 3455 178 3500 ae
198 3437 245 3514 si,
268 3437 337 3500 dum
359 3433 515 3500 cernerent
534 3438 637 3502 mundi
659 3439 793 3502 ordinem
815 3447 846 3502 et
865 3439 1080 3520 providentiam
1101 3437 1175 3500 baec
1194 3456 1251 3519 gu-
1347 3439 1352 3454 “

31 3593 130 3648 uenter.
151 3599 175 3641 et
188 3589 296 3640 Felclm.
311 3589 331 3639 l.
349 3581 401 3650 τὴν
417 3581 446 3639 ln
464 3587 511 3650 aris
529 3585 620 3640 round·
667 3593 725 3644 teris
749 3593 860 3644 omnibus
884 3593 1062 3674 npnpseriptis.
1097 3591 1171 3672 Panlo
1195 3599 1252 3656 post

31 3677 83 3723 rus·
667 3663 725 3725 lien.
743 3670 766 3711 et
783 3661 882 3724 Segusa.
900 3673 953 3710 ono
972 3673 1021 3710 rou
1039 3667 1251 3728 caesareensem.

61 3748 82 3780 e.
103 3729 206 3790 sepner.
226 3716 387 3778 δεικνύντος.
417 3725 476 3775 lbid.
487 3725 584 3776 Goblar.
595 3735 619 3777 et
666 3729 728 3780 Editi
746 3722 791 3779 tut
807 3727 857 3778 τοῦ
874 3727 1002 3796 σταυροῦ.

31 3799 135 3876 lemma
149 3793 172 3844 ¹·
191 3791 240 3872 τοῖ’
256 3784 361 3910 ’msa‘
377 3784 445 3857 ἔργα
455 3786 496 3871 fi
510 3787 618 3872 ''Q“
683 3807 717 3871 t.
733 3813 844 3887 μεγάλῳ
861 3821 929 3872 abest
945 3822 1066 3873 aGoblor.
1076 3819 1213 3871 etFelclm.
1228 3785 1251 3872 i.

31 3883 76 3924 [αι
98 3879 127 3913 ⁰⁶
143 3855 199 3930 W
216 3856 293 3926 ΨΜ
322 3855 391 3916 3⁸⁸²·
412 3874 509 3910 ΜΝ*
526 3864 617 3912 ΝΜ·
665 3887 719 3939 lior
746 3890 802 3952 fleg.
824 3891 925 3954 Seguer.
947 3889 1045 3941 Gohlor.
1069 3896 1094 3939 et
1109 3889 1215 3939 Felclm.
1228 3889 1251 3940 1.

36 3937 120 3987 urcem
141 3933 200 3992 uec·
220 3938 244 3980 o
260 3929 359 3990 Setun·
370 3921 526 3993 elapsam.
553 3927 617 3980 suto
665 3949 801 4023 aeneae,
818 3955 853 4036 εἷ]
869 3955 997 4026 θυρωρῷ.
1031 3957 1095 4008 sarta
1113 3965 1137 4007 o
1154 3957 1194 4008 aur
1206 3951 1253 4004 t«-

31 3997 209 4132 &affigam
226 4056 388 4124 &amm
410 4063 463 4113 uox
485 4062 542 4125 Re&
568 4056 620 4120 3&-
668 4019 787 4086 λησάσης
809 4038 857 4084 της
872 4023 1010 4093 θυρωροῦ.
1045 4023 1142 4077 Gobler.
1160 4025 1252 4086 lngiic.
1314 4067 1320 4081 .

31 4133 193 4200 πλήττοντα.
229 4132 303 4184 Paulo
321 4139 377 4198 post
384 4125 545 4197 suspectat
552 4131 620 4184 deest
669 4101 693 4143 οἱ
709 4093 813 4144 Felckm'
824 4093 847 4142 ¹'
865 4107 919 4144 '¹¹⁰¹
936 4084 1252 4161 ωοῃιᾶποκρωμένφ·

31 4226 46 4260 n
66 4209 169 4260 Goblor.
192 4211 217 4254 et
233 4199 338 4252 Felcbm.
351 4202 373 4254 l.
702 4201 724 4250 ε.
742 4187 799 4249 neg.
817 4179 867 4235 τόν
884 4185 955 4237 molo.
988 4186 1040 4237 llos
1058 4185 1193 4262 Seguenet
1210 4183 1252 4260 alii

59 4292 81 4326 e,
100 4273 152 4324 τοῦ
179 4273 250 4323 deses
268 4271 292 4320 in
310 4269 388 4322 witi..
424 4267 472 4318 ssd
489 4267 576 4330 legitur
592 4269 617 4320 pn
668 4256 764 4320 quidem
784 4256 879 4306 codices
897 4255 1030 4306 comeditis
1043 4255 1251 4305 habenttomo

31 4348 84 4407 leg.
104 4353 130 4394 et
147 4343 249 4404 Seguor.
274 4346 298 4389 et
321 4339 422 4389 hebetur
438 4337 462 4386 in
481 4337 617 4399 Evangelio.
666 4319 782 4389 π’ἒῧμα·
815 4323 863 4374 Sed
879 4317 950 4372 aare
967 4321 1035 4374 deest
1052 4321 1173 4384 iubuslio
1193 4317 1251 4370 etin

31 4415 79 4460 uox
98 4404 132 4458 mi
152 4409 242 4472 legitur
259 4407 283 4456 in
300 4407 404 4457 loicbm.
422 4404 447 4456 2.
465 4413 489 4456 ct
506 4407 529 4456 in
547 4407 619 4456 editis
666 4391 722 4455 flii·
742 4391 846 4444 destitit!
864 4399 909 4442 0³²·

31 4481 181 4542 habeturque
199 4474 368 4538 inbrangelic,
385 4474 430 4528 sed
447 4473 515 4526 deest
532 4476 556 4526 in
575 4490 614 4526 ce·
699 4477 723 4528 h.
740 4471 788 4528 καί
803 4477 871 4530 deest
887 4477 912 4528 in
929 4475 1034 4528 falcem,
1052 4471 1075 4523 2,

991 4552 1049 4606 hl*
