3212 5060
530 226 637 270 onarro
653 225 695 270 ru.
712 225 977 270 courmaaranos.
1079 272 1084 286 ,
1284 212 1344 280 567
1411 291 1419 314 0

116 378 256 440 differret
277 374 419 456 tempus?
448 375 471 436 Ε
494 376 642 438 contrario
666 384 763 438 autem
786 375 851 455 quis
874 375 924 436 illo
947 375 1083 452 ignorato
1105 394 1164 436 non
1188 397 1222 439 se
1244 380 1429 458 quoti-uns.

117 479 171 540 die
194 478 298 540 debeat
319 475 446 559 parare?
479 476 555 538 Hinc
576 475 708 538 subdidit
730 476 877 538 Salvator:
912 475 1034 554 Vioilotc
1057 495 1139 556 eron,
1162 483 1232 558 onio
1253 471 1429 562 neccaram.

115 599 178 644 voa
200 585 311 653 nostis,
334 599 393 662 qno
415 579 492 641 horo
513 579 661 642 Dominus
684 589 786 642 caster
808 589 955 642 cantaros
978 581 1033 648 sa't,
1057 584 1101 638 et:
1125 599 1184 660 orto
1206 599 1267 643 noo
1287 603 1346 662 po-

118 685 194 744 toris
219 683 296 745 horo
317 681 401 762 filins
425 680 552 746 hominis
574 683 684 742 veniet.
728 679 830 758 ltaque
860 677 897 740 ob
925 667 1097 751 utilitatem,
1128 697 1201 758 quae
1231 701 1265 742 er
1292 684 1347 744 hac

119 783 222 846 oritur
244 781 424 862 ignorantia,
454 782 495 844 ita
517 789 564 844 est
584 781 710 844 locutus.
755 779 809 842 liis
832 781 909 842 euim
932 779 1031 840 verbis
1054 798 1110 867 nos
1133 780 1287 857 hortatur,
1316 794 1350 846 nt

120 897 243 966 semper
265 886 358 966 parati
382 885 503 946 simunt
531 883 591 943 Vos
614 883 709 956 anim,
733 882 843 962 inquit,
866 882 1008 956 nescitis,
1032 901 1086 962 ego
1110 901 1180 944 vcro
1203 883 1347 946 Dominus

119 989 193 1049 novi
217 988 333 1068 quando
357 993 497 1050 venturos
520 1003 601 1058 sum,
624 985 757 1064 quamvis
779 983 878 1046 Ariani
900 1003 963 1058 me,
995 983 1043 1064 qui
1067 983 1163 1052 Patris
1186 1005 1251 1048 sum
1272 987 1348 1048 Ver-

123 1089 207 1166 bum,
229 1109 290 1152 non
313 1095 478 1170 expectent.

212 1297 264 1356 50.
288 1291 339 1352 Sic
360 1308 432 1368 argo
454 1287 608 1360 Dominus,
632 1288 682 1367 qni
704 1288 773 1368 quid
795 1287 882 1350 nohis
899 1265 1171 1367 expediretmelius
1188 1309 1273 1368 quam
1289 1309 1346 1352 nos

122 1402 258 1465 noverat,
282 1411 355 1452 suos
378 1389 538 1470 discipulos
560 1389 686 1450 firmavit
707 1407 740 1451 ac
754 1389 887 1460 munivit,
910 1389 1011 1470 illique
1026 1389 1196 1452 huiusmodi
1211 1392 1347 1454 instructi

125 1493 331 1556 admonitione
359 1491 588 1554 emendaverunt
616 1489 895 1552 Thessalonicenses
926 1509 959 1552 ea
987 1492 1018 1552 in
1051 1509 1083 1552 re
1112 1492 1240 1572 alioquin
1264 1512 1346 1555 erra-

124 1603 222 1656 turos.
257 1594 381 1667 Quando
403 1611 474 1654 vero
497 1611 592 1674 neque
614 1593 662 1654 his
685 1593 793 1654 cedunt
807 1591 917 1656 Christi
938 1593 1053 1666 hostes,
1076 1595 1277 1662 tametsiuon
1300 1615 1347 1656 me

124 1697 214 1776 sugit,
246 1697 350 1758 durius
372 1694 430 1758 iliis
454 1713 506 1756 cor
528 1715 596 1758 osso
618 1713 704 1775 qnam
726 1693 902 1768 Pharaoni,
917 1693 1009 1773 piacet
1033 1703 1129 1756 nmen
1152 1695 1218 1758 iilos
1240 1695 1346 1760 iterum

123 1818 157 1860 ea
181 1799 217 1860 dc
239 1817 272 1860 re
294 1798 489 1878 interrogare.
532 1797 611 1860 Bous
634 1797 664 1858 in
686 1797 828 1860 Paradiso
851 1805 1073 1876 percunctator:
1103 1799 1196 1860 Adam
1218 1801 1272 1860 oha'
1292 1797 1369 1860 aad·

122 1899 247 1962 Cainum
268 1919 386 1981 quoquo
409 1890 475 1980 ipse
496 1899 673 1980 interrogat:
712 1899 769 1963 Udi
787 1909 833 1962 est
854 1899 928 1962 Atat
947 1900 1051 1980 [rotor
1072 1897 1170 1962 tona?
1200 1899 1276 1974 Quid
1300 1899 1348 1960 hic

121 2001 222 2082 itaque
244 1999 457 2082 respondetis?
479 2002 549 2064 Nam
572 2002 597 2064 si
620 2019 687 2064 eum
709 2002 826 2064 nescire
846 2000 1033 2074 existimatis,
1058 2009 1085 2063 et
1107 2001 1216 2064 idcirco
1240 1997 1346 2064 scisci·

120 2103 195 2178 tari,
231 2123 297 2166 cum
324 2102 502 2166 hianichaeis
531 2103 665 2180 proiecto
699 2103 891 2174 consentitis,
926 2104 976 2181 qui
1004 2103 1139 2164 videlicet
1160 2104 1216 2164 ista
1238 2103 1347 2164 audent

119 2207 239 2268 docere.
273 2207 325 2270 Sin
348 2215 447 2266 autem
470 2203 564 2275 veriti,
588 2221 626 2262 ne
641 2201 800 2264 Manichaei
823 2201 917 2279 paiam
940 2203 1076 2276 audiatis,
1100 2205 1145 2265 vel
1167 2204 1248 2266 inviti
1271 2223 1344 2265 con-

119 2309 226 2368 ceditis
256 2327 323 2368 eum
352 2306 494 2367 scientem
527 2303 729 2379 interrogare,
763 2301 831 2380 quid
865 2321 976 2378 quaeso
1009 2303 1169 2366 absurdum
1198 2315 1249 2368 aut
1275 2307 1344 2386 quid

119 2409 232 2470 mirum
255 2405 338 2466 robis
361 2404 492 2477 videtur,
517 2401 541 2463 si
564 2401 671 2474 Filius,
700 2399 730 2462 in
753 2421 812 2482 quo
837 2411 905 2462 tunc
926 2401 1005 2464 Deus
1027 2403 1245 2483 interrogabat,
1266 2407 1344 2470 idern

121 2509 243 2587 iuquam
266 2506 332 2586 ipse
347 2503 438 2566 Filius
461 2522 548 2566 carue
570 2503 767 2566 circumdatus
790 2503 952 2583 discipulos
975 2513 1120 2584 tamquam
1137 2507 1227 2570 homo
1250 2509 1343 2572 inter-

121 2605 232 2688 roget?
254 2607 312 2668 nisi
335 2609 411 2668 torte
432 2605 592 2668 Manichaei
614 2605 671 2668 iam
698 2605 766 2668 iacti
789 2605 871 2668 iilum
888 2605 1055 2685 scripturae
1070 2607 1177 2684 iocum,
1200 2610 1249 2673 uhi
1264 2611 1343 2676 Deus

120 2711 265 2773 Adamum
287 2710 465 2790 interrogat,
489 2710 584 2772 vetitis
605 2708 840 2790 reprehendere,
869 2707 958 2789 idque
981 2727 1016 2770 oo
1040 2717 1152 2770 tautum
1174 2711 1289 2786 animo,
1311 2723 1345 2776 ut

122 2833 199 2874 nova
222 2812 357 2891 improbe
380 2811 552 2890 excogitatis
576 2821 606 2873 et
626 2813 770 2874 audeatis.
807 2811 883 2872 Hinc
905 2809 983 2872 enim
1007 2809 1037 2870 in
1058 2809 1196 2872 omnibus
1219 2797 1343 2876 convicti

124 2913 222 2973 Lucae
245 2911 333 2972 rerba
356 2913 413 2972 iam
437 2911 649 2984 insusurratio,
681 2931 755 2990 quac
783 2910 903 2992 quidem
932 2920 1011 2974 recte
1040 2919 1109 2974 suut
1125 2903 1221 2984 dicta,
1252 2915 1343 2982 sada

124 3011 210 3072 nohis
231 3029 372 3089 perverse
395 3011 604 3090 intelliguntur.
640 3013 790 3086 Quaenam
811 3021 907 3076 autem
932 3013 978 3078 itta
1001 3013 1070 3084 sint,
1094 3013 1200 3100 afferre
1221 3029 1344 3078 necesse

126 3121 181 3187 est,
205 3121 237 3173 ut
257 3112 313 3173 hac
334 3111 421 3174 etiam
444 3111 558 3174 ratione
579 3121 686 3194 pateat,
710 3134 795 3193 quam
818 3123 986 3194 corruptam
1008 3114 1048 3176 ilii
1064 3113 1192 3176 habeant
1206 3117 1344 3176 mentem.

207 3421 258 3482 51.
302 3416 384 3480 Haec
403 3415 492 3497 igitur
514 3427 585 3480 snut
606 3418 703 3512 Lucae
725 3419 828 3482 rerba:
850 3419 889 3482 Bt
912 3419 998 3485 Isana
1017 3419 1198 3501 proficiebat
1220 3421 1343 3500 sopien-

126 3523 166 3582 ta'o
188 3529 216 3581 at
237 3529 333 3581 notate
354 3530 384 3581 ot
403 3523 505 3600 arctio
527 3521 609 3602 nond
630 3520 726 3584 Deum
749 3532 777 3584 et
799 3521 940 3586 hominos.
973 3519 1029 3590 iiic
1049 3521 1167 3610 inquam
1189 3519 1238 3587 itte
1259 3519 1342 3584 locus

122 3705 220 3768 segnes.
239 3696 269 3753 ἰν
285 3702 324 3769 τῷ
341 3699 507 3772 παραδείσῳ.
527 3706 605 3758 deteri
615 3715 637 3758 et
648 3708 705 3759 editi
757 3707 814 3760 editi
837 3703 1071 3776 περιβαλλόμενος.
1106 3708 1197 3763 lhidern
1223 3707 1294 3762 hasii.
1318 3716 1341 3759 et

121 3765 151 3822 ἒν
168 3765 252 3837 dirui
269 3767 435 3837 παραδείσῳ.
470 3775 560 3824 ibidem
580 3776 635 3838 hag.
648 3777 670 3826 1.
682 3785 706 3826 et
756 3776 861 3826 iniciam.
879 3779 903 3827 5.
929 3791 975 3842 pro
1003 3773 1059 3822 τῶν
1085 3773 1221 3842 μαθητῶν
1253 3775 1342 3829 habent

122 3842 221 3902 Segusa.
237 3835 406 3888 moravam
424 3833 438 3888 1
456 3833 522 3894 θεὸς
536 3837 631 3906 Myon.
660 3844 705 3894 atii
756 3835 855 3898 αότιῦν.

122 3917 146 3958 at
161 3909 217 3958 aditi
240 3900 447 3958 uaraommt
470 3901 535 3962 orte
557 3901 705 3977 nod'atddan
790 3926 822 3964 m.
839 3913 879 3964 Sic
897 3913 953 3974 aaa.
967 3911 997 3971 1.,
1016 3919 1041 3966 nt
1059 3918 1082 3960 et
1100 3911 1252 3965 amandatum
1270 3911 1341 3965 estin
1422 3943 1428 3958 ο

120 3971 214 4040 Myon.
755 3980 853 4040 &aneu
887 3971 1240 4039 11111ἰοιεάὶϋθι1ἡσετε.

154 4045 176 4092 h.
194 4043 234 4094 Sic
252 4045 309 4106 tien.
322 4043 342 4094 1.
360 4043 542 4106 Sennea-Goth.
560 4053 584 4094 ct
598 4045 703 4096 Felsina
789 4061 812 4098 n.
837 4047 877 4097 Sic
901 4048 999 4109 Segner.
1024 4046 1122 4098 Gnhler.
1147 4056 1170 4097 et
1194 4047 1297 4101 aaron.
1318 4045 1339 4100 1.

123 4111 145 4160 1.
179 4113 206 4162 ht
224 4111 307 4162 ahiat
326 4107 556 4176 εάἰιίλέγωνποιῑ
574 4120 620 4162 etc.
756 4116 784 4163 Λι
802 4115 858 4174 Rea.
879 4114 901 4164 1.
919 4107 1086 4179 τονθρύζετε.
1120 4115 1210 4176 anglic.
1227 4107 1341 4166 ὕπατον·

155 4179 170 4228 1.
187 4179 327 4242 Segurrian.
351 4189 376 4232 et
399 4183 455 4244 hog.
474 4180 498 4232 2
520 4171 704 4237 umanum,
755 4173 890 4246 θορόζετε.
929 4183 1015 4244 Regina
1030 4181 1053 4234 2.
1071 4179 1219 4250 θορυβεῖτε.
1255 4182 1299 4232 atn
1318 4189 1340 4230 et

121 4245 243 4298 mendose.
757 4249 828 4298 editio
847 4249 963 4301 Commai.
979 4243 1144 4316 docendian.
1182 4249 1241 4299 ibid.
1259 4243 1342 4299 πάλιν

156 4315 176 4364 h.
196 4316 251 4378 Rea.
263 4315 284 4368 1.
303 4317 402 4380 Segner.
421 4317 518 4370 Gohler.
531 4317 707 4373 nitimini,
757 4316 824 4366 deest
842 4318 864 4366 in
885 4319 940 4381 hag.
957 4319 978 4367 1.
996 4319 1095 4380 Segusa.
1114 4316 1245 4367 contenet
1256 4315 1340 4366 Fatet-

118 4374 252 4432 tancane.
756 4384 836 4439 manni
856 4385 878 4440 1.
915 4377 1340 4448 transnoanoe.t.noent1oi

32 4453 33 4458 ’
155 4450 170 4500 l.
189 4451 337 4514 Statiani.
356 4453 497 4518 etSaanar.
530 4453 708 4506 attimacum
756 4449 856 4515 Δουκᾷ.
894 4397 1349 4532 Έε1ι1ιιιι.5.1111.ἓτιὲἶκα1ῷς..
