3216 5048
438 279 446 291 ’
545 313 654 359 emmo
669 315 690 357 ι.
706 315 822 360 eoum
835 315 970 360 tonsor.
1229 317 1234 332 ·
1301 301 1362 366 ast

64 449 72 461 ’
136 468 260 550 largitor
285 467 376 530 homo
404 463 503 528 nostri
530 463 636 528 similis
663 466 704 529 sit
733 469 867 530 elleelus.
910 466 1047 531 &teram
1069 467 1135 548 ipse
1151 467 1291 539 ,Salvator
1312 483 1449 530 se-r.ur.

138 571 236 652 ipsum
258 568 432 640 humiliavit,
454 585 523 629 oum
543 573 679 630 nostrum
700 568 810 632 humile
832 587 941 648 eorpus
962 569 1225 652 oeeeqritserrlque
1239 571 1365 632 lormsm

137 672 250 744 induit,
279 689 345 736 eom
375 687 513 742 monem,
543 687 619 748 quae
645 677 764 750 peceato
793 671 957 750 msnoqotn
984 679 1062 742 erat,
1091 671 1241 734 assumsit
1286 669 1366 734 Nihil

137 782 238 836 autem
259 774 336 853 ipse,
358 789 418 850 qno
439 769 546 832 melior
567 769 661 844 heret,
684 791 701 831 a
722 769 812 832 nohis
833 771 946 844 hahuit,
968 771 1112 850 siquidem
1127 775 1205 836 nulla
1226 791 1260 834 re
1282 773 1362 835 indi-

137 883 198 954 get,
222 873 276 934 sed
297 871 418 952 plenum
440 877 470 932 et
491 871 654 950 perlectum
676 879 724 934 est
743 872 798 933 Dei
812 871 951 934 Verbum.
988 872 1094 934 Verum
1116 893 1171 936 nus
1193 875 1241 937 ille
1262 875 1362 955 potius

139 974 240 1038 elleeit
260 971 410 1034 meliores.
453 971 526 1034 Nam
555 972 622 1052 ipse
643 973 692 1035 lux
715 981 778 1047 est,
813 991 888 1053 quse
910 972 1055 1035 illuminet
1077 993 1192 1036 utntrettt
1214 977 1362 1040 hominem

141 1075 307 1136 uenientem
330 1073 361 1134 ln
381 1072 534 1134 mundum.
578 1072 699 1135 Frustra
718 1091 811 1154 pomo
832 1073 934 1135 Ariani
956 1072 1164 1134 coniunctione
1185 1077 1295 1140 ideireo
1314 1078 1447 1162 niens.

142 1183 257 1250 tuntur,
276 1174 326 1236 uhi
348 1173 489 1236 nimirum
510 1173 551 1236 eit
571 1173 697 1236 Paulus:
720 1175 839 1240 ldor'reo
862 1187 891 1239 et
904 1176 987 1239 ltere
1010 1173 1160 1238 enullavit
1179 1175 1275 1238 illuns.
1305 1177 1366 1242 llee

73 1291 87 1308 ³
141 1275 220 1338 enim
240 1275 325 1338 hisee
346 1274 447 1336 rerhis
469 1275 632 1354 praemium
653 1275 771 1340 uirtutis
793 1277 838 1338 rel
857 1275 1073 1339 incrementum
1090 1276 1122 1336 in
1142 1275 1249 1338 melius
1272 1276 1366 1354 signi·

29 1455 40 1466 -
139 1378 253 1452 llosvit,
281 1377 334 1440 sed
362 1377 459 1438 nostri
487 1395 576 1440 eausa
604 1377 708 1440 motem
740 1377 958 1452 enaltstionern.
1002 1377 1080 1452 Quid
1103 1395 1173 1440 rero
1196 1375 1265 1440 illud
1288 1377 1367 1440 aliud

139 1487 205 1551 est,
234 1497 322 1559 quam
345 1497 427 1552 oum,
455 1479 506 1558 qui
528 1477 559 1540 in
580 1481 676 1541 lorme
698 1479 751 1541 [tsi
774 1488 853 1554 erat,
882 1479 1121 1560 nobilissimique
1141 1479 1238 1560 Patris
1260 1479 1366 1542 Filium

138 1579 273 1660 seipsum
296 1578 478 1653 humiliasse,
501 1587 532 1641 et
552 1581 650 1642 nostri
671 1581 735 1642 vioe
756 1599 791 1642 ae
805 1590 930 1661 propter
943 1599 1000 1644 nos
1016 1599 1136 1644 seruum
1153 1599 1219 1644 esse
1233 1579 1368 1642 laetum?

139 1681 203 1746 Nisi
225 1682 307 1745 enim
326 1681 471 1743 Dominus
494 1681 585 1742 home
607 1681 716 1744 luisset
735 1684 846 1755 lamus,
874 1699 1024 1762 nunquam
1046 1700 1102 1744 nos
1124 1701 1142 1745 s
1162 1683 1292 1762 peomlis
1315 1671 1385 1745 res

139 1785 212 1848 dimi
233 1784 279 1846 rel
301 1782 464 1846 amortuis
488 1783 608 1845 exdtmi
629 1783 849 1864 potuissemus,
878 1784 932 1846 sed
961 1785 1070 1847 mortni
1098 1783 1154 1847 suh
1184 1792 1291 1848 terram
1314 1803 1365 1846 re-

141 1885 367 1958 mansissemus,
391 1903 487 1964 neqoe
506 1903 634 1965 unquam
649 1885 681 1946 in
703 1885 802 1946 caelos
824 1884 986 1948 fuissemus
1009 1887 1110 1960 eveoti,
1133 1885 1186 1948 sed
1209 1887 1239 1950 itt
1261 1886 1365 1948 inleris

140 1985 343 2050 inmissemns.
385 1987 487 2068 ltaque
508 1995 633 2068 propter
652 2005 710 2048 nos
733 1996 763 2049 et
784 2003 838 2066 uro
859 1985 947 2050 nohis
970 1986 1040 2050 illud
1062 1987 1171 2052 dictum
1194 1998 1254 2052 est:
1277 1988 1365 2052 eoel-

141 2092 219 2152 teoil
240 2097 270 2151 ot
292 2089 424 2152 donarit.
1265 2093 1270 2100 '

225 2293 278 2355 tt.
322 2289 407 2351 lluno
428 2307 484 2368 ego
500 2307 624 2351 sensum
638 2287 728 2350 huius
742 2289 801 2351 leei
815 2307 895 2362 esse,
920 2290 1106 2370 eundemque
1128 2291 1254 2352 menime
1270 2291 1365 2354 eoele-

140 2389 293 2452 siastieum
316 2389 454 2450 arbitror.
497 2389 562 2450 ltto
585 2397 684 2450 temen
705 2390 795 2452 modo
819 2391 871 2453 sed
894 2390 957 2471 peri
978 2392 1123 2454 sententio
1140 2391 1218 2454 idem
1240 2391 1371 2461 itadioet

143 2489 348 2568 interpretari,
370 2495 403 2549 ut
424 2507 530 2568 nempe
552 2489 611 2552 illis
634 2489 732 2553 verbis
746 2509 815 2556 non
837 2490 999 2566 indioetur,
1023 2491 1150 2556 Verbum
1174 2492 1270 2574 ipsum
1292 2513 1368 2574 qne-

142 2597 230 2660 tenus
253 2597 300 2650 est
321 2589 448 2652 Verbum
469 2590 604 2666 exoltari3
626 2610 704 2667 nrm,
727 2601 758 2655 nt
780 2591 868 2673 poulo
890 2600 958 2655 onte
981 2601 1027 2656 est
1048 2593 1167 2669 dietum,
1190 2585 1368 2658 altissimum

142 2691 298 2771 simileque
325 2690 422 2754 Patris
445 2699 501 2754 est
545 2693 652 2756 Verum
680 2693 852 2757 huiusmodi
880 2693 958 2758 dioto
988 2695 1168 2760 resurreetio
1195 2715 1211 2758 a
1240 2695 1368 2759 mortuis

139 2793 325 2874 signilloatur
345 2801 469 2874 prepter
497 2794 654 2856 homonem
682 2795 718 2857 ah
748 2815 784 2858 eo
807 2805 969 2858 assumtam
996 2805 1141 2860 neutram.
1184 2797 1261 2860 flius
1282 2807 1368 2877 post-

143 2909 232 2974 quam
253 2893 341 2956 dixit:
360 2893 542 2959 ‚remitiano
560 2900 751 2976 sennensem
770 2915 865 2977 eoqoe
886 2899 925 2960 sd
946 2907 1089 2972 mortem,
1121 2899 1220 2961 statim
1241 2897 1368 2960 addidit:

142 2997 258 3058 ideireo
280 2995 444 3068 emolteor't,
479 2993 587 3074 quihus
609 2995 709 3074 utique
731 2996 829 3058 verhis
852 2997 913 3058 vult
934 2997 1108 3072 ostendere,
1132 3017 1214 3069 eum,
1238 2999 1371 3077 quamvis

143 3103 289 3176 quatenm
311 3094 404 3158 homo
425 3103 473 3158 est
494 3101 630 3158 mortuus
653 3115 722 3158 esse
743 3095 866 3169 dieitur,
893 3103 924 3156 et
945 3105 1091 3175 quotenos
1115 3102 1163 3158 est
1184 3097 1243 3158 rite
1266 3115 1370 3158 resur·

142 3195 275 3259 reetione
296 3195 453 3259 exaltatum
475 3195 585 3272 luisse3
607 3213 676 3258 nam
698 3199 751 3279 qui
767 3196 929 3269 deseendit,
951 3201 1016 3278 ipse
1037 3204 1082 3260 sol
1104 3201 1208 3278 etqui
1227 3197 1370 3260 orendil.

142 3295 296 3377 Siquidem
317 3315 445 3377 corpore
465 3296 636 3372 deseendit,
663 3297 829 3360 resurrexit
849 3315 936 3372 roro,
965 3297 1033 3378 quis
1061 3296 1128 3378 ipse
1148 3297 1228 3360 Deus
1257 3305 1319 3358 erat
1340 3298 1372 3360 iu

143 3413 284 3478 euroni-oq
307 3399 437 3479 haeoque
457 3417 562 3468 rursus
583 3417 674 3484 muso
696 3407 753 3474 est,
776 3417 830 3462 eur
843 3417 881 3462 ee
897 3417 988 3462 sensu
1003 3397 1241 3462 eonionotionem
1257 3399 1371 3464 ideireo

142 3499 324 3574 adhibuerit,
353 3519 428 3581 quse
455 3519 511 3563 nee
532 3501 651 3564 virtutis
673 3519 730 3564 nee
750 3501 925 3564 inerementi
948 3500 1071 3563 alienius
1100 3501 1267 3564 mercedem
1290 3499 1370 3564 indi-

142 3605 238 3674 earel,
268 3601 322 3664 ssd
344 3621 463 3666 oausam
486 3603 662 3676 declararet,
689 3611 814 3684 proptu
841 3621 929 3684 quam
951 3605 1025 3666 loeta
1047 3612 1094 3668 est
1114 3602 1312 3676 resurreetio,
1340 3609 1372 3664 et

143 3719 235 3781 quare
262 3701 312 3766 atti
339 3703 457 3784 quidem
485 3703 622 3768 homines
649 3703 686 3768 eh
706 3704 799 3768 Adom
827 3705 864 3766 ad
892 3705 951 3766 hoo
978 3723 1073 3786 usquo
1105 3695 1229 3784 tempus'
1243 3709 1371 3766 mortem

144 3802 274 3866 ohierint
294 3803 462 3884 mortuique
483 3805 661 3882 manserint,
689 3805 773 3868 solos
802 3825 871 3868 rero
900 3805 949 3867 ille
976 3805 1091 3888 integer
1112 3825 1148 3868 ex
1170 3805 1296 3868 mortuis
1319 3822 1370 3866 re·

145 3905 317 3969 surrexerit.
362 3905 443 3969 llaee
463 3915 561 3970 autem
583 3925 671 3970 eausa
693 3907 742 3972 illa
763 3916 824 3983 est,
854 3925 942 3988 quom
971 3907 1038 3989 ipse
1065 3905 1148 3988 prius
1175 3923 1232 3967 nos
1261 3903 1371 3978 doerit,

143 4063 169 4108 nt
183 4045 212 4109 'et
228 4015 337 4114 donnino
355 4059 420 4122 legit
455 4059 501 4110 llil
518 4067 542 4110 et
556 4059 733 4111 editlocenm.
785 4053 964 4174 Boettrnnlflg
983 4055 1154 4180 eezfctmssde,
1173 4049 1271 4118 ἀνέστη
1288 4050 1319 4106 di
1338 4047 1375 4110 dc

141 4117 189 4174 ael
205 4115 235 4176 ἒν
254 4118 386 4194 ὁμοιώσει
401 4121 507 4195 πατρὸς
522 4119 591 4178 oio'r.
783 4119 862 4186 dede,
883 4117 928 4176 ὅτι
977 4126 1010 4175 ds
1096 4127 1140 4176 llil
1167 4141 1222 4176 rer-o
1250 4135 1274 4174 et
1300 4124 1373 4174 editio

176 4207 198 4244 ο.
216 4192 307 4262 μικρῷ
329 4187 456 4262 πρόσθεν
478 4195 545 4247 ahest
563 4211 576 4248 a
593 4195 693 4276 thlsr.
710 4202 735 4246 sl
785 4183 1020 4256 consistentem
1040 4185 1373 4272 dtlsssso'syetqan-

142 4259 282 4377 }'eletrmt‘
318 4261 378 4344 lhjd.
397 4265 497 4328 Sequar.
514 4263 605 4344 ‚⁰²fl‘3'
618 4267 735 4328 urllmor
781 4269 832 4379 “qm
858 4262 1003 4382 αέἰιὶῢὲὲῖηοι
1021 4271 1044 4313 et
1063 4275 1121 4314 mss.
1140 4269 1163 4312 et
1181 4261 1237 4310 edrtr
1255 4267 1311 4323 post
1327 4269 1374 4304 κα-

144 4341 362 4450 affinitio?
377 4331 736 4466 &tqlrffiqtmzqrwtze‘tceffl
785 4331 847 4460 εἴ,
860 4401 962 4460 Sequor.
985 4391 1030 4446 stoi
1053 4387 1083 4446 is
1100 4393 1133 4462 τῇ
1148 4387 1262 4474 gqurvolq
1277 4383 1373 4460 sodrq.

142 4453 241 4530 ὅμοιος
257 4465 297 4531 rql
313 4465 406 4534 neret.
782 4465 852 4518 'ldsn
870 4466 944 4530 poulo
954 4469 1018 4530 'post
1035 4455 1069 4514 δι’
1089 4453 1124 4522 ἢν
1140 4470 1299 4522 venaeque.

134 4573 141 4584 .
177 4529 388 4586 t.'rstetnsn.t.
412 4529 460 4589 καὶ
474 4525 612 4598 demde,
639 4534 732 4586 lhidem
820 4533 844 4582 h.
863 4535 963 4595 Sequor.
979 4525 1026 4578 seri
1042 4529 1138 4582 omittit.
