2822 5030
334 209 450 254 corrrru
464 211 681 256 anoccrutrruu
698 213 786 258 curun
800 214 833 257 rr.
1127 205 1189 272 913

2 369 63 427 aris
86 369 157 426 erat.
200 360 362 441 Postquam
385 371 482 426 autem
504 361 558 424 llel
578 361 749 426 mondatuua
770 373 976 444 uansgressus
1000 376 1059 442 est,
1092 371 1122 437 iu
1144 372 1276 436 vi-rotu

1 485 63 540 osas
86 465 187 545 lapsos
211 472 258 534 est
280 463 485 542 cogitationes,
508 483 568 526 non
591 464 671 544 quod
692 465 772 528 Deus
794 465 858 528 illes
880 467 1094 546 cogitationes,
1117 491 1192 554 quae

7 588 22 628 s
46 567 77 628 in
100 563 294 645 captivitatem
317 565 463 644 redigunt,
486 565 661 638 condiderit,
685 566 737 628 sed
759 568 838 646 quod
860 567 994 632 diabolus
1010 572 1112 634 lreudc
1127 573 1192 660 illap

1 665 155 730 'rationali
183 665 337 728 homiuum
366 675 469 730 nature
497 667 529 730 iu
556 667 809 746 praevaricatione
837 671 997 734 constituta
1026 681 1056 734 et
1083 690 1100 734 a
1126 674 1190 738 lleo

2 768 88 847 pulsa
108 765 192 847 quasi
216 766 343 828 alienum
366 786 468 830 semen
490 767 650 834 induxerit,
673 768 714 830 ita
736 779 768 830 ut
789 769 924 832 diabolus
952 771 1048 852 legem
1077 777 1190 858 peccati

19 879 122 932 natura
144 868 274 932 hominis
297 869 484 933 constituerit
505 888 622 950 unaque
644 877 783 944 mortem,
809 887 884 949 quae
904 889 960 950 per
980 892 1056 954 opus
1077 878 1191 956 peceati

19 971 67 1032 illa
90 970 271 1050 dominatum
295 978 438 1033 exerceat.
482 971 628 1045 Quocirca
649 972 730 1034 venit
743 971 835 1034 Filius
851 971 914 1042 llei,
936 981 969 1034 ut
991 975 1087 1038 solrat
1100 995 1191 1058 opera

5 1071 85 1134 tholi.
129 1071 187 1134 Sed
210 1072 343 1134 instetis:
372 1073 455 1146 „lom
478 1073 581 1147 solvit,
604 1092 672 1136 cum
693 1091 755 1134 non
776 1073 973 1152 peccaverirf‘
1018 1078 1056 1136 Αι
1076 1096 1190 1158 nequa-

1 1172 54 1234 em
77 1181 122 1235 est
142 1172 214 1236 illud
236 1179 388 1252 peccatum
411 1155 538 1236 solvere.
581 1175 683 1253 Neque
706 1174 785 1237 enim
807 1174 844 1238 ab
865 1173 951 1236 initio
979 1185 1132 1255 peccatum
1159 1181 1191 1244 in

1 1290 14 1334 ι
40 1282 177 1354 operatus
200 1284 246 1336 est
268 1274 414 1348 diabolus,
436 1284 469 1337 ut
489 1276 627 1338 veniente
649 1275 746 1337 Verbo
769 1275 964 1338 inmundum
987 1285 1016 1339 et
1037 1296 1097 1338 uon
1117 1299 1190 1360 pec-

1 1371 50 1438 ute
72 1377 237 1438 solveretur
258 1383 428 1457 peccatum,
457 1376 511 1438 scd
534 1377 563 1438 iu
585 1376 723 1440 rationali
745 1385 776 1438 et
796 1377 984 1441 intellectuali
1006 1387 1110 1443 natura
1131 1381 1190 1444 lro-

6 1479 55 1538 nis
78 1497 132 1558 per
152 1477 305 1540 inductum
328 1497 430 1540 semen
453 1477 587 1540 diabolus
610 1487 763 1558 peccatum
790 1486 836 1540 est
856 1487 1007 1558 operatus.
1052 1480 1191 1562 Quapro-

2 1597 31 1639 ει
54 1579 237 1660 impossibile
259 1580 314 1641 luit
336 1588 459 1642 naturae
480 1579 630 1652 rationali,
664 1598 740 1660 quae
762 1598 814 1642 sua
837 1591 944 1660 sponte
966 1591 1138 1660 peccaverat
1159 1602 1193 1648 ao

1 1681 72 1742 ortis
96 1681 276 1744 damnationi
305 1681 434 1744 subiecta
457 1689 536 1754 erat,
566 1699 635 1743 sese
663 1680 693 1742 in
720 1679 887 1742 libertatem
914 1699 1069 1755 revocare,
1098 1683 1194 1746 nteit

6 1782 141 1844 ostolus:
163 1783 242 1844 Nom
263 1784 343 1863 quod
363 1783 548 1862 impossibile
570 1792 637 1844 erut
661 1781 732 1861 legi,
761 1787 793 1844 in
820 1801 877 1862 quo
899 1783 1116 1863 cofirmodctur
1134 1801 1193 1867 per

15 1903 97 1948 nent.
141 1883 330 1964 Quapropter
352 1882 432 1946 veuit
453 1883 519 1962 ipsc
540 1882 594 1944 Dei
616 1881 718 1956 Filius,
740 1890 774 1944 ut
796 1901 860 1944 eam
882 1883 912 1945 iu
934 1890 1039 1946 natura
1063 1902 1115 1946 sua
1137 1903 1192 1965 per
1298 1963 1303 1975 .

20 2005 70 2047 arn
93 1984 236 2064 originem
260 1992 291 2045 et
312 1983 474 2046 mirabilem
498 1984 719 2062 generationem
741 1992 931 2048 restauraret.
968 1985 1034 2048 Nou
1050 2004 1109 2066 quo
1126 2005 1276 2052 eameoto.

0 2107 35 2148 ee
61 2085 97 2146 ab
119 2084 203 2147 initio
225 2087 299 2146 lacta
322 2091 386 2146 erat
406 2083 650 2146 constitutionem
673 2083 836 2156 divideret,
860 2082 912 2146 sed
935 2103 993 2162 quo
1016 2104 1189 2163 super-se-

23 2197 102 2250 atam
125 2186 348 2264 abrogationem
371 2183 536 2263 abrogaret,
557 2192 592 2246 ut
612 2191 736 2246 testatur
757 2184 906 2262 Propheta
929 2183 1046 2246 dicens:
1079 2185 1191 2250 Prior·

2 2311 50 2352 ,ηε
75 2295 234 2368 cognoscet
258 2284 413 2366 paruulus
443 2285 553 2347 donum
574 2285 623 2346 vel
643 2283 771 2358 melum,
804 2285 950 2364 reprobet
979 2284 1126 2346 malitiam
1153 2287 1193 2350 ad

0 2391 132 2464 andum
154 2388 275 2449 donum.
320 2385 456 2459 Quodsi
479 2386 509 2446 in
532 2395 646 2458 natura,
669 2403 744 2464 quae
758 2391 938 2464 peccaverat,
961 2385 1190 2465 impeccabilitas

0 2520 2 2547 l
46 2487 250 2568 apparuisset,
279 2505 332 2550 cur
353 2494 506 2567 peccatum
528 2486 558 2548 in
581 2504 669 2548 carue
691 2485 860 2548 damnatum
881 2497 976 2560 esset,
1006 2505 1073 2548 cum
1096 2477 1191 2568 neque

1 2613 31 2653 o
55 2587 166 2668 peceati
187 2596 284 2650 ectum
300 2588 416 2662 lrabeat,
439 2607 535 2670 neque
549 2577 580 2650 in
596 2587 779 2650 diuinitatem
793 2597 944 2667 peccatum
960 2586 1068 2650 cadat?
1090 2588 1189 2660 Quare

5 2689 126 2754 ostolus
148 2690 233 2752 dicit:
260 2689 316 2754 Udi
328 2691 493 2754 abundauit
510 2699 677 2771 peecatum,
699 2690 744 2751 idi
763 2689 1021 2770 superabundavit
1036 2699 1066 2750 ct
1079 2694 1189 2770 gratia,

0 2821 2 2852 t
47 2792 145 2853 locum
166 2791 316 2866 iudicans,
340 2791 392 2854 scd
414 2798 550 2854 naturam
573 2787 766 2870 significans?
814 2789 852 2854 Ut
873 2793 967 2870 sicut,
1000 2785 1111 2867 inquit,
1130 2806 1190 2868 per

1 2912 60 2956 ,um
83 2892 229 2954 lemanem
249 2904 404 2973 peccatum
425 2887 558 2955 r'n'lrunc
579 2893 725 2955 mundum
745 2894 883 2968 introvit,
911 2901 939 2953 et
956 2907 1015 2972 par
1032 2875 1191 2970 peccatum

0 3013 59 3064 rs,
83 2997 126 3054 ita
144 3011 203 3074 per
224 3011 319 3054 unum
341 2993 487 3055 hominem
508 2993 609 3056 lesum
633 2991 786 3056 Christum
812 2994 915 3071 pratia
937 2998 1042 3069 regnet
1060 3008 1119 3070 per
1139 2993 1190 3053 iu-

4 3099 80 3158 tr'em
101 3099 135 3156 io
156 3095 249 3154 eitam
271 3101 442 3184 oeternum,
464 3099 498 3154 ut
517 3111 572 3174 per
593 3111 681 3174 quam
703 3099 837 3154 naturam
857 3100 1011 3171 peccatum
1031 3089 1190 3169 processit,

0 3224 1 3249 ι
41 3194 164 3256 eandem
186 3193 316 3256 iustitiae
338 3193 489 3274 specimen
511 3194 648 3268 daretur,
677 3201 707 3254 et
733 3194 777 3256 sic
803 3194 931 3256 humana
952 3198 1056 3254 natura
1078 3211 1095 3254 a
1115 3209 1188 3272 pec·
1266 3225 1272 3238 ·

1 3317 27 3360 o
51 3294 173 3358 liberato
195 3295 304 3358 diaboli
327 3314 417 3376 opera
439 3295 626 3359 solverentur
646 3295 767 3376 necque
790 3293 884 3376 gloria
905 3293 1034 3356 daretur.

51 3599 81 3660 7.
124 3597 162 3660 tr
181 3599 301 3660 rursum
324 3597 437 3660 dicitis:
466 3597 523 3670 „Si
545 3598 636 3660 homo
659 3603 703 3660 est
725 3595 877 3697 Christus,
900 3613 970 3676 pars
993 3593 1050 3656 erit
1069 3593 1188 3672 mundi3
1272 3591 1277 3606 “

8 3717 61 3760 ars
85 3707 184 3760 autem
206 3699 308 3762 mundi
330 3699 473 3762 mundum
495 3699 608 3762 salvum
631 3700 727 3761 iacere
748 3695 880 3776 nequit·‘
919 3693 1089 3758 Olallaciae
1104 3715 1188 3758 eoru-

8 3925 16 3936 .
43 3883 85 3934 Sic
109 3883 207 3946 Seguer.
233 3883 330 3934 Gobler.
358 3893 381 3934 et
398 3885 505 3936 Felclrm.
529 3885 551 3934 l.
603 3875 867 3951 ὑπερεπερίσσευσεν.
921 3879 983 3930 Editi
1015 3895 1069 3930 vero
1100 3889 1124 3931 et
1148 3879 1190 3930 alii

0 3954 114 4002 iactam
127 3944 173 3999 διὰ
185 3945 293 4018 σαρκὸς,
309 3945 354 3998 διὰ
363 3951 444 4000 τοῦτο
462 3937 550 4011 ἦλθεν.
602 3943 836 4015 inauspicatum.
886 3947 1190 4028 Μοι,8ε,ςιιει.16ιιιι1ε[.

10 4038 32 4100 a·
46 4020 145 4072 Gohler.
170 4027 194 4070 et
212 4021 316 4069 Felclm.
328 4019 351 4069 t.
369 4027 394 4070 at
411 4019 434 4070 d.
452 4018 552 4088 νεαρᾶς
593 4016 693 4080 ‘Anglie
712 4025 736 4067 at
753 4017 858 4068 Fclclm.
878 4015 900 4065 l.
919 4029 951 4064 oo
967 4027 1054 4064 conor
1070 4028 1190 4082 cueypo-

15 4102 56 4148 ης.
603 4097 675 4151 pora.

253 4188 351 4239 eu
370 4194 393 4237 01
410 4187 507 4238 ee·
528 4188 550 4237 1·
603 4151 773 4279 aaut
786 4145 1188 4270 tolete:infremitat

16 4259 23 4306 i
43 4249 208 4312 ”mmm
228 4248 244 4315 ἢ
261 4249 352 4304 ’‘⁰³²⁶''
603 4285 677 4338 Paulo
690 4297 752 4366 post
769 4288 868 4350 Segoer.
892 4277 1116 4398 s'lsudepoeplvnc
1139 4277 1188 4338 τῆς

1 4359 191 4420 .SicSeguer.
226 4355 288 4407 Editi
307 4364 330 4406 ει
347 4355 388 4406 alii
402 4347 548 4422 ἁμαρτίας.
602 4343 760 4420 ἄνθρωπον.
798 4354 896 4431 Goblpr.
915 4361 938 4402 et
955 4351 986 4430 Ἐς
999 4351 1060 4398 clm.
1080 4347 1102 4400 t.
1120 4337 1190 4396 licv-

10 4425 36 4472 lo
54 4433 112 4488 post
128 4429 228 4488 segnes.
247 4425 345 4478 Gobler.
370 4435 393 4476 et
410 4423 517 4478 lelelm.
528 4421 549 4474 1.
601 4417 770 4488 depudelopr
787 4419 835 4482 τῆς
852 4419 1035 4528 ordpmnprnr.

15 4521 125 4554 tunultu
135 4521 187 4554 ΟΠ.
197 4523 267 4556 ΒΟΕΙ.
280 4523 329 4556 mn
