3054 5304
538 185 648 230 enarro
664 187 708 231 nr.
719 189 840 258 ‚oonrm
854 189 990 233 ouranos.
1293 185 1355 246 603

124 349 175 404 est
195 359 230 404 ac
250 340 277 402 si
299 339 457 409 diceremr,
480 336 599 398 Patrem
620 337 756 416 potuisse
777 357 839 400 non
861 359 930 402 esse
953 340 1075 403 bonum.
1118 343 1228 407 Verum
1243 365 1348 426 qoem·
1363 360 1442 404 nme

124 441 287 504 admodum
310 447 340 502 et
363 457 482 516 semper
503 445 534 498 ct
555 441 660 499 natura
682 438 779 502 bonus
802 448 849 503 est
870 441 967 514 Pater,
990 442 1031 504 ita
1055 461 1175 527 semper
1189 452 1292 509 natura
1308 459 1354 511 esi

125 561 286 624 generans.
330 540 385 600 llic
413 547 511 600 autem
538 537 679 617 loquendi
700 541 825 602 modus:
853 541 941 604 Pater
963 543 1024 606 nult
1045 544 1152 606 Filium
1175 555 1205 608 et
1226 549 1354 611 Verbum

123 645 191 706 vult
211 645 345 714 Patrem,
369 658 430 702 uon
452 639 676 702 antecedentem
699 641 820 702 denotat
840 643 1036 719 voluntatem,
1066 647 1118 708 sed
1141 656 1263 711 naturae
1285 669 1355 729 ger-

123 744 298 805 manitatem
329 741 538 822 essentiaeque
565 740 778 826 proprietatem
804 759 839 804 ec
866 742 1088 808 similitudinem
1124 748 1269 827 designat.
1319 751 1357 812 Ut

125 846 209 906 enim
231 845 268 906 de
290 841 451 922 splendore
474 850 504 903 ct
525 841 591 904 luce
613 841 672 903 dici
693 849 809 922 potest:
833 843 981 921 Splendor
995 863 1056 905 nou
1071 847 1161 908 babet
1176 849 1356 914 voluntatem

124 947 160 1006 in
181 945 247 1006 luce
267 943 508 1016 antecedentem,
537 943 591 1004 sed
619 949 665 1004 est
685 943 827 1004 naturalis
851 943 915 1005 eius
937 945 1031 1017 letus,
1062 965 1148 1024 quem
1171 949 1232 1010 vnit
1252 950 1317 1025 lux,
1340 969 1357 1014 a
1472 993 1476 998 -

124 1063 186 1124 qua
208 1045 353 1124 gignitur,
376 1063 437 1106 noo
459 1043 618 1106 voluntatis
641 1043 862 1116 deliberatione,
887 1045 940 1106 sed
964 1051 1068 1106 natura
1091 1056 1121 1108 et
1143 1049 1283 1125 veritate,
1314 1053 1440 1114 itenere

123 1148 165 1208 de
186 1147 273 1208 Patre
300 1153 331 1207 et
351 1126 530 1206 Filio'recte
551 1143 608 1206 dici
631 1143 743 1224 possit:
767 1145 854 1206 Pater
876 1153 954 1208 amat
976 1152 1006 1206 et
1027 1146 1089 1208 nult
1111 1146 1228 1221 Filium,
1251 1157 1281 1210 et
1303 1152 1353 1214 ni-

47 1273 64 1294 ·
121 1247 186 1308 lino
207 1254 338 1338 amatxet
358 1246 421 1307 vult
441 1245 569 1324 Patrem.

214 1449 285 1534 67.ἡ
308 1447 352 1508 Ne
380 1445 470 1525 igitur
496 1443 657 1506 voluntatis
685 1463 762 1524 opus
791 1444 955 1524 appelletur
982 1445 1092 1518 Vilius,
1129 1467 1185 1510 nee
1212 1445 1357 1513 Valentini

122 1565 213 1609 error
241 1547 271 1608 in
295 1547 455 1608 Ecclesiam
486 1546 659 1618 inducatur,
690 1546 750 1608 sed
774 1547 876 1608 vivens
907 1547 957 1608 ille
979 1548 1135 1630 eonsilium
1158 1568 1306 1629 verusque
1328 1563 1358 1614 et

119 1647 269 1710 naturalis
292 1645 388 1708 Patris
411 1647 489 1709 setus
513 1664 582 1708 esse
603 1645 727 1721 dicatur,
750 1654 783 1707 ut
804 1647 879 1708 lucis
900 1647 1050 1727 splendor.
1096 1649 1146 1710 Sic
1168 1651 1246 1712 enim
1268 1651 1358 1716 Pater

119 1750 192 1828 ipse
214 1755 262 1808 est
281 1746 417 1809 locutus:
439 1746 603 1811 Eructavit
625 1765 679 1808 cnr
700 1765 799 1810 meum
823 1748 951 1812 vertam
973 1750 1100 1824 bouum3
1122 1750 1168 1812 cui
1191 1750 1284 1814 Vilius
1307 1753 1356 1814 bis

75 1879 80 1891 ·
118 1849 224 1911 verbis
247 1847 391 1912 conciuit:
415 1848 476 1928 Ego
501 1853 533 1910 iu
555 1847 647 1912 Putre
669 1857 698 1911 et
719 1848 812 1912 Pater
833 1853 867 1912 iu
888 1867 935 1912 rue
958 1837 1013 1912 est.
1057 1850 1159 1931 ltaque
1181 1852 1208 1914 si
1226 1853 1357 1916 Verbum

120 1957 175 2012 est
196 1949 227 2010 iu
250 1951 354 2022 corde,
378 1948 429 2012 ubi
452 1957 500 2011 est
519 1946 681 2010 voluntas?
724 1949 867 2012 Similiter
888 1950 915 2012 si
928 1950 1029 2014 Vilius
1053 1959 1099 2012 est
1121 1953 1150 2014 iu
1171 1952 1275 2027 Patre,
1305 1955 1355 2016 ubi

119 2059 174 2113 est
195 2049 374 2113 arbitrium?
417 2048 530 2110 Deinde
553 2049 579 2109 si
602 2047 667 2127 ipse
689 2056 736 2132 est
757 2051 912 2123 voluutas,
936 2051 1087 2129 quomodo
1110 2051 1267 2112 consilium
1291 2053 1355 2114 sire

117 2152 261 2214 voluntas
289 2153 320 2213 in
349 2149 499 2212 voluntate
525 2146 594 2209 est?
640 2145 728 2208 Valde
757 2149 838 2210 enim
867 2147 925 2210 boc
954 2149 1115 2210 absurdum
1139 2159 1202 2224 est;
1232 2169 1270 2213 ue
1293 2152 1354 2214 sei-

117 2253 194 2316 licet
215 2252 345 2315 Verbum
374 2251 405 2311 in
431 2247 541 2320 verbo,
564 2246 655 2308 Filius
685 2247 716 2306 iu
738 2247 817 2320 lilio,
846 2257 877 2308 et
897 2248 1047 2327 Sapientia
1070 2250 1100 2309 in
1124 2251 1268 2328 sapientia
1290 2253 1354 2314 lieri

119 2352 328 2424 existimetur,
357 2349 400 2410 uti
428 2348 548 2427 saepius
577 2347 689 2409 dictum
718 2356 772 2410 est.
805 2347 949 2427 ,Namque
972 2349 1063 2411 Filius
1085 2351 1184 2412 omnia
1208 2351 1274 2432 ipse
1297 2362 1353 2424 eat,

117 2471 200 2532 quae
220 2451 318 2513 Patris
347 2457 432 2525 sunt,
465 2447 598 2528 nihilque
628 2455 696 2510 ante
717 2449 846 2510 Verbum
875 2459 921 2524 est
941 2450 973 2512 in
994 2450 1098 2526 Patre,
1128 2451 1182 2513 sed
1204 2453 1235 2514 in
1256 2452 1355 2536 Verbo

118 2553 214 2617 etiem
236 2561 283 2616 est
304 2552 450 2626 uoluntas,
472 2560 503 2614 et
524 2568 579 2631 per
600 2550 700 2630 ipsum
722 2567 768 2624 ea,
790 2569 866 2630 quae
887 2551 1047 2614 voluntatis
1071 2548 1151 2627 suut,
1175 2571 1266 2633 opere
1280 2573 1353 2634 per-

117 2654 279 2728 ficiuntur,
309 2663 344 2716 nt
371 2672 407 2715 ex
429 2652 526 2714 divina
549 2651 702 2731 Scriptura
724 2651 892 2714 didicimus.
936 2653 1048 2714 Vellem
1075 2672 1164 2727 vero,
1198 2662 1232 2716 ut
1259 2654 1353 2734 impii,

118 2756 174 2837 qui
197 2775 233 2818 eo
256 2755 439 2818 devenerunt
460 2753 605 2816 amentiae
628 2761 658 2814 et
680 2753 716 2814 de
737 2752 887 2814 volontate
910 2753 1073 2834 disputant,
1094 2755 1200 2817 vellem
1223 2757 1353 2835 inquam,
1408 2815 1413 2824 ,

117 2865 155 2918 ιιι
182 2873 245 2916 nou
273 2855 332 2916 iam
360 2855 577 2934 interrogarent
604 2852 762 2927 mulieres,
793 2872 866 2932 ques
895 2854 936 2916 ita
963 2856 1352 2935 priuspercunctabantur:

0 2966 1 2975 ’
118 2953 299 3016 Habuistinc
332 2953 423 3016 lilium
454 2955 627 3034 prinsquam
660 2953 842 3032 genuisses?
885 2956 994 3017 Verum
1027 2963 1128 3035 patres
1157 2955 1258 3035 potius
1289 2957 1348 3016 boc

1 3093 3 3110 ι
119 3055 215 3118 modo
238 3054 441 3134 interrogent:
465 3055 538 3129 „bn
561 3054 754 3116 deliberando
776 3063 876 3134 patres
898 3054 1064 3130 efficimini,
1087 3071 1127 3118 en
1147 3074 1218 3117 vero
1243 3073 1351 3117 secuu-

122 3158 222 3234 „dum
248 3165 384 3220 naturam
412 3165 527 3219 vestrae
556 3157 645 3218 etiam
674 3154 861 3218 voluntatis?
893 3158 938 3218 bn
960 3156 1046 3218 liberi
1064 3155 1182 3218 'similes
1206 3163 1277 3218 sunt
1297 3175 1351 3218 ve·

5 3258 9 3268 '
122 3269 232 3336 „strae
260 3267 383 3344 naturae
411 3255 447 3322 et¹
468 3255 699 3322 substantiae?“
743 3257 823 3319 Haec
844 3256 935 3336 igitur
956 3259 1108 3342 inquirant
1130 3278 1146 3319 a
1168 3257 1351 3338 parentibus,

1 3376 2 3379 ’
121 3371 155 3425 ut
177 3361 215 3422 ab
237 3360 285 3422 his
308 3361 383 3442 ipsis
406 3362 610 3434 confutentur,
641 3357 788 3438 aquibus
812 3378 886 3439 quae
909 3360 1052 3424 elicienda
1075 3369 1156 3421 esset
1178 3379 1214 3420 ex
1237 3378 1289 3421 sua
1313 3360 1350 3420 de

1 3472 5 3497 ¹
120 3449 264 3525 nascendi
292 3463 383 3524 modo
413 3462 586 3543 quaestione
615 3459 766 3522 eoirclusio
796 3469 855 3522 mm
876 3461 1011 3541 impense
1033 3461 1217 3540 flagitarunt,
1246 3477 1352 3539 spera·
1444 3523 1449 3530 ,

8 3562 11 3598 s
120 3573 251 3646 mntque
272 3582 336 3626 rem
358 3582 393 3624 ex
415 3563 491 3642 ipsis
512 3562 600 3658 plane
621 3561 804 3642 cognituros.
849 3553 1064 3626 Haee'aeitioet
1077 3561 1119 3624 illi
1136 3568 1208 3622 suot
1221 3579 1350 3641 respon-

120 3747 162 3802 ro'.
198 3751 251 3800 lior
270 3748 342 3798 besil.
360 3737 427 3794 ἀλλὰ
443 3741 489 3795 καὶ
505 3739 596 3812 βουλή.
766 3803 780 3824 ⁰
796 3763 818 3810 g.
836 3731 893 3809 Reg.
905 3746 927 3796 l.
947 3755 970 3796 et
985 3747 1084 3807 Seguer.
1102 3738 1208 3794 lenter
1223 3744 1354 3810 γυναῖκας

155 3819 179 3869 d.
197 3819 240 3868 Sic
259 3817 346 3878 Regios
366 3815 387 3864 i.
413 3815 552 3877 Segneriao.
571 3815 669 3865 Gobler.
688 3822 711 3865 ct
761 3828 794 3867 nr
811 3807 896 3863 adnot.
932 3815 1024 3864 ibidem
1042 3807 1163 3878 πότερον
1180 3813 1278 3864 abestr
1299 3815 1348 3864 Go-

1 3874 99 3923 *ff'*
121 3887 228 3942 tecum.
249 3884 270 3934 1.
305 3887 334 3932 Αι
350 3883 375 3932 in
399 3882 455 3932 aliis
473 3891 497 3932 et
515 3883 584 3932 editis
602 3876 616 3928 ὃ
635 3883 710 3932 deest.
762 3881 822 3932 bier.
842 3882 1029 3932 sinarcumi.
1049 3897 1092 3944 pro
1112 3897 1159 3946 quo
1178 3875 1354 3948 Aegilonpe'·

152 3983 176 4022 ο.
193 3970 237 4021 su
255 3967 342 4030 uagina
355 3968 375 4017 1.
394 3967 575 4028 escensana.
609 3967 637 4016 u
654 3965 712 4015 earu
762 3963 851 4027 nequ.
887 3950 946 4000 item
966 3949 1272 4027 thiticei-ersmer-
1289 3950 1353 4026 dvnj
1424 4019 1430 4030 ¹

142 4031 244 4097 ίηῃαι,
762 4011 905 4082 kerpenne
928 4026 951 4066 et
975 4030 1028 4064 mox
1051 4029 1098 4063 και
1115 4030 1165 4076 της
1181 4029 1268 4080 opor.
1306 4017 1350 4065 Αιιι

154 4123 172 4174 ι
189 4123 232 4172 Sic
250 4120 308 4180 neg.
318 4118 341 4168 ¹·
359 4118 458 4180 Smer·
468 4117 566 4168 Gomon
575 4123 598 4166 et
606 4116 711 4166 Festum!
763 4085 868 4150 editique
876 4075 1039 4149 βουλόμενοι
1048 4085 1168 4148 iidemque
1178 4077 1226 4131 eet
1231 4085 1352 4134 omittunt.

134 4225 147 4242 ..
180 4189 260 4240 Ceteri
280 4195 358 4236 ratem
378 4194 401 4236 et
419 4179 621 4239 eniriirtdeaar.
651 4185 711 4233 ibid.
796 4185 819 4233 b.
839 4185 895 4250 lieg.
916 4185 937 4233 1.
956 4191 980 4234 et
997 4185 1096 4246 Seguer.
1115 4184 1206 4234 addunt
1223 4175 1268 4230 ὅτι
1285 4181 1350 4246 qnod

130 4257 179 4318 leg.
190 4257 212 4305 t.
231 4263 255 4303 et
274 4253 412 4314 Segnerirn.
422 4245 573 4318 ἐβουλόμην
590 4245 620 4300 δὲ
637 4244 710 4305 τούς.
762 4252 785 4300 in
804 4253 858 4300 eliis
877 4260 900 4301 et
918 4253 988 4302 editis
1001 4253 1076 4302 deest.
1114 4251 1203 4301 lbidern
1214 4248 1348 4299 letetur.

126 4321 206 4384 lleg.2
222 4315 375 4385 ἐβουλόμην
392 4309 442 4370 οὖν
458 4314 527 4374 τούς.
563 4321 608 4370 tbi
620 4320 710 4370 elediti
761 4327 785 4367 et
809 4319 881 4382 editio
905 4319 1022 4369 Commel.
1043 4311 1078 4368 bd
1100 4310 1254 4384 θελήματος
1272 4309 1351 4384 ἡμῶν

124 4379 274 4453 &celime
290 4382 360 4440 coir.
435 4431 437 4436 ,
760 4377 837 4435 ἐστιν
854 4377 946 4452 ὅμοια.
