3014 5050
427 239 572 290 EPISTOM
589 241 633 284 ill.
649 241 685 284 tu
701 239 899 286 SEMPIONEH.
966 294 972 303 ·

403 391 408 404 Ι
491 441 653 501 urlsrouu
669 441 817 502 EIUSDEM

284 561 327 610 dli
351 558 503 610 suuutttt
529 559 772 610 suatrtousrt
797 560 1017 614 urtscoruet
1104 587 1107 600 v

530 661 560 709 de
578 661 664 724 spiritu
682 670 774 712 seusto.

125 803 152 861 1.
196 794 387 882 Admirshere
420 793 561 866 sorece,
596 811 781 874 quercuum
814 795 915 858 iussus
948 797 1006 860 sim
1032 797 1195 882 Epistulam
1226 801 1264 862 de

40 901 147 961 Sancto
169 897 282 978 Spiritu
305 897 335 958 in
358 895 566 976 compendium
588 895 724 975 redigere
745 913 868 976 remque
895 897 997 976 prucis
1025 899 1187 978 explicare.
1216 920 1264 963 me

39 1001 137 1062 videas
160 1007 258 1062 tameo
288 1016 353 1078 eam
380 1005 561 1078 pertrectare
588 997 833 1078 supersedentem
861 997 1006 1060 adsersus
1033 1017 1087 1061 eos
1120 1003 1263 1077 seribere,
1381 1033 1383 1042 ν

37 1101 87 1181 qui
109 1101 145 1162 de
166 1101 241 1162 Filio
263 1099 317 1162 llei
338 1099 428 1178 impie
449 1099 582 1162 rendunt
603 1098 762 1178 modosque
784 1117 848 1161 rem
871 1109 1000 1162 creatam
1014 1098 1097 1162 illum
1115 1119 1196 1164 εεεε.
1225 1107 1264 1166 dt

38 1209 225 1284 perspectum
248 1210 294 1264 est
314 1200 397 1274 mihi,
421 1209 450 1262 te
471 1218 657 1282 nequequam
678 1201 947 1281 reprehensorum,
969 1199 1019 1264 ubi
1042 1219 1161 1265 causum
1183 1203 1351 1274 didi-req,
1413 1267 1419 1284 „

37 1305 131 1378 ceris,
162 1304 223 1366 imo
250 1302 351 1394 potius
373 1321 436 1364 rem
458 1301 612 1382 probatem
634 1304 698 1365 iore
719 1302 821 1383 pietati
844 1310 928 1376 tuse,
958 1321 1025 1366 cum
1047 1303 1160 1366 viderit.
1175 1322 1264 1384 quam

35 1411 236 1467 consentanee
257 1403 374 1466 ratione
395 1403 500 1466 ductus
522 1404 590 1468 sim.
634 1403 792 1488 Enimvero
814 1404 883 1484 quia
906 1412 940 1468 ut
958 1403 1002 1468 ait
1022 1402 1264 1485 ipseitominus:

33 1504 216 1568 Paracletus
238 1523 302 1568 uon
325 1505 466 1586 loquetur
487 1510 703 1586 semetipum·
733 1507 787 1570 sed
814 1523 1016 1590 quoecumque
1036 1507 1140 1570 audiet
1159 1507 1266 1589 loque-

33 1618 115 1682 tur,.
135 1611 206 1688 quio
234 1607 268 1670 de
294 1624 360 1668 areo
387 1611 511 1688 accipiet
539 1619 568 1672 et
589 1607 786 1698 oonuueioiit
808 1607 910 1678 coiis,
943 1605 1011 1686 quia
1033 1606 1105 1670 item
1127 1625 1193 1672 orm
1215 1608 1265 1672 iu·

31 1708 200 1782 sufflasset,
227 1726 265 1769 ex
292 1707 394 1788 seipso
422 1707 606 1772 dedititium
627 1707 803 1787 discipulis,
836 1725 932 1788 eoque
960 1715 1047 1788 pacto
1073 1707 1156 1772 illum
1176 1709 1265 1772 Pater

28 1809 139 1872 effudit
160 1827 251 1889 super
273 1825 543 1882 omnemosruem,
566 1811 645 1872 siout
666 1807 809 1888 scriptum
831 1818 894 1886 est;
921 1809 1033 1872 ideirco
1055 1807 1121 1874 iure
1141 1829 1176 1874 ae
1197 1829 1264 1872 me-

27 1913 87 1974 rito
111 1917 182 1972 ante
203 1929 221 1972 e
242 1928 291 1973 me
312 1911 349 1972 de
370 1909 446 1972 Filio
468 1910 521 1974 Dei
543 1919 639 1972 aetum
663 1911 866 1991 scriptumque
887 1917 950 1985 est,
981 1918 1015 1974 ut
1036 1929 1072 1974 ex
1095 1912 1266 1992 eopeitioue
1316 1905 1324 1914 ’

24 2012 95 2074 Filii
123 2010 273 2074 veleamus
302 2019 333 2074 et
359 2012 489 2092 Spiritus
526 2013 620 2074 sancti
649 2019 761 2074 rectam
788 2011 909 2092 assequi
940 2011 1087 2074 noudum.
1139 2012 1264 2088 Qualem

26 2115 120 2176 enim!
134 2111 245 2176 seimus
266 2111 481 2193 proprietatem
503 2129 571 2174 esse
594 2112 659 2173 Filii
681 2112 717 2174 ad
733 2112 861 2186 Patrem,
885 2112 1009 2174 eandem
1031 2112 1070 2174 ad
1085 2111 1193 2176 Filium
1206 2114 1263 2176 he·
1370 2096 1378 2116 ’

25 2216 103 2278 luere
126 2214 271 2296 Spiritum
294 2221 429 2276 sanctum
451 2215 680 2291 comperiemus.
723 2212 761 2272 Et
782 2211 1033 2291 'quemadmodum
1053 2210 1146 2274 Filius
1177 2212 1263 2276 dicit:

27 2319 153 2389 Omnia,
177 2333 370 2397 quaecuuque
391 2314 478 2377 labet
493 2312 595 2383 Peter,
617 2331 684 2376 meo
706 2322 791 2384 suut·
811 2311 851 2372 ita
871 2311 945 2372 haer
966 2310 1066 2373 omnia
1086 2329 1143 2393 per
1155 2311 1264 2376 Filium

21 2419 55 2479 in
80 2415 198 2496 Spiritu
220 2433 289 2476 esse
311 2413 577 2492 deprehendemus.
620 2415 662 2474 Ac
684 2412 762 2474 siout
781 2411 869 2474 Peter
889 2409 997 2476 Filium
1021 2411 1069 2476 his
1092 2412 1191 2478 verbis
1213 2415 1262 2476 iu·

22 2519 123 2580 dicet:
148 2514 206 2595 liic
228 2523 273 2578 eet
294 2513 391 2578 Filius
412 2533 496 2580 meus
519 2514 718 2606 dilectum-in
739 2533 797 2596 quo
818 2514 894 2578 mr'li
913 2515 1098 2596 comptam,
1121 2515 1162 2580 ite
1183 2535 1261 2598 quo·

20 2637 83 2700 que
107 2615 178 2678 Filii
201 2621 247 2678 est
267 2615 411 2696 Spiritus:
434 2616 519 2681 Misit
540 2621 628 2690 eurus,
649 2613 883 2694 arriperetur,
905 2616 1057 2700 Spiritum
1071 2616 1144 2682 Filii
1162 2623 1215 2684 ιιιι·
1229 2623 1261 2682 rie

19 2719 124 2784 cordo
147 2728 259 2782 uestro
280 2718 458 2782 clomsutees
479 2717 561 2784 Atto
583 2718 684 2782 Potor.
729 2717 764 2778 Et
779 2715 858 2798 quod
879 2717 1013 2782 mirabile
1035 2725 1093 2802 est,
1116 2718 1242 2798 quemad

18 2823 155 2888 modum
178 2818 270 2882 Filius
292 2820 377 2883 dicit:
401 2819 485 2894 Ques
506 2839 572 2882 mea
594 2826 680 2892 sunt,
703 2819 800 2881 Patris
823 2827 909 2893 suut,
932 2818 977 2881 sic
997 2818 1097 2882 Patris
1120 2827 1168 2882 est
1190 2814 1260 2900 Spi·
1368 2829 1373 2834 ·

17 2925 104 2986 ritus
137 2927 277 2995 sauctus,
309 2921 360 2999 qui
387 2920 484 2984 dictus
514 2927 562 2984 est
590 2939 658 2983 esse
684 2920 761 2982 Filii.
787 2920 964 3002 -Siquidem
991 2918 1056 3000 ipse
1082 2919 1176 2983 Filius
1204 2920 1259 2982 eit:

20 3027 104 3110 Curru
123 3023 246 3082 uenerit
261 3020 449 3094 Poroclctus,
472 3041 557 3104 querar
579 3040 632 3102 epo
653 3027 770 3086 mitram
791 3023 876 3084 vodis
899 3021 1034 3096 sPotre,
1057 3019 1193 3101 Spiritus
1208 3039 1261 3082 ue-

15 3127 143 3194 ritatis,
169 3126 224 3201 qui
243 3119 369 3184 uPotre
386 3124 536 3202 procedit,
558 3122 611 3186 ille
633 3125 838 3188 testimonium
856 3122 1025 3203 perdiledit
1046 3122 1081 3185 de
1094 3138 1151 3182 me.
1180 3118 1258 3182 Pau·

12 3231 66 3292 lus
92 3229 202 3288 autem
225 3221 342 3285 scribit:
364 3221 457 3287 Nemo
472 3227 538 3296 ecit,
561 3242 637 3306 quoe
653 3233 725 3286 suot
741 3223 878 3295 leminis,
899 3225 963 3286 uiui
975 3224 1104 3303 spiretur
1121 3220 1266 3294 tomulo·

11 3332 132 3416 quiin
157 3327 227 3404 ipso
249 3335 312 3402 ert,·
340 3327 384 3386 ito
411 3334 442 3386 et
462 3344 536 3404 quae
556 3325 617 3388 liei
642 3334 716 3388 aurat
743 3342 829 3390 neruo
852 3313 1007 3404 cumcurl,
1040 3323 1103 3384 sisi
1121 3319 1259 3403 Spiritus

11 3434 84 3502 Dei,
110 3429 173 3510 qui
193 3437 241 3489 est
260 3428 294 3487 in
316 3427 394 3505 ipse.
437 3425 501 3490 Nos
523 3437 622 3490 eutem
643 3444 707 3488 uer
728 3429 871 3506 spirituas
893 3425 983 3488 iuius
1009 3423 1118 3488 muudi
1142 3419 1260 3504 occepi-

45 3655 71 3703 ιι.
94 3651 141 3700 Sic
162 3644 239 3694 editio
259 3645 376 3697 commel.
390 3653 414 3698 et
432 3659 517 3696 omues
535 3661 619 3697 meno·
704 3647 722 3695 i.
741 3646 797 3708 lter.
822 3654 846 3695 et
863 3645 962 3708 Sequor.
980 3636 1062 3709 ἔλεγε.
1105 3644 1179 3696 ΡιιιΙο
1204 3651 1260 3708 post

11 3721 111 3786 impii.
152 3713 237 3763 Editio
257 3713 399 3762 verisiensis
416 3703 563 3779 ἐπιτεμεῖν.
671 3704 738 3782 ὅπερ
756 3725 841 3763 omnes
865 3713 923 3763 editi
950 3720 975 3762 et
992 3727 1050 3762 mes.
1069 3711 1184 3762 Erasmus
1203 3713 1260 3774 leqit

43 3807 66 3841 c,
89 3781 203 3840 Gobler.
223 3788 246 3830 et
265 3780 400 3829 relcuom.
418 3775 518 3846 μάθῃς.
546 3781 620 3831 Paule
657 3772 767 3848 ὅπερ.

11 3866 67 3910 rost
89 3855 173 3906 iidem
194 3837 324 3911 ἐπεῐγὰρ
344 3837 380 3898 ὥς
398 3838 527 3916 διώρισε.
573 3849 620 3898 lbi·
706 3866 727 3911 p.
748 3849 812 3898 flues
836 3839 1024 3899 terrester
1044 3836 1150 3914 γράφει
1173 3845 1260 3896 abeunt

11 3931 65 3979 lem
89 3925 155 3984 fleg.
177 3923 205 3968 et
223 3918 363 3977 Sesoerreu.
382 3899 463 3963 εἶπεν.
501 3917 578 3966 Ceteri
598 3923 622 3966 et
671 3933 684 3967 e
704 3915 802 3968 Gobler.
820 3923 845 3964 et
861 3915 967 3964 Feleim.
985 3914 1018 3975 i.‚
1036 3921 1093 3978 poet
1109 3925 1171 3978 quse
1188 3914 1259 3964 rerba

11 3997 67 4048 ,dm
87 3985 152 4057 ἔφη
672 3985 788 4048 particule
811 3977 860 4030 stul
881 3981 1007 4044 legebatur
1032 3983 1056 4032 iu
1073 3982 1145 4032 editis
1164 3989 1187 4031 et
1204 3983 1260 4047 qai-

39 4065 67 4113 d.
88 4063 137 4110 Sic
159 4055 222 4113 fleg.
241 4051 341 4112 Sequar.
360 4048 620 4100 Gobl.ethlelm.i.
672 4052 774 4102 busdam
793 4063 868 4110 mse,
894 4051 937 4098 sed
962 4064 1016 4099 eum
1043 4049 1106 4100 desit
1128 4050 1152 4099 ia
1176 4050 1260 4112 Regio,

11 4131 86 4184 lusit.
108 4110 301 4190 Superiores
330 4117 391 4166 dditi
414 4108 580 4182 triporticus.
671 4119 772 4180 Sequor.
790 4127 813 4168 et
824 4117 907 4172 dasii..
924 4117 1014 4166 emises
1027 4125 1072 4168 eet.
1097 4117 1149 4168 Ιοι
1160 4117 1258 4168 Golsler.

39 4196 157 4248 elidit.
181 4187 261 4239 Puris.
280 4176 392 4240 eluisse,
413 4189 483 4234 mete.
520 4196 549 4234 re
566 4193 622 4249 post
672 4195 696 4236 et
714 4186 809 4236 Felrlrm
828 4186 849 4235 l.
877 4177 908 4234 sai
927 4181 1035 4251 πνεῦμα
1061 4179 1093 4234 τὸ
1115 4181 1259 4232 κατοικιεῖν

11 4263 123 4335 ἴρηκι
149 4259 228 4310 deest
252 4254 276 4302 ia
300 4253 398 4304 Gotrler.
427 4262 451 4302 et
475 4253 578 4302 Felrltm.
599 4254 620 4304 i.
671 4245 702 4302 dr
726 4243 809 4318 αὐτῷ.
853 4253 915 4304 Ediri
940 4245 972 4300 τὸ
998 4251 1105 4318 πνεῦμα
1129 4249 1190 4313 {roei
1213 4239 1259 4296 cis-
1347 4271 1354 4285 .

11 4341 59 4386 lox
82 4335 147 4391 fleg.
178 4333 205 4374 et
225 4322 326 4382 Sffflttrt·
344 4311 391 4370 ἵνα
413 4313 443 4369 31
465 4317 521 4379 vit·
560 4321 620 4370 ibid.
671 4311 800 4388 'decium
816 4314 850 4369 τὸ
869 4307 1174 4384 [εατειιιεῦνΙένεῦιῷ.
1201 4317 1259 4394 deq.

11 4403 56 4452 τοῦ
78 4408 142 4450 sote
162 4383 233 4443 sled
252 4389 320 4440 deest
337 4391 362 4440 in
375 4389 474 4442 deuter.
493 4398 517 4439 et
535 4389 620 4439 Felci-
671 4405 736 4448 sero,
754 4391 853 4451 Seguer.
864 4390 981 4447 stituit,
999 4403 1061 4452 quos
1075 4386 1207 4460 sequimur..
1225 4395 1257 4431 ro

11 4472 93 4521 oanni
115 4467 141 4514 t.
669 4455 778 4523 πνεῦμα
795 4453 844 4506 τοῦ
862 4447 1061 4522 ἀνθρώπουτὸ
1079 4463 1231 4502 κατοικινν.
