3174 5082
191 321 217 364 s.
233 319 387 364 armnssn
402 315 625 364 mansuescant
638 315 784 360 antenaco
799 315 837 360 nc
852 315 996 360 nccnnrts
1011 314 1155 359 nscssnlu
1172 319 1287 366 sunaus.
1312 307 1350 372 13

208 469 262 534 lll.
309 470 457 544 Quamuis
478 479 580 532 autem
603 467 742 532 concedat
764 465 951 528 Athanasius
974 467 1119 531 dictiones
1135 455 1173 532 ex'
1187 470 1435 536 substantionale.

123 583 154 636 et
175 569 436 636 mnsubstaattstis
457 573 490 630 in
511 567 684 649 Scripturis
706 571 805 630 sacris
826 585 889 630 nan
912 567 977 647 leyi,
1001 579 1100 633 tamen
1123 588 1188 633 rem
1210 576 1308 652 ipsam
1321 577 1353 638 in

123 678 167 738 eis
196 676 349 736 contineri
376 669 521 744 ostendit,
548 687 603 732 nec
630 688 681 732 eas
703 689 722 731 a
743 668 864 750 Synodo
885 671 985 748 fuisse
1005 673 1161 748 inventas,
1191 675 1245 735 sed
1266 674 1352 755 lonys

123 787 217 840 antea
243 774 279 836 ab
310 770 533 852 antiquioribus
561 782 750 850 usurpatas,·
781 767 998 850 Theoqnastum
1020 773 1191 836 enine-olim
1213 775 1352 838 docuisse

124 873 326 938 substantiam
339 870 406 932 Filii
428 887 497 932 esse
519 887 555 930 ex
578 867 742 930 substantia
757 867 853 930 Patris
875 870 986 948 absquo
1006 872 1064 935 ulla
1081 874 1225 938 divisione
1239 886 1350 940 netem.

125 977 272 1055 Dionysii
285 989 400 1056 quoquc
416 957 622 1034 Alemondrini
633 970 727 1051 affert
741 974 952 1032 auctoritatem
966 979 1139 1047 asserentis,
1162 976 1266 1040 Filium
1282 997 1351 1041 csse

126 1077 207 1139 Patri
229 1071 523 1138 consubstantialem.
567 1069 643 1132 Nam
668 1087 734 1131 cunt
756 1088 823 1132 eunt
835 1071 956 1152 qnidam
971 1077 1206 1140 criminarentur
1216 1099 1349 1161 neyassc,

127 1177 238 1240 Filium
265 1194 330 1238 esse
357 1174 448 1236 Patri
472 1169 770 1246 consubstantialem,
801 1175 867 1252 ipss
894 1171 1043 1252 Dionysio
1065 1173 1174 1238 nonae
1202 1185 1351 1262 episcopo,

127 1282 180 1341 cui
199 1297 231 1341 sc
248 1287 373 1358 purqat,
396 1272 502 1338 toribii
523 1291 555 1334 sc
577 1281 695 1334 tantum
718 1273 840 1344 dimisse,
865 1273 1025 1336 dictionem
1038 1274 1125 1336 illam
1138 1295 1285 1358 nusquam
1300 1300 1351 1344 re·

85 1405 89 1408 ·
125 1383 228 1462 periri
247 1383 279 1439 in
294 1382 391 1440 sacris
407 1375 588 1455 Scriptnris,
604 1391 667 1434 non
682 1386 782 1436 autem
798 1392 863 1436 rem
878 1379 976 1454 ipsane
991 1376 1167 1456 reprobare,
1186 1381 1238 1444 scd
1249 1385 1352 1460 potius

128 1481 275 1562 amplecti.
309 1479 399 1552 Quod
421 1493 493 1538 sane
515 1474 637 1538 illustre
660 1485 870 1555 urqntnenturn
886 1488 932 1538 est
949 1477 1039 1538 huius
1055 1481 1138 1539 uocis
1154 1484 1353 1560 antiquitatis.

208 1581 256 1642 Ν.
300 1579 423 1659 lusique
445 1580 534 1639 etiarn
554 1577 662 1640 ibidem
682 1591 908 1640 monumentum
931 1577 1096 1640 catholicae
1116 1578 1353 1659 fideicircaSS.

127 1681 304 1744 Trinitatem
331 1681 477 1750 adducit,
505 1677 711 1758 [euphenium
739 1677 877 1740 uidelicet
900 1677 973 1740 libri
993 1678 1137 1758 Dionysii
1155 1677 1267 1745 nonae
1289 1689 1354 1764 epi-
1448 1737 1451 1740 .

124 1788 210 1864 scopi
230 1784 379 1846 adversus
391 1779 593 1844 sabellianos.
622 1778 721 1842 Erant
744 1783 823 1842 enim
844 1779 933 1850 huius
948 1789 1045 1842 aetate
1060 1785 1119 1860 qui,
1141 1781 1354 1846 utSahells'um

124 1885 318 1964 refellerent,
347 1883 493 1946 docebant
522 1891 584 1942 tres
607 1878 640 1940 S.
667 1879 824 1942 Trinitatis
848 1881 1024 1960 hypostases
1048 1899 1111 1944 esse
1133 1900 1151 1942 a
1174 1888 1351 1948 seinvicem

125 1987 274 2062 diuersas,
297 2004 332 2047 ac
350 1985 482 2064 proinde
504 1993 567 2044 tres
591 1985 679 2062 qnasi
687 1982 767 2044 Deos
788 1983 1022 2062 praedicabant:
1046 1983 1350 2058 aliiantesnoiehant,

128 2085 256 2150 Verbum
278 2105 354 2168 opus
377 2095 408 2148 et
427 2103 491 2146 rem
512 2085 627 2164 saetam
650 2101 722 2146 esse.
772 2081 919 2164 Utrosque
941 2087 1009 2146 iure
1032 2087 1170 2163 coarqnit
1184 2082 1351 2162 Dionysias

125 2191 266 2270 daretque
289 2199 397 2250 contra
418 2186 500 2257 illos,
524 2197 586 2246 tres
610 2182 666 2245 SS.
692 2181 848 2246 Trinitatis
873 2183 1047 2262 hypostases
1068 2203 1130 2248 nan
1153 2197 1216 2247 esse
1238 2185 1351 2247 olivitas

123 2310 141 2352 a
164 2294 354 2362 seinvicem,
377 2307 431 2351 nco
455 2286 566 2350 Filium
588 2304 650 2348 esse
671 2283 798 2365 Jactscm,
823 2286 875 2346 scd
894 2290 1036 2364 penitam.

208 2391 242 2452 V.
290 2391 429 2471 Oriqcnis
453 2407 568 2472 quoque
591 2390 763 2447 testimonio
785 2389 886 2446 utitur
904 2387 1088 2446 Athanasius
1112 2387 1255 2461 docentis,
1277 2385 1351 2446 Ver-

127 2491 195 2552 bum
218 2500 372 2552 aeternum
394 2510 462 2552 esse
484 2489 677 2568 eiusdemque
699 2505 733 2547 so
747 2485 863 2548 Patrem
887 2485 1081 2558 substantiae.
1126 2484 1204 2546 Nam
1225 2490 1353 2566 quaein

129 2596 191 2654 eius
221 2593 362 2674 operibns
391 2593 533 2654 uidentur
556 2592 623 2653 leoeic
646 2588 810 2653 catholicoe
832 2592 998 2651 sententiae
1020 2606 1082 2650 esse
1107 2592 1278 2660 coretraria,
1309 2591 1352 2650 ait

128 2693 309 2758 Athanasius
337 2693 424 2757 illuns
453 2713 514 2756 non
542 2713 581 2755 en
604 2695 738 2774 propria
765 2701 862 2754 merite
881 2708 1070 2771 proponere,
1100 2691 1152 2752 sed
1175 2709 1213 2752 ea
1236 2708 1350 2760 eornm,

131 2795 301 2872 quibuscum
329 2797 513 2876 disputabat.
557 2795 618 2855 Nec
645 2811 719 2854 cero
750 2792 899 2872 aliquibus
923 2796 1033 2854 mirum
1054 2793 1155 2854 videri
1176 2793 1274 2867 debet,
1305 2809 1349 2864 ea,

133 2910 205 2970 quae
223 2897 415 2972 postmodum
437 2897 612 2956 dictitabant
624 2897 743 2962 Ariani,
767 2893 812 2953 hio
835 2895 871 2953 ab
886 2893 1013 2972 Oriyenc
1033 2905 1135 2972 aperte
1147 2895 1350 2966 coredemnati,

137 2989 205 3049 haec
226 2995 368 3052 nimirum
391 2991 501 3050 aetba:
523 2991 591 3050 Fuit
611 2991 779 3068 aliquando,
802 3011 869 3052 cum
891 3009 953 3050 non
975 2999 1057 3052 esset
1078 2991 1185 3065 Filius3
1208 2994 1352 3072 siquidem

137 3087 167 3146 id
194 3094 363 3150 neccssaria
387 3093 523 3170 seqnitur
546 3108 584 3150 ea
606 3089 733 3150 illorum
756 3095 931 3158 sententia.
948 3093 999 3168 qni
1019 3089 1131 3150 Filium
1151 3109 1214 3152 non
1236 3109 1354 3170 semper

132 3187 227 3264 [uisse
253 3190 499 3252 arbitrabantur.
542 3189 621 3251 ilinc
643 3189 808 3266 Dionysius
830 3189 983 3252 Romanus
1012 3192 1045 3249 in
1074 3187 1153 3259 laco,
1178 3194 1262 3252 cuins
1284 3208 1356 3254 moa

131 3293 324 3361 meminimus,
348 3295 391 3352 sic
415 3289 566 3371 loquitur:
589 3290 621 3350 Si
643 3291 738 3350 iactus
763 3298 808 3350 est
822 3289 925 3362 Filius,
948 3288 1003 3352 init
1024 3288 1182 3368 aliquando
1205 3309 1270 3354 cum
1292 3309 1353 3354 non

134 3401 228 3465 cssstq
249 3411 336 3472 quarn
357 3395 538 3474 inpietatem
557 3393 705 3472 Oriqenes
728 3391 826 3453 cadem
847 3391 935 3452 modo
951 3409 987 3452 ac
1002 3391 1054 3452 ille
1069 3396 1233 3473 impuynat.
1267 3393 1353 3467 Diea-

132 3501 257 3571 propter
286 3513 350 3556 cnm
375 3494 514 3573 Oriqenis
543 3494 728 3575 temporibus
755 3504 872 3564 essent,
901 3497 954 3574 qui
978 3495 1055 3556 idem
1078 3497 1242 3566 sentirent,
1272 3497 1352 3576 quad

134 3603 235 3667 postea
250 3593 371 3668 Ariani,
394 3595 441 3657 nil
457 3596 600 3676 prosecta
622 3598 743 3666 anirum,
767 3597 796 3655 si
816 3595 933 3657 easdem
954 3614 1070 3676 quoque
1093 3595 1234 3677 loquendi
1245 3598 1348 3660 modas

35 3687 42 3700 '
135 3691 311 3760 adhiberent.
365 3696 426 3759 Sed
457 3713 497 3757 em
523 3695 570 3758 his
596 3701 673 3759 sotis
699 3697 797 3776 suerit
827 3697 1004 3768 obseruare,
1037 3697 1136 3774 fuisse
1165 3698 1252 3779 lonpe
1280 3711 1349 3776 antq

133 3793 235 3856 Arium
254 3797 387 3860 Arianae
408 3799 570 3876 impietatis
589 3815 823 3876 praecursores.

214 3893 258 3957 vl.
301 3898 461 3962 Postremo
482 3897 516 3958 S.
537 3898 725 3961 Athanasius
748 3899 784 3960 de
805 3915 876 3961 vaae
899 3889 1053 3982 dysticon
1077 3900 1221 3978 disputat.
1262 3899 1349 3962 Hanc

133 3992 259 4058 Arianos
285 4018 302 4061 a
326 4001 474 4081 profanis
502 4000 680 4062 auctoribus
702 4011 859 4062 mutuatos
883 4018 946 4064 esse
969 4006 1028 4073 ait,
1060 4011 1095 4062 ut
1113 4006 1186 4080 po'st
1208 3998 1348 4080 saplasas

100 4165 102 4172 Ι
134 4091 208 4156 olias
236 4117 337 4165 corum
367 4100 493 4174 voculas
521 4119 609 4162 suom
636 4104 817 4180 impietatem
843 4120 924 4164 noae
955 4101 1008 4164 hac
1036 4101 1182 4164 uocabulo
1206 4109 1348 4181 teqerent.
1410 4135 1418 4152 ·

133 4190 206 4257 llam
227 4211 301 4264 'cnm
331 4202 434 4266 solum
456 4201 578 4264 Patrem
610 4191 764 4286 ἀγένητον
791 4203 980 4264 non-lactum
1010 4203 1165 4265 dicendum
1193 4218 1257 4264 csse
1284 4197 1349 4262 oel-

135 4290 205 4368 ltnh
234 4303 447 4368 concludebant
468 4301 579 4367 lilium
600 4299 733 4386 γενητόν
754 4305 863 4366 lactum
886 4303 990 4366 debere
1012 4305 1081 4368 elici.
1127 4303 1236 4365 Veram
1255 4303 1434 4379 [rou-neor.

135 4393 194 4456 aaa
214 4402 298 4464 istum
320 4410 422 4490 aperit
445 4417 473 4470 ct
494 4403 617 4484 repellit
638 4404 839 4478 Athanasius,
868 4407 1008 4485 docetque
1029 4404 1126 4466 Decem
1147 4399 1349 4464 non-lactum

136 4495 286 4578 appellari,
308 4517 456 4589 qnatenus
478 4511 550 4581 cols
570 4512 717 4589 γενητοῖς
737 4504 828 4568 rebus
843 4505 928 4568 lactis
941 4509 1115 4584 opponitur,
1137 4502 1189 4562 sed
1200 4495 1354 4578 appellari
