3176 5058
424 279 569 322 arrsrom
584 279 621 322 oa
637 281 780 325 necaerrs
796 283 940 326 prensare
957 284 1075 329 srnoor.
1098 299 1102 306 -
1323 277 1363 338 63

134 431 241 494 stantia
264 430 414 492 diversum
437 447 517 504 esse,
541 429 687 492 reundum
709 451 780 494 sane
803 441 857 506 est,
881 443 962 496 recte
976 435 1131 515 Synodum'
1153 445 1182 498 et
1205 439 1449 519 scripsissem.

134 540 165 594 et
188 533 343 610 cogitasse.

220 636 272 696 24.
318 631 426 694 Procul
448 639 544 692 autem
566 631 635 694 bine
656 633 733 694 absit
754 635 851 696 omnis
874 637 1010 715 cogitatio
1027 657 1190 719 corporea3
1214 640 1268 700 sed
1293 659 1365 702 seu-

135 753 188 796 sus
211 752 316 796 omnes
339 733 555 830 praetergressi
576 752 650 812 pura
678 733 866 812 intelligentia
894 745 923 798 et
949 739 1011 800 sola
1033 751 1130 802 mente
1153 741 1364 821 percipiamus,

136 855 224 916 mam
253 852 323 894 vere
351 831 391 893 sit
412 832 505 892 Filius
527 833 642 905 Patris,
671 835 896 912 quamproprie
918 837 969 897 llei
991 839 1030 898 sit
1052 841 1192 916 Verbum,
1223 851 1252 904 et
1274 861 1363 923 quom

136 939 299 1016 perlectam
330 952 396 994 cum
423 933 489 995 luce
511 932 734 995 similitudinem
757 933 897 1011 splendor
918 935 1031 996 habeat.
1072 939 1110 1001 Ut
1131 943 1207 1003 enim
1230 945 1307 1006 letus
1331 952 1362 1004 et

138 1039 218 1099 filius
241 1055 303 1097 nou
325 1034 478 1096 hominum
501 1053 602 1106 more,
632 1033 685 1094 sed
707 1043 740 1095 ut
761 1033 855 1094 Deum
878 1033 978 1105 decet,
1008 1044 1036 1094 et
1062 1037 1155 1100 dietus
1176 1051 1221 1102 est
1242 1053 1271 1103 ει
1292 1063 1360 1105 rere

138 1148 203 1212 est,
231 1139 270 1199 ita
298 1155 364 1198 cum
393 1153 493 1196 rocem
517 1135 783 1198 consubstantialia
806 1135 961 1209 audimus,
994 1135 1138 1196 humanos
1157 1157 1272 1206 ,sensus
1299 1163 1359 1206 noo

137 1241 282 1302 debemus
304 1233 398 1316 sequi,
419 1255 474 1298 nec
494 1237 654 1299 divinitatis
677 1237 851 1316 partitiones
876 1245 927 1298 aut
950 1235 1112 1298 divisiones
1128 1237 1279 1315 fingendae
1294 1251 1362 1304 suut

136 1342 230 1414 ullae3
259 1338 312 1400 sed
343 1349 478 1418 tanquam
501 1339 537 1400 de
559 1339 648 1400 rebus
670 1357 731 1399 non
754 1338 910 1416 corporeis
934 1337 1099 1416 cogitantes
1122 1355 1210 1398 unam
1232 1349 1364 1402 natmam

138 1450 169 1503 et
192 1442 312 1502 eandem
339 1441 432 1502 lucem
460 1459 519 1502 non
548 1441 725 1502 dividamus.
779 1439 811 1500 ld
840 1439 919 1500 enim
947 1440 1101 1518 proprium
1131 1438 1196 1500 Filii
1225 1448 1271 1500 est
1297 1459 1365 1520 erga

136 1545 264 1616 Patrem,
288 1561 381 1621 eoque
403 1543 580 1616 ostenditur,
605 1541 699 1602 ileum
721 1559 792 1602 vere
807 1539 895 1601 Verbi
911 1539 1027 1602 Patrem
1051 1559 1130 1602 esse.
1167 1539 1241 1602 Nam
1260 1559 1364 1602 rursus

134 1645 210 1708 lucis
234 1652 262 1705 et
284 1642 451 1723 splendoris
475 1643 641 1721 exemplum
671 1641 707 1702 ad
735 1641 806 1702 illud
836 1641 1056 1720 intelligendum
1080 1650 1126 1703 est
1149 1643 1362 1704 necessarium.

135 1747 210 1821 Quis
232 1745 320 1825 igitur
334 1745 431 1806 dicere
451 1744 566 1817 audeat,
590 1741 778 1821 splendorem
794 1743 850 1804 soli
865 1752 1018 1804 externum
1035 1753 1065 1804 et
1079 1741 1252 1806 dissimilem
1269 1738 1362 1803 esse?

133 1849 186 1910 Vel
207 1847 306 1928 potius
328 1847 406 1926 quis,
430 1845 456 1906 si
478 1843 649 1917 adverterit,
673 1863 800 1924 quonam
822 1845 912 1906 modo
936 1845 1077 1924 splendor
1092 1865 1125 1906 sc
1144 1847 1179 1908 ad
1195 1844 1289 1905 solem
1304 1843 1360 1904 ba-

133 1951 204 2011 beat
225 1948 405 2027 eandemque
428 1965 497 2008 esse
518 1947 625 2017 lucem,
649 1965 708 2006 non
730 1947 869 2008 audacter
887 1947 983 2022 dicat:
1015 1949 1112 2020 „Vere
1133 1946 1181 2008 lux
1204 1953 1233 2007 et
1256 1945 1359 2024 splen-

135 2051 219 2125 „dor
241 2067 297 2110 una
319 2067 368 2112 res
393 2057 450 2121 est,
473 2047 579 2126 hicque
601 2047 632 2107 in
648 2047 694 2108 illa
710 2049 886 2119 ostenditur,
910 2057 939 2108 et
953 2049 1097 2126 splendor
1118 2049 1148 2108 in
1172 2049 1235 2108 sole
1251 2045 1360 2116 existit,

134 2153 202 2226 „ita
225 2161 257 2212 ut
278 2150 328 2230 qui
350 2143 445 2210 solem
468 2148 595 2216 viderit.
620 2147 810 2226 splendorem
832 2166 950 2225 quoque
973 2147 1127 2208 cernat?“
1171 2149 1251 2208 llaec
1271 2163 1361 2225 porro

131 2255 231 2315 unitas
260 2261 290 2312 et
317 2251 457 2312 naturalis
486 2251 653 2329 proprietas
682 2249 833 2328 quomodo
863 2267 878 2308 a
908 2247 1097 2308 credentibus
1130 2267 1163 2309 ac
1195 2246 1363 2307 videntibus

130 2363 213 2416 recte
241 2351 339 2413 vocari
366 2352 465 2430 possit
493 2351 551 2411 nisi
581 2348 841 2411 consubstantialis
871 2347 973 2407 letus?
1024 2348 1100 2418 Quis
1128 2355 1224 2408 autem
1245 2343 1365 2422 proprie

134 2455 283 2531 digneque
306 2450 393 2511 alium
416 2449 468 2509 Dei
497 2450 586 2510 letum
617 2468 684 2510 esse
708 2448 856 2528 concipiet
877 2453 996 2526 praeter
1018 2445 1162 2516 Verbum,
1193 2443 1366 2524 sapientiam

134 2564 166 2615 et
188 2552 340 2624 virtutem,
372 2569 459 2630 quarn
488 2567 558 2612 sane
585 2569 640 2612 uec
661 2551 740 2612 Patri
770 2559 920 2611 externam
949 2547 993 2608 las
1023 2556 1072 2608 est
1101 2547 1213 2620 dicere,
1242 2565 1298 2606 nec
1319 2543 1362 2605 rel

132 2653 263 2733 cogitare
290 2652 361 2713 licet
387 2671 449 2712 non
477 2671 597 2732 semper
624 2653 702 2732 apud
725 2652 845 2712 Patrem
874 2647 991 2711 luisset
1041 2649 1193 2727 Siquidem
1215 2647 1273 2709 boc
1294 2647 1360 2726 ipso

130 2757 191 2816 letu
215 2755 316 2816 omnia
339 2753 407 2815 lecit
428 2753 531 2828 Pater,
561 2772 705 2833 suamque
728 2753 758 2814 in
782 2772 831 2813 res
855 2769 958 2812 omnes
980 2749 1194 2830 providentiam
1216 2767 1271 2828 per
1292 2767 1360 2809 eum

131 2855 259 2932 benigne
283 2855 477 2926 administrat,
500 2865 587 2934 atque
609 2855 648 2916 ita
672 2855 737 2934 ipse
760 2861 789 2914 et
804 2854 892 2914 l'ater
907 2871 996 2912 uuum
1012 2860 1090 2922 sunt,
1113 2849 1359 2929 quemadmodum

134 2952 244 3012 dictum
267 2960 331 3023 εει,
353 2952 409 3012 nisi
432 2955 507 3012 lorte
529 2955 617 3014 iidem
640 2953 768 3034 improbi
788 2954 895 3014 iterum
917 2951 1041 3013 audeant
1063 2951 1249 3022 contendere,
1273 2950 1358 3011 aliam

137 3069 208 3110 esse
230 3049 320 3110 Verbi
342 3051 546 3125 substantiam,
570 3055 707 3115 cleliam
730 3055 836 3127 lucem,
860 3073 933 3132 quae
956 3071 989 3114 ex
1005 3052 1091 3113 Patre
1113 3051 1142 3112 in
1165 3051 1214 3112 illo
1238 3060 1294 3123 est,
1318 3052 1357 3112 ita

137 3159 171 3210 ut
191 3149 241 3210 lux
264 3149 393 3228 quidem,
416 3171 490 3230 quae
513 3162 558 3214 est
580 3154 610 3212 in
632 3153 717 3226 Filio,
741 3173 828 3215 uuum
851 3155 889 3216 sit
912 3173 976 3216 cum
992 3153 1087 3226 Patre,
1110 3153 1174 3232 ipse
1195 3171 1265 3212 vero
1289 3161 1357 3212 tan-

134 3269 221 3330 quam
244 3269 294 3311 res
317 3259 414 3312 creata
437 3253 477 3313 sit
499 3253 576 3314 Patri
600 3262 746 3315 externus.
791 3255 897 3316 Verum
928 3257 998 3314 haec
1019 3255 1152 3334 prolecto
1174 3253 1301 3330 Caiphae
1328 3259 1359 3312 ει

133 3351 353 3414 Sarnosatensis
374 3361 421 3412 est
442 3353 589 3422 doctrina,
620 3373 706 3432 quam
729 3353 857 3416 Ecclesia
886 3355 1003 3434 quidem
1025 3353 1127 3434 procul
1150 3352 1274 3432 repulit,
1304 3349 1357 3412 sed

133 3469 218 3530 quern
243 3451 284 3512 illi
306 3452 379 3512 clam
402 3461 431 3512 et
452 3461 549 3516 astute
572 3473 651 3515 nunc
672 3462 792 3515 tuentur
814 3455 946 3534 hancque
970 3455 1008 3516 oh
1024 3473 1141 3516 causam
1162 3453 1218 3533 ipsi
1235 3451 1366 3512 recitate·

132 3551 232 3612 relicta
254 3551 391 3614 haeretici
414 3563 483 3615 sunt
504 3553 652 3615 declarati.
697 3553 729 3614 si
757 3555 834 3616 enim
863 3575 987 3635 prorsus
1015 3555 1106 3627 lucis,
1141 3571 1215 3632 quae
1244 3561 1290 3612 est
1322 3569 1358 3640 ex

131 3652 234 3725 Patre,
260 3653 408 3732 particeps
430 3653 479 3715 ille
501 3662 560 3727 est,
589 3673 641 3715 our
663 3673 722 3715 non
744 3655 844 3734 potius
874 3657 939 3734 ipse
962 3656 988 3715 is
1012 3665 1071 3726 est,
1091 3655 1184 3741 *cuius
1213 3671 1261 3712 res
1285 3651 1358 3711 aliae

128 3753 204 3816 liunt
225 3755 401 3832 participes,
432 3773 470 3814 ne
498 3753 609 3816 scilicet
634 3755 742 3833 aliquid
770 3755 898 3816 medium
928 3755 1003 3815 inter
1026 3773 1091 3816 eum
1115 3761 1144 3813 et
1165 3753 1283 3814 Patrem
1306 3768 1355 3809 re-

127 3852 283 3930 periatur?
326 3854 399 3914 Nam
423 3854 482 3914 nisi
504 3855 533 3914 id
556 3856 750 3928 concedatur,
773 3873 835 3914 non
857 3855 982 3934 emplius
1006 3853 1123 3914 ostendi
1146 3853 1264 3931 poterit,
1289 3869 1355 3910 orn-

127 3953 178 4014 nia
201 3971 257 4032 per
277 3952 383 4014 Filium
405 3955 478 4015 lacta
502 3973 584 4029 esse,
608 3955 660 4015 sed
683 3973 736 4034 per
759 3955 860 4028 illurn,
885 3955 968 4016 cuins
992 3955 1107 4032 etipse
1130 3961 1177 4012 est
1197 3950 1356 4029 particeps.

126 4054 168 4114 Αι
189 4054 214 4114 si
239 4053 305 4132 ipse
328 4064 373 4116 est
394 4055 522 4116 Verbum
545 4064 574 4116 et
596 4056 738 4135 sapientie
761 4055 874 4126 Patris,
903 4055 933 4114 in
962 4073 1020 4132 quo
1050 4073 1083 4113 se
1104 4052 1191 4112 Pater
1212 4049 1357 4131 patefacit,

127 4153 336 4231 cognoscitur,
359 4163 454 4228 creat,
478 4165 507 4216 et
529 4157 594 4216 siue
615 4175 674 4234 quo
697 4153 770 4216 nibil
793 4155 914 4216 omnino
938 4152 1021 4224 lacit,
1045 4151 1232 4212 manifestum
1256 4149 1357 4224 utique

164 4351 186 4384 ⁸·
205 4337 319 4400 εἰ0308·
355 4339 417 4388 Editi
441 4353 497 4389 'tro
514 4337 573 4392 utris
591 4339 716 4388 mendose.
803 4353 823 4388 c.
843 4337 958 4396 Siclleg.
983 4336 1101 4388 llorere
1121 4319 1357 4393 eteditiiz'roriu.

125 4402 250 4520 ombiimsqu
265 4406 320 4468 lleg.
355 4405 384 4454 tt
402 4406 443 4455 alil
461 4414 484 4457 et
502 4407 559 4456 editi
577 4401 629 4466 τὴν
645 4402 718 4460 λέξιν
804 4406 828 4454 d.
847 4405 903 4466 lleg.
922 4395 1050 4468 ἀτέχνως.
