3176 5058
238 287 292 348 42
516 295 524 310 ¹
551 335 553 340 .
648 299 674 342 B.
689 297 845 342 fflfflffl
858 297 1083 342 mammon
1185 304 1187 310 '

163 447 328 534 εαυπερὶ
349 449 387 515 δὲ
406 449 467 514 τοῦ
489 451 602 532 κυρίου
625 438 909 532 εόαγγελιζόμενος
931 445 1032 530 λέγει·
1056 439 1074 510 6
1096 441 1276 529 μονογενὴς
1287 442 1367 524 υἱός,
1392 440 1481 514 δῶν

248 549 296 629 είς
317 549 374 616 τὸν
396 546 523 615 κόλπον
544 548 604 612 τοῦ
626 545 769 633 πατρός,
800 545 922 626 ἐκεῖνος
944 545 1122 633 ἐξηγήσατο
1131 548 1161 623 ¹).
1206 543 1237 612 εί
1257 549 1368 613 τοίνυν
1391 546 1478 627 υἱός,

247 647 286 717 οδ
308 655 447 734 κτίσμα,
477 645 507 714 εἰ
528 647 564 714 δὲ
585 642 721 733 κτίσμα,
746 641 804 732 οόχ
825 647 911 726 υίός·
937 645 1045 734 πολλὴ
1073 645 1135 733 γὰρ
1163 644 1198 713 έν
1220 639 1375 735 αότοίςῆ
1399 649 1481 714 δια-

249 750 354 840 φορά,
383 747 439 816 καὶ
468 743 525 814 οόκ
547 742 587 815 ἀν
610 749 659 836 εἴη
682 743 781 828 αῦτός
802 747 874 829 υίὸς
894 747 950 816 καὶ
971 754 1107 834 κτίσμα,
1137 747 1193 814 λ’νοι
1213 745 1258 835 μὴ
1279 745 1334 816 καὶ
1356 747 1392 815 lx
1413 754 1480 816 τοῦ

249 854 334 919 θεοῦ
355 848 412 918 καὶ
433 849 557 929 ἔξωθεν
579 851 637 916 τοῦ
660 853 744 917 θεοῦ
766 845 785 939 ἡ
808 847 906 918 οόσία
928 843 1028 916 αότοῦ
1050 849 1231 933 νομίζηται.

337 959 385 1018 14.
424 945 494 1036 ’Ἆρ’
519 939 575 1016 οῦν
604 949 710 1038 μάτην
737 957 920 1038 γέγραπται
946 953 1044 1018 τοῦτο
1071 949 1111 1016 τὸ
1137 947 1235 1037 ῥητόν
1242 977 1254 1032 ,·
1290 952 1389 1016 τοῦτο
1410 949 1477 1036 γὰρ

249 1052 352 1120 πάλιν
386 1052 504 1120 ἐκείνου
536 1055 799 1140 περιβομβοῦσιν
827 1048 872 1131 ὡς
901 1049 1000 1139 ἀγέλη
1028 1050 1206 1120 κωνώπων.
1251 1044 1323 1132 οόχί
1349 1073 1402 1134 γε,
1432 1047 1477 1118 οῦ

248 1154 354 1244 μάτην
379 1161 560 1241 γέγραπται
567 1205 575 1235 ,
606 1148 766 1222 ἀλλὰκαὶ
788 1153 879 1238 μάλα
901 1147 1102 1240 ἀναγκαίως·
1131 1153 1185 1218 καί
1208 1151 1268 1238 γάρ
1291 1153 1345 1218 καί
1367 1153 1477 1232 κτίζε-

162 1263 335 1325 κατεσθίει
360 1257 502 1343 λέγεται,
532 1251 600 1322 ἀλλ’
626 1252 682 1322 ὅτε
707 1260 837 1342 γέγονεν
865 1247 1072 1340 ἄνθρωπος’
1094 1247 1280 1338 ἀνθρυ’που
1301 1251 1362 1338 γὰρ
1384 1253 1478 1320 ἴδιον

247 1361 353 1425 τοῦτο.
398 1357 456 1446 τὴν
479 1360 516 1426 δὲ
537 1359 687 1424 διάνοιαν
709 1355 831 1444 ταύτην
853 1351 984 1443 εὑρήσει
1004 1355 1113 1432 καλῶς
1127 1353 1162 1422 ἒν
1178 1363 1251 1432 τοῖς
1266 1355 1391 1442 λογίοις
1405 1380 1476 1422 κει-

244 1465 344 1548 μένην
367 1455 385 1526 6
407 1458 451 1544 μὴ
474 1458 641 1544 πάρεργον
661 1453 839 1544 ἡγούμενος
860 1456 918 1546 τὴν
940 1451 1134 1542 ἀνάγνωσιν,
1158 1449 1243 1522 ἀλλὰ
1256 1457 1311 1522 καλ
1326 1454 1383 1522 τὸν
1398 1483 1475 1524 και·

244 1560 302 1647 ρδν
329 1564 384 1627 καὶ
411 1561 453 1625 τὰ
481 1557 648 1644 πρόςωπα
674 1561 728 1624 καί
755 1557 813 1644 τὴν
840 1564 952 1644 χρείαν
981 1560 1047 1625 τῶν
1069 1561 1299 1644 γεγραμμένων
1321 1555 1473 1642 ἐρευνῶν,

244 1665 299 1728 καί
328 1657 415 1727 οὕτω
442 1658 487 1724 τὰ
508 1653 749 1744 ἀναγνώσματα
771 1659 945 1744 διακρίνων
966 1662 1020 1726 καί
1044 1657 1286 1744 διανοούμενος.
1331 1657 1473 1744 τὸνμὲν

246 1751 305 1828 οῦν
325 1759 439 1845 καιρόν
459 1763 537 1826 ιτοῦ
561 1761 660 1847 ῥητοῦ
682 1757 799 1826 τοότου
822 1755 953 1849 εόρήσει
972 1763 1026 1828 καί
1049 1759 1220 1847 γνώσεται,
1245 1755 1299 1824 ὅτι
1320 1752 1373 1826 ἀεί
1389 1751 1471 1826 ολυὸ

245 1861 357 1948 κύριος
377 1857 513 1947 ὕστερον
536 1860 593 1928 ἐπὶ
616 1863 786 1948 συντελείᾳ
806 1865 873 1928 τῶν
896 1861 1025 1929 αίιόνωυ
1047 1868 1176 1948 γέγονεν
1199 1858 1393 1945 ἄνθρωπος,
1416 1863 1471 1927 καί

218 1969 220 1974 ’
246 1961 317 2041 υἱός
339 1957 385 2029 ιόν
405 1965 464 2050 τοῦ
487 1965 571 2028 θεοῦ
592 1957 703 2048 γέγονε
723 1960 871 2042 καίυίὸς
893 1957 1086 2049 ἀνθρώπου.
1124 1962 1185 2050 τὴν
1204 1963 1242 2028 δὲ
1260 1967 1373 2046 χρείαν
1395 1961 1472 2050 νοη-

246 2087 348 2144 σειεν,
383 2058 437 2129 ότι
467 2062 525 2129 τὸν
559 2059 652 2151 ἡμῶν
678 2064 827 2132 θάνατον
856 2066 1059 2152 καταργῆσαι
1085 2065 1197 2131 θέλων
1226 2061 1379 2148 ἔλαβεν*
1363 2067 1470 2149 εαυτῷ

246 2168 343 2266 σῷμα
370 2163 404 2231 ἐκ
430 2167 488 2252 τῆς
515 2172 687 2253 παρθένου
709 2171 862 2253 Μαρίας,
898 2167 954 2232 ἵνα
979 2169 1078 2232 τοῦτο
1107 2171 1324 2251 προςενέγκας
1344 2169 1470 2231 θυσίαν

247 2245 331 2352 ῦπίρ
359 2265 494 2334 πάντων
516 2270 563 2355 τῷ
586 2270 688 2354 πατρί
710 2262 883 2354 ἀπαλλάξη
906 2267 1036 2346 πάντας
1056 2261 1158 2355 ἡμᾶς,
1188 2262 1264 2332 ὅσοι
1286 2264 1383 2353 φόβῳ
1404 2271 1472 2332 θα-

245 2365 344 2438 νάτου
374 2366 430 2434 διὰ
457 2368 585 2449 παντός
610 2372 670 2436 τοῦ
701 2369 757 2458 ζῆν
780 2358 928 2452 ἔνοχοι
908 2393 988 2455 ημεν
1012 2369 1202 2448 δουλείαςἏ)
1246 2365 1286 2432 τό
1308 2368 1346 2434 δὲ
1367 2367 1472 2452 πρός-

131 2461 134 2470 ’
244 2491 339 2536 ωπον
359 2473 418 2535 τοῦ
439 2495 499 2553 μεν
522 2471 671 2557 σωτῆρός
693 2470 779 2550 ἐστι,
809 2469 928 2536 τότεδ
927 2463 1159 2554 ἑλέγεται,”
1139 2492 1195 2536 οτε
1215 2467 1337 2544 λοιπὸν
1358 2468 1470 2556 λαβὼν

242 2569 281 2635 τό
304 2573 401 2654 σῶμα
422 2570 524 2654 λέγει·
553 2569 664 2657 κέρως
692 2571 799 2637 ίκτισέ
820 2595 863 2655 με
886 2565 985 2655 ἀρχὴν
1009 2565 1095 2637 ὁδῶν
1118 2564 1218 2644 αὐτοῦ
1241 2569 1289 2649 είς
1311 2569 1389 2656 ἔργα
1410 2565 1470 2636 αό-

241 2672 341 2750 106³).
387 2667 432 2749 ιός
452 2668 514 2757 γδιρ
536 2671 597 2756 υἱῷ
619 2673 703 2738 θεοῦ
727 2666 799 2736 όντι
820 2667 957 2757 ἁρμόζει
978 2673 1086 2750 καλῶς
1107 2669 1146 2737 τὸ
1168 2665 1286 2750 ἀϊδίους
1308 2665 1391 2738 εἶναι
1410 2674 1465 2736 καί

243 2769 276 2838 έν
297 2771 437 2849 κόλποις
459 2765 545 2838 εἶναι
565 2775 623 2837 τοῦ
646 2771 783 2856 πατρός,
806 2768 911 2851 οὕτως
931 2775 986 2838 καί
1009 2767 1182 2859 ἀνθρώπῳ
1203 2777 1364 2858 γενομένῳ
1387 2776 1467 2856 πρέ·

241 2894 354 2938 πονου
381 2869 476 2960 φωνὴ
498 2871 536 2937 τὸ
559 2872 669 2958 κύριος
691 2873 797 2940 έκτισέ
816 2898 867 2957 με.
913 2871 990 2942 τότε
1009 2872 1071 2960 γάρ
1094 2876 1222 2960 λέγεται
1243 2876 1321 2961 περί
1347 2867 1467 2940 αῦτοῦ·

150 3007 157 3014 -
241 2977 294 3039 καί
317 2971 488 3054 ίπείνασε,
520 2977 576 3042 καί
597 2974 752 3063 ἐδίψησε,
775 2977 829 3041 καί
852 2973 1059 3042 ἐπυνθάνετο
1081 2978 1148 3041 ποῦ
1170 2974 1332 3062 Λάζαρος
1351 2985 1467 3056 κεῖται,

240 3076 295 3142 καί
316 3080 482 3157 πέπονθε,
506 3079 560 3146 καί
584 3072 710 3166 ἀνέστη.
755 3079 808 3144 καί
833 3069 946 3163 ὥσπερ
970 3071 1143 3156 ἀκούοντες
1165 3071 1265 3144 αὐτόν
1286 3073 1401 3162 ’κόριον
1414 3077 1467 3142 καὶ

239 3177 323 3244 θεὸν
345 3181 399 3245 καί
423 3181 497 3268 φῶς
519 3169 689 3268 ἀληθινόν,
715 3182 852 3261 νοοῦμεν
868 3172 968 3243 αότὸν
984 3174 1065 3244 ὄντα
1080 3177 1114 3244 ἐκ
1127 3181 1186 3244 τοῦ
1201 3177 1339 3264 πατρός,
1363 3173 1469 3255 οὕτως

241 3274 368 3346 δίκαιόν
391 3279 480 3347 ἐστιν
504 3275 683 3357 ἀκούοντας
705 3278 744 3343 τὸ
768 3279 874 3343 ἔκτισε
894 3278 949 3342 καί
970 3276 1010 3342 τό
1031 3279 1150 3358 δοῦλος
1171 3281 1223 3346 καί
1245 3277 1285 3345 τὸ
1299 3283 1465 3358 πέπονθε,

240 3377 284 3462 μὴ
313 3381 352 3462 τῇ
381 3379 521 3463 θεότητι
549 3379 757 3462 λογίζεσθαι,
787 3372 949 3442 ἀνοίκειον
970 3377 1047 3464 γάρ,
1080 3375 1165 3446 ἀλλά
1185 3383 1224 3468 τῇ
1247 3382 1343 3466 σαρκί
1365 3382 1469 3446 ταῦτα

240 3485 391 3561 μετρεῖν,
414 3475 454 3562 ἣν
476 3473 525 3540 δι’
549 3472 637 3563 ἡμᾶς
658 3475 812 3564 λφόρεσε·
841 3476 961 3565 ταύτης
989 3478 1050 3564 γὰρ
1073 3481 1145 3547 ἰ’δια
1167 3484 1285 3562 ταῦτα,
1307 3483 1363 3548 καὶ
1385 3475 1466 3568 αάεὴ

240 3571 261 3661 ἡ
284 3575 368 3662 σὰρξ
389 3570 446 3659 οδχ
468 3576 590 3663 ἑτέρου,
615 3571 699 3644 ἀλλὰ
720 3581 779 3644 τοῦ
802 3577 899 3665 λόγου
922 3579 1019 3647 ἐστίν.
1052 3581 1081 3648 εἰ
1103 3583 1215 3648 δὲκαὶ
1237 3581 1277 3649 τὸ
1299 3582 1334 3650 ἐκ
1347 3582 1466 3648 τούτου

238 3676 399 3765 χρήσιμον
421 3678 559 3752 ”ίθίλοι,
576 3703 628 3756 τις
647 3685 781 3762 μαθεῖν,
805 3676 935 3769 εόρήσει
955 3685 1009 3748 καί
1024 3685 1140 3748 τοῦτο·
1162 3678 1258 3769 ὁγὰρ
1274 3682 1371 3769 λόγος
1386 3683 1467 3769 σάρξ

240 3779 411 3865 ἐγένετοί),
442 3779 498 3848 ἵνα
526 3783 579 3846 καί
607 3787 801 3870 προςενέγκη
830 3786 929 3850 τοῦτο
950 3779 1035 3870 ὑπὲρ
1057 3782 1208 3863 πάντων,
1238 3787 1292 3851 καί
1315 3779 1411 3872 ἡμεῖς
1433 3783 1467 3850 ἐκ

239 3883 298 3946 τοῦ
320 3880 510 3966 πνεύματος
532 3876 633 3948 αὐτοῦ
655 3883 894 3971 μεταλαβόντες
915 3887 1170 3971 θεοποιηθῆναι
1185 3884 1391 3972 δυνηθῶμεν,
1408 3883 1466 3952 άλ-

239 3983 305 4060 λως
327 3977 385 4048 οῦκ
402 3978 444 4049 ἀν
465 3981 582 4050 τούτου
605 3983 763 4066 τυχόντες,
787 3985 816 4052 εἰ
837 3985 883 4072 μὴ
905 3985 943 4052 τὸ
965 3985 1097 4052 κτιστὸν
1117 3981 1210 4072 ἡμῶν
1235 3982 1335 4066 αὐτὸς
1357 3985 1467 4054 ἐνεδό-
1491 4027 1496 4034 .

239 4107 322 4150 σατο
345 4086 457 4168 σῶμα·
481 4081 566 4151 οὕτω
587 4084 648 4172 γὰρ
671 4089 725 4152 καί
747 4083 929 4172 άνθρωποι
948 4089 1033 4154 θεοῦ
1053 4085 1174 4152 λοιπὸν
1195 4090 1250 4154 καί
1277 4087 1311 4155 έν
1325 4089 1465 4174 Χριστῷ

239 4182 421 4271 ἀνθρωποι
438 4188 651 4272 χρηματίζειν
679 4182 861 4276 ἠρξάμεθα.
908 4183 976 4254 ἀλλ’
1007 4182 1121 4273 ὥσπερ
1149 4183 1245 4273 ἡμεῖς
1272 4188 1312 4255 τό
1334 4191 1466 4272 πνεῦμα

240 4285 460 4372 λαμβάνοντες
488 4281 545 4354 οόκ
574 4283 762 4408 ἀπόλλυμεν
791 4286 850 4374 τήν
880 4287 967 4356 ἰδίαν
996 4287 1120 4356 ἑαυτῶν
1150 4283 1281 4358 οῦσίαν·
1311 4285 1418 4368 οῦτως
1446 4283 1464 4353 6

309 4511 416 4568 ίίίοισ.
438 4513 459 4574 ί,
480 4511 519 4563 18.
590 4511 706 4573 ίΗίαίιι.
727 4509 751 4572 2,
772 4509 812 4560 ¹5.
881 4509 906 4570 3)
926 4511 991 4561 Ριον.
1011 4511 1035 4574 8,
1055 4511 1095 4562 22.
1165 4513 1277 4573 ίίίοεα.
1297 4511 1320 4575 1,
1340 4511 1379 4562 14
