2872 5046
352 191 701 236 commonuissemus
716 183 851 237 maun.
1144 175 1207 238 905

30 345 168 426 quidem
191 342 227 405 dc
249 339 439 404 intellectuali
460 349 566 404 natura
587 319 791 405 testimonium
813 339 960 422 perbibet,
986 337 1115 402 loannes
1138 351 1295 401 veronam.

23 445 181 526 organica
203 443 341 523 corporis
364 443 551 516 ostensione,
575 451 608 505 nt
629 442 715 506 ambo
738 451 832 506 totum
855 441 1067 505 incarnationis
1096 449 1209 521 myste-

7 570 46 610 m
73 546 263 627 praedicent.
307 543 494 606 Manifestum
518 545 680 618 animost,
703 543 969 618 nonasterium,
992 543 1042 624 qui
1064 550 1133 605 ante
1155 542 1298 604 act-oms.

6 659 98 711 atum
124 646 158 708 in
181 663 270 708 carne
292 643 445 718 existebat,
469 663 530 706 non
552 653 624 708 tunc
644 645 805 720 bominem,
827 647 879 708 sed
902 646 996 709 Deum
1018 645 1111 708 luisse
1133 642 1212 724 apud

6 769 82 822 rim,
109 747 291 810 invisibilem
314 755 344 809 et
364 746 586 827 impassibilem.
657 779 658 784 κ
759 749 761 754 “

58 854 95 914 2.
143 849 334 929 Nequaquam
357 847 446 928 igitur
466 867 523 910 vox
540 849 680 912 Christus
696 865 784 910 carne
799 847 916 910 seclusa
930 849 1091 928 protertur,
1115 865 1210 928 quan-

5 951 142 1033 quidem
166 969 275 1013 nomen
298 951 367 1014 illud
390 950 491 1030 passio
510 955 543 1012 at
564 969 647 1012 mors
669 956 903 1030 consequuntur,
926 967 993 1011 eum
1007 949 1116 1010 Paulus
1134 949 1211 1012 scri-

5 1067 32 1115 t:
70 1053 109 1114 Si
128 1053 286 1134 possibilis
311 1053 466 1124 Obsistur,
500 1056 530 1116 si
545 1055 666 1132 primus
698 1070 738 1114 eor
760 1055 987 1114 resurrectione
1006 1063 1211 1125 mortuorum,

17 1154 102 1217 alibi
125 1153 192 1233 ipse
214 1153 307 1216 dieat:
331 1153 448 1216 Porcio
469 1163 610 1216 nostrum
630 1153 805 1234 immolatus
830 1162 877 1216 est
899 1153 1049 1228 Christus,
1072 1162 1102 1215 et
1116 1152 1213 1216 Homo

5 1255 251 1326 tristissimus,
282 1259 334 1336 qui
361 1255 440 1318 dedit
468 1259 662 1335 semetrpsum
691 1255 905 1318 redemtionem
922 1272 984 1336 pro
1007 1256 1103 1318 uobis.
1137 1253 1214 1336 „Non

7 1360 53 1419 od
82 1357 166 1416 Dens
189 1356 326 1430 nonsit,
360 1357 414 1418 sed
443 1357 521 1435 quod
550 1365 581 1418 et
608 1356 699 1418 bomo
722 1355 859 1418 Christus
883 1355 938 1418 sit..
976 1357 1075 1429 Quare
1096 1356 1214 1420 Muuor

5 1473 56 1530 to,
92 1457 150 1532 ait,
180 1457 281 1520 lerum
304 1458 458 1522 Christum
479 1462 691 1521 resurrexisse
714 1476 733 1520 ο
760 1462 900 1530 mortuis,
923 1476 962 1520 eu
982 1463 1092 1520 soaa'ae
1115 1459 1215 1522 David

5 1561 151 1624 erundum
172 1577 305 1622 coruom.
348 1559 461 1620 Idcirco
484 1559 636 1638 Scriptura
663 1559 700 1620 dc
727 1565 855 1638 utroque
881 1558 1003 1622 numine
1030 1561 1214 1624 mentionem

5 1665 60 1734 cit,
95 1679 157 1740 quo
180 1659 244 1722 eius
267 1659 491 1724 subsistentiam
515 1660 658 1733 declaret,
687 1659 786 1739 ipsum
808 1677 915 1740 nempe
937 1659 1123 1722 invisibiliter
1145 1659 1213 1741 qui-

7 1783 40 1825 rn
68 1770 105 1823 ut
128 1762 222 1824 ileum
252 1761 403 1826 intellectu
430 1768 543 1823 tantum
571 1759 684 1840 percipi
707 1769 737 1822 et
757 1777 861 1822 revera
883 1777 968 1832 ease,
1001 1769 1035 1822 ut
1061 1761 1214 1826 bominem

9 1877 77 1926 tem
102 1861 261 1925 visibiliter
282 1863 431 1925 attrectari
455 1872 484 1924 et
506 1881 610 1924 revera
633 1862 778 1936 existere,
805 1877 868 1924 non
897 1861 1044 1924 divisione
1065 1881 1213 1942 persona-

7 1989 40 2029 m
65 1972 124 2028 aut
146 1964 368 2044 cogitationum,
391 1965 443 2025 scd
467 1964 592 2026 naturali
614 1964 805 2042 generatione
826 1971 856 2025 et
870 1963 1069 2026 indissolubili
1091 1965 1213 2040 unione,

28 2069 100 2130 cius
125 2067 267 2146 passione
289 2066 319 2126 in
342 2066 482 2126 confesso
505 2084 575 2126 vere
596 2065 694 2126 habita
717 2063 783 2142 ipse
805 2063 954 2144 passibilis
976 2073 1006 2125 et
1020 2064 1213 2143 impassibilis

6 2190 81 2233 vera
107 2187 179 2230 esse
202 2167 390 2229 concedatur.
435 2165 593 2238 Quomodo
616 2165 706 2243 igitur
724 2163 852 2225 Verbum
873 2163 953 2226 Deus
975 2183 1041 2226 curu
1064 2173 1147 2226 esset
1167 2169 1213 2228 la-

5 2291 56 2334 um
82 2278 135 2330 est
157 2268 306 2338 Christus,
329 2265 501 2344 priusquam
525 2265 614 2326 bomo
636 2262 746 2326 bereti
783 2263 857 2326 Nam
880 2265 906 2324 si
925 2265 983 2326 boo
998 2283 1108 2326 nomen
1125 2266 1216 2329 curr-

5 2394 42 2436 us
69 2367 224 2431 Divinitati
247 2385 264 2426 a
286 2384 373 2426 carno
396 2373 550 2445 separatae
571 2364 726 2445 proprium
750 2363 805 2437 sit,
835 2383 906 2445 ergo
928 2365 1008 2428 Patri
1031 2364 1215 2446 spirituique

5 2481 88 2532 ructo
115 2466 342 2528 adtribuendum
366 2473 430 2542 est;
457 2466 561 2546 passio
589 2485 707 2546 quoque
735 2467 902 2530 communis
932 2467 1005 2540 erit,
1036 2475 1070 2529 ut
1097 2468 1215 2546 quidam

5 2583 121 2635 rantes
144 2568 334 2632 arbitrantur.
377 2571 421 2630 An
445 2577 473 2630 et
501 2567 599 2649 ipsum
622 2569 806 2648 impassibile
835 2577 864 2632 et
890 2569 1099 2649 incorporeum
1122 2571 1217 2633 Deum

5 2675 116 2736 erbum
140 2671 227 2734 abans
251 2680 317 2733 ante
340 2671 574 2734 incarnationem
597 2678 628 2731 ct
642 2671 799 2734 humanam
814 2679 950 2734 naturam
966 2679 1129 2732 assumtam
1144 2689 1217 2750 pas-

8 2775 79 2836 cuis
111 2779 143 2832 et
170 2773 276 2835 mortis
304 2791 441 2852 capacem
470 2791 539 2834 esse
568 2769 695 2834 dicetis?
738 2773 774 2832 At
802 2775 853 2852 qul
882 2787 995 2850 quaeso
1023 2771 1132 2844 Filius,
1166 2772 1217 2852 qui

5 2876 63 2938 atri
88 2873 352 2936 consubstantialis
382 2885 410 2936 et
431 2874 469 2934 ab
491 2891 527 2934 eo
556 2873 719 2936 secuudum
748 2871 876 2934 divinam
905 2879 1040 2934 naturam
1070 2872 1216 2936 indivisus

5 2987 40 3049 st,
64 2972 219 3054 passibilis
243 2974 371 3050 dicatur,
402 2993 468 3037 cum
492 2975 533 3036 sit
554 2974 744 3036 immutabilis
768 2983 797 3036 et
819 2973 1016 3048 invariabilis,
1038 2973 1098 3034 nisi
1120 2979 1218 3036 sumta

5 3100 11 3139 ι
36 3076 143 3154 seipso
166 3094 201 3137 ex
224 3073 352 3154 Virginis
375 3087 460 3137 utero
484 3076 714 3140 totabumanae
736 3083 902 3138 strucurrae
935 3073 1034 3152 specie
1057 3073 1148 3134 bomo
1171 3075 1215 3136 la-

5 3199 49 3242 tus
72 3177 129 3249 sit,
165 3185 198 3238 ut
225 3185 255 3238 ct
281 3176 431 3238 mutabilis
459 3178 550 3240 bomo
573 3185 657 3240 essct
678 3178 709 3238 in
731 3175 873 3256 passione
895 3181 926 3237 et
948 3191 1005 3236 una
1026 3171 1215 3240 immutabilis

5 3288 65 3346 sset
88 3287 239 3360 qnatenus
262 3277 367 3341 Densi

19 3551 40 3584 ο.
62 3531 162 3608 Gobler.
186 3531 291 3611 falcium.
310 3531 331 3582 i.
360 3540 383 3582 ct
407 3531 508 3610 baguae
534 3524 577 3580 tet
631 3529 677 3596 τῷ.
716 3529 777 3610 gliti
794 3521 826 3608 ἐν
842 3517 924 3610 uitri.
962 3528 1014 3609 llop
1031 3527 1131 3608 Seguer.
1149 3528 1218 3608 solus

6 3611 170 3732 aretur:
195 3599 443 3717 'sarsurus
460 3633 467 3646 ·
483 3635 507 3648 ··
629 3589 1219 3732 rum„rusrr‘ssmurarra

23 3741 41 3787 l.
61 3737 123 3785 Editi
144 3734 233 3783 babent
251 3725 266 3793 ἢ
286 3727 442 3799 ὀνομάτων.
479 3733 579 3798 Seguer.
629 3727 754 3800 τρωτός,
776 3735 847 3783 bsbct
864 3733 927 3782 euim
946 3733 1110 3792 conontibilir,
1131 3733 1218 3796 etqui·

5 3806 89 3855 ¹robler.
108 3801 248 3850 etFelclrn.
266 3807 287 3851 ¹.
306 3793 321 3860 ἢ
340 3795 495 3868 νοημάτων.
529 3803 580 3852 llos
631 3803 685 3854 dem
712 3801 805 3852 melius.
849 3801 910 3851 liditi
933 3791 979 3848 ἵνα
1001 3793 1048 3847 καὶ
1071 3790 1220 3866 ἄνθρωπος

8 3887 88 3934 opnor.
109 3861 155 3917 ἵνα
174 3859 258 3916 αὐτοῦ
277 3867 325 3917 τοῦ
343 3863 457 3924 πάθους.
488 3871 578 3921 ibidem
631 3879 676 3921 etc.
712 3867 1046 3920 uoxnotter.retctm.1.
1072 3875 1095 3916 et
1119 3870 1219 3931 sepnor.

5 3941 88 3990 lolrler.
108 3947 131 3987 et
149 3937 254 3986 Fclclm.
272 3937 294 3987 l.
319 3935 368 3985 τοῦ
391 3930 498 3990 πάθους
515 3929 580 4004 ὁμο·
631 3937 721 3987 babent
742 3930 789 3984 stol
812 3925 952 3989 ἀθάνατος
969 3925 1009 3982 uir
1025 3921 1042 4002 ᾖ
1060 3927 1132 3989 θεός.
1169 3935 1219 3986 Nos

6 4001 165 4073 ογοομένοο.
202 4003 261 4056 nuit·
278 3989 336 4060 οὖν,
348 4006 491 4068 quibusdam
503 4007 578 4055 ornis·
632 4005 655 4054 in
680 4012 743 4055 tanta
768 4004 898 4054 lectionum
924 4005 1035 4054 varietate
1053 4012 1156 4054 veterem
1183 4003 1220 4053 le·

5 4080 32 4126 is.
68 4076 158 4126 ibidem
177 4072 278 4134 Seguer.
301 4082 325 4123 ct
347 4073 437 4135 synod.
455 4074 579 4124 Constant.
631 4073 735 4122 ctionem
754 4073 849 4135 sequuti
872 4086 971 4130 sumus,
998 4071 1088 4135 qnippe
1113 4085 1174 4136 quoe
1197 4079 1221 4119 et

9 4137 35 4189 ol
58 4134 183 4201 παθητὸς
204 4133 250 4188 καὶ
274 4129 384 4218 ἀπαθὴς
407 4138 500 4187 νοοῖτο
519 4131 580 4199 ἆλτ-
631 4154 736 4201 congrua
754 4139 861 4189 rideatur
878 4147 902 4190 ct
918 4140 1078 4205 quorumdam
1099 4153 1157 4188 mss.
1175 4151 1219 4186 au·

5 4209 85 4265 trade,
105 4209 194 4273 Synod.
207 4209 331 4259 Constant.
350 4204 467 4267 οληθῶο.
506 4208 579 4257 Paulo
631 4208 742 4258 ctoritate
759 4207 877 4258 llrmetur.
913 4207 1003 4256 ibidem
1014 4207 1045 4255 Se
1063 4203 1220 4255 assuantur.

5 4281 161 4356 ³⁰⁵¹,S⁰8¹¹⁶3·
181 4269 248 4344 πρὶν
265 4267 580 4344 ἢγένῃτοιᾶνθρωττοςῑ
631 4283 656 4324 et
673 4275 778 4325 Felolnr.
795 4275 818 4324 1.
840 4267 886 4323 διὰ
903 4273 985 4324 τοῦτο
1002 4221 1061 4322 sai
1095 4270 1156 4322 Editi
1174 4263 1221 4318 dra

9 4338 86 4408 lyop
104 4345 174 4400 οεος.
630 4340 713 4390 τοῦτο
712 4333 785 4460 ἆμαρ
803 4344 857 4392 καί.
900 4343 964 4394 lutra
988 4342 1087 4403 Seguor.
1111 4333 1221 4406 rivopul-

29 4424 51 4470 u.
69 4402 581 4476 Goblsr.Segner.eti'elclm.l:luioeu·
630 4401 727 4471 ruc·’
780 4443 787 4459 .
