<?xml version="1.0" encoding="UTF-8"?>
<!DOCTYPE html PUBLIC "-//W3C//DTD XHTML 1.0 Transitional//EN"
    "http://www.w3.org/TR/xhtml1/DTD/xhtml1-transitional.dtd">
<html xmlns="http://www.w3.org/1999/xhtml" xml:lang="en" lang="en">
 <head>
  <title>
</title>
<meta http-equiv="Content-Type" content="text/html;charset=utf-8" />
  <meta name='ocr-system' content='tesseract 3.04.00' />
  <meta name='ocr-capabilities' content='ocr_page ocr_carea ocr_par ocr_line ocrx_word'/>
</head>
<body>
  <div class='ocr_page' id='page_1' title='image "./sanctiathanasii03athagoog_0114.png"; bbox 0 0 3176 5058; ppageno 0'>
   <div class='ocr_carea' id='block_1_1' title="bbox 275 285 1107 352">
    <p class='ocr_par' dir='ltr' id='par_1_1' title="bbox 275 285 1107 352">
     <span class='ocr_line' id='line_1_1' title="bbox 275 285 1107 352; baseline -0.005 -10"><span class='ocrx_word' id='word_1_1' title='bbox 275 285 315 352; x_wconf 71' lang='grc'><strong><em>66</em></strong></span> <span class='ocrx_word' id='word_1_2' title='bbox 675 298 701 340; x_wconf 85' lang='lat' dir='ltr'><strong><em>s.</em></strong></span> <span class='ocrx_word' id='word_1_3' title='bbox 716 291 1107 340; x_wconf 78' lang='grc' dir='ltr'><strong><em>ιταιιτιοαιιιοαιεειεεοεν</em></strong></span> 
     </span>
    </p>
   </div>
   <div class='ocr_carea' id='block_1_2' title="bbox 175 437 1550 4182">
    <p class='ocr_par' dir='ltr' id='par_1_2' title="bbox 188 437 1507 941">
     <span class='ocr_line' id='line_1_2' title="bbox 188 437 1506 539; baseline -0.003 -25"><span class='ocrx_word' id='word_1_4' title='bbox 188 453 455 539; x_wconf 68' lang='grc' dir='ltr'><strong><em>σεσυκοφαντίαν</em></strong></span> <span class='ocrx_word' id='word_1_5' title='bbox 478 441 564 514; x_wconf 74' lang='grc' dir='ltr'><strong><em>εἶναι</em></strong></span> <span class='ocrx_word' id='word_1_6' title='bbox 584 444 704 532; x_wconf 82' lang='grc' dir='ltr'><strong><em>ταύτην</em></strong></span> <span class='ocrx_word' id='word_1_7' title='bbox 725 438 794 511; x_wconf 81' lang='grc' dir='ltr'><strong><em>κατ’</em></strong></span> <span class='ocrx_word' id='word_1_8' title='bbox 819 437 929 510; x_wconf 87' lang='grc' dir='ltr'><strong><em>αύτοῦ.</em></strong></span> <span class='ocrx_word' id='word_1_9' title='bbox 973 442 1055 532; x_wconf 76' lang='grc' dir='ltr'><strong><em>μήτε</em></strong></span> <span class='ocrx_word' id='word_1_10' title='bbox 1081 440 1143 529; x_wconf 88' lang='grc' dir='ltr'><strong><em>γὰρ</em></strong></span> <span class='ocrx_word' id='word_1_11' title='bbox 1172 440 1313 529; x_wconf 88' lang='grc' dir='ltr'><strong><em>ποιητὸν</em></strong></span> <span class='ocrx_word' id='word_1_12' title='bbox 1337 441 1506 528; x_wconf 74' lang='grc' dir='ltr'><strong><em>εἰρηκέναι</em></strong></span> 
     </span>
     <span class='ocr_line' id='line_1_3' title="bbox 272 539 1506 630; baseline -0.009 -10"><span class='ocrx_word' id='word_1_13' title='bbox 272 553 331 620; x_wconf 84' lang='grc' dir='ltr'><strong><em>τόν</em></strong></span> <span class='ocrx_word' id='word_1_14' title='bbox 353 549 434 628; x_wconf 83' lang='grc' dir='ltr'><strong><em>υίόν,</em></strong></span> <span class='ocrx_word' id='word_1_15' title='bbox 460 543 620 616; x_wconf 82' lang='grc' dir='ltr'><strong><em>ἀλλὰκαὶ</em></strong></span> <span class='ocrx_word' id='word_1_16' title='bbox 643 541 822 630; x_wconf 79' lang='grc' dir='ltr'><strong><em>όμοούσιού</em></strong></span> <span class='ocrx_word' id='word_1_17' title='bbox 836 539 935 612; x_wconf 86' lang='grc' dir='ltr'><strong><em>αύτὸν</em></strong></span> <span class='ocrx_word' id='word_1_18' title='bbox 951 539 1123 629; x_wconf 75' lang='grc' dir='ltr'><em>ὁμολογεῖν</em></span> <span class='ocrx_word' id='word_1_19' title='bbox 1140 540 1410 630; x_wconf 82' lang='grc' dir='ltr'><strong><em>διεβεβαιώσατσ.</em></strong></span> <span class='ocrx_word' id='word_1_20' title='bbox 1435 542 1506 625; x_wconf 77' lang='grc' dir='ltr'><strong><em>ἔχει</em></strong></span> 
     </span>
     <span class='ocr_line' id='line_1_4' title="bbox 274 640 1507 737; baseline -0.008 -16"><span class='ocrx_word' id='word_1_21' title='bbox 274 657 310 722; x_wconf 75' lang='grc' dir='ltr'><strong><em>δέ</em></strong></span> <span class='ocrx_word' id='word_1_22' title='bbox 333 648 434 719; x_wconf 85' lang='grc' dir='ltr'><strong><em>αῦτοῦ</em></strong></span> <span class='ocrx_word' id='word_1_23' title='bbox 456 645 476 737; x_wconf 84' lang='grc' dir='ltr'><em>ἡ</em></span> <span class='ocrx_word' id='word_1_24' title='bbox 499 650 585 729; x_wconf 84' lang='grc' dir='ltr'><strong><em>λέξις</em></strong></span> <span class='ocrx_word' id='word_1_25' title='bbox 607 643 726 727; x_wconf 85' lang='grc' dir='ltr'><strong><em>οῦτως·</em></strong></span> <span class='ocrx_word' id='word_1_26' title='bbox 748 645 804 713; x_wconf 83' lang='grc' dir='ltr'><strong><em>καὶ</em></strong></span> <span class='ocrx_word' id='word_1_27' title='bbox 827 641 872 713; x_wconf 81' lang='grc' dir='ltr'><strong><em>δι’</em></strong></span> <span class='ocrx_word' id='word_1_28' title='bbox 898 644 998 733; x_wconf 84' lang='grc' dir='ltr'><strong><em>ἀλλης</em></strong></span> <span class='ocrx_word' id='word_1_29' title='bbox 1020 645 1199 732; x_wconf 75' lang='grc' dir='ltr'><strong><em>ἐπιστολῆς</em></strong></span> <span class='ocrx_word' id='word_1_30' title='bbox 1222 645 1368 732; x_wconf 81' lang='grc' dir='ltr'><strong><em>ἔγραψα,</em></strong></span> <span class='ocrx_word' id='word_1_31' title='bbox 1387 643 1427 712; x_wconf 75' lang='grc' dir='ltr'><strong><em>έν</em></strong></span> <span class='ocrx_word' id='word_1_32' title='bbox 1451 640 1507 724; x_wconf 79' lang='grc' dir='ltr'><strong><em>οἷς</em></strong></span> 
     </span>
     <span class='ocr_line' id='line_1_5' title="bbox 274 741 1504 844; baseline -0.007 -23"><span class='ocrx_word' id='word_1_33' title='bbox 274 753 393 844; x_wconf 76' lang='grc' dir='ltr'><strong><em>ῆλεγξα</em></strong></span> <span class='ocrx_word' id='word_1_34' title='bbox 420 749 476 818; x_wconf 83' lang='grc' dir='ltr'><strong><em>καὶ</em></strong></span> <span class='ocrx_word' id='word_1_35' title='bbox 505 749 522 815; x_wconf 83' lang='grc' dir='ltr'>ὃ</span> <span class='ocrx_word' id='word_1_36' title='bbox 553 755 778 837; x_wconf 77' lang='grc' dir='ltr'><strong><em>προφέρουσιν</em></strong></span> <span class='ocrx_word' id='word_1_37' title='bbox 801 747 946 836; x_wconf 70' lang='grc' dir='ltr'><strong><em>ἔγκλημα</em></strong></span> <span class='ocrx_word' id='word_1_38' title='bbox 963 741 1038 814; x_wconf 83' lang='grc' dir='ltr'><strong><em>κατ’·</em></strong></span> <span class='ocrx_word' id='word_1_39' title='bbox 1056 747 1136 832; x_wconf 78' lang='grc' dir='ltr'><strong><em>ι’μοῦ</em></strong></span> <span class='ocrx_word' id='word_1_40' title='bbox 1158 747 1284 833; x_wconf 79' lang='grc' dir='ltr'><strong><em>ψεῦδος</em></strong></span> <span class='ocrx_word' id='word_1_41' title='bbox 1307 743 1361 827; x_wconf 88' lang='grc' dir='ltr'><strong><em>όν,</em></strong></span> <span class='ocrx_word' id='word_1_42' title='bbox 1392 742 1440 824; x_wconf 89' lang='grc' dir='ltr'><strong><em>ώς</em></strong></span> <span class='ocrx_word' id='word_1_43' title='bbox 1463 741 1504 812; x_wconf 87' lang='grc' dir='ltr'><strong><em>οῦ</em></strong></span> 
     </span>
     <span class='ocr_line' id='line_1_6' title="bbox 278 843 1505 941; baseline -0.007 -19"><span class='ocrx_word' id='word_1_44' title='bbox 278 859 428 941; x_wconf 90' lang='grc' dir='ltr'><strong><em>λέγοντος</em></strong></span> <span class='ocrx_word' id='word_1_45' title='bbox 454 851 511 919; x_wconf 88' lang='grc' dir='ltr'><strong><em>τὸν</em></strong></span> <span class='ocrx_word' id='word_1_46' title='bbox 532 850 680 938; x_wconf 88' lang='grc' dir='ltr'><strong><em>Χριστὸν</em></strong></span> <span class='ocrx_word' id='word_1_47' title='bbox 709 845 887 934; x_wconf 87' lang='grc' dir='ltr'><strong><em>όμσούσιον</em></strong></span> <span class='ocrx_word' id='word_1_48' title='bbox 916 843 1001 917; x_wconf 83' lang='grc' dir='ltr'><strong><em>εἶναι</em></strong></span> <span class='ocrx_word' id='word_1_49' title='bbox 1028 851 1075 936; x_wconf 82' lang='grc' dir='ltr'><strong><em>τῷ</em></strong></span> <span class='ocrx_word' id='word_1_50' title='bbox 1103 851 1185 936; x_wconf 82' lang='grc' dir='ltr'><strong><em>θεῷ.</em></strong></span> <span class='ocrx_word' id='word_1_51' title='bbox 1231 847 1260 915; x_wconf 88' lang='grc' dir='ltr'><strong><em>εἰ</em></strong></span> <span class='ocrx_word' id='word_1_52' title='bbox 1288 846 1349 934; x_wconf 85' lang='grc' dir='ltr'><strong><em>γὰρ</em></strong></span> <span class='ocrx_word' id='word_1_53' title='bbox 1377 847 1435 914; x_wconf 83' lang='grc' dir='ltr'><strong><em>καί</em></strong></span> <span class='ocrx_word' id='word_1_54' title='bbox 1463 847 1505 914; x_wconf 87' lang='grc' dir='ltr'><strong><em>τό</em></strong></span> 
     </span>
    </p>

    <p class='ocr_par' dir='ltr' id='par_1_3' title="bbox 175 941 1507 2458">
     <span class='ocr_line' id='line_1_7' title="bbox 175 941 1503 1041; baseline -0.006 -18"><span class='ocrx_word' id='word_1_55' title='bbox 175 977 268 1038; x_wconf 70' lang='grc' dir='ltr'><strong><em>νοω.</em></strong></span> <span class='ocrx_word' id='word_1_56' title='bbox 280 955 385 1040; x_wconf 81' lang='grc' dir='ltr'><strong><em>ὄνομα</em></strong></span> <span class='ocrx_word' id='word_1_57' title='bbox 405 953 503 1020; x_wconf 88' lang='grc' dir='ltr'><strong><em>τοῦτό</em></strong></span> <span class='ocrx_word' id='word_1_58' title='bbox 526 977 612 1041; x_wconf 92' lang='grc' dir='ltr'><strong><em>φημι</em></strong></span> <span class='ocrx_word' id='word_1_59' title='bbox 633 950 677 1038; x_wconf 88' lang='grc' dir='ltr'><strong><em>μῆ</em></strong></span> <span class='ocrx_word' id='word_1_60' title='bbox 701 947 870 1040; x_wconf 75' lang='grc' dir='ltr'><strong><em>εὑρηκέναι</em></strong></span> <span class='ocrx_word' id='word_1_61' title='bbox 891 974 958 1017; x_wconf 88' lang='grc' dir='ltr'><strong><em>που</em></strong></span> <span class='ocrx_word' id='word_1_62' title='bbox 980 954 1047 1018; x_wconf 87' lang='grc' dir='ltr'><strong><em>τών</em></strong></span> <span class='ocrx_word' id='word_1_63' title='bbox 1070 946 1172 1035; x_wconf 84' lang='grc' dir='ltr'><strong><em>όγίων</em></strong></span> <span class='ocrx_word' id='word_1_64' title='bbox 1193 952 1339 1036; x_wconf 86' lang='grc' dir='ltr'><strong><em>γραφῶν,</em></strong></span> <span class='ocrx_word' id='word_1_65' title='bbox 1364 941 1450 1016; x_wconf 85' lang='grc' dir='ltr'><strong><em>ἀλλά</em></strong></span> <span class='ocrx_word' id='word_1_66' title='bbox 1463 973 1503 1034; x_wconf 85' lang='grc' dir='ltr'><strong><em>γε</em></strong></span> 
     </span>
     <span class='ocr_line' id='line_1_8' title="bbox 276 1049 1507 1143; baseline -0.009 -17"><span class='ocrx_word' id='word_1_67' title='bbox 276 1059 319 1126; x_wconf 86' lang='grc' dir='ltr'><strong><em>τὰ</em></strong></span> <span class='ocrx_word' id='word_1_68' title='bbox 333 1053 569 1143; x_wconf 81' lang='grc' dir='ltr'><strong><em>έπιχειρήματύ</em></strong></span> <span class='ocrx_word' id='word_1_69' title='bbox 589 1077 653 1138; x_wconf 90' lang='grc' dir='ltr'><strong><em>μου</em></strong></span> <span class='ocrx_word' id='word_1_70' title='bbox 675 1051 718 1120; x_wconf 84' lang='grc' dir='ltr'><strong><em>τά</em></strong></span> <span class='ocrx_word' id='word_1_71' title='bbox 739 1052 822 1140; x_wconf 74' lang='grc' dir='ltr'><strong><em>ἑξῆς,</em></strong></span> <span class='ocrx_word' id='word_1_72' title='bbox 846 1051 1120 1138; x_wconf 80' lang='grc' dir='ltr'><strong><em>ἃσεσιωπῆκασι,</em></strong></span> <span class='ocrx_word' id='word_1_73' title='bbox 1143 1054 1202 1136; x_wconf 86' lang='grc' dir='ltr'><strong><em>τῆς</em></strong></span> <span class='ocrx_word' id='word_1_74' title='bbox 1216 1051 1366 1128; x_wconf 77' lang='grc' dir='ltr'><strong><em>διανοίας</em></strong></span> <span class='ocrx_word' id='word_1_75' title='bbox 1380 1049 1507 1136; x_wconf 89' lang='grc' dir='ltr'><strong><em>ταύτης</em></strong></span> 
     </span>
     <span class='ocr_line' id='line_1_9' title="bbox 277 1142 1506 1245; baseline -0.007 -18"><span class='ocrx_word' id='word_1_76' title='bbox 277 1155 333 1228; x_wconf 85' lang='grc' dir='ltr'><strong><em>οῦκ</em></strong></span> <span class='ocrx_word' id='word_1_77' title='bbox 354 1153 486 1245; x_wconf 79' lang='grc' dir='ltr'><strong><em>ἀπᾴδει.</em></strong></span> <span class='ocrx_word' id='word_1_78' title='bbox 530 1153 587 1222; x_wconf 84' lang='grc' dir='ltr'><strong><em>καλ</em></strong></span> <span class='ocrx_word' id='word_1_79' title='bbox 608 1154 669 1241; x_wconf 85' lang='grc' dir='ltr'><strong><em>γὰρ</em></strong></span> <span class='ocrx_word' id='word_1_80' title='bbox 693 1149 910 1241; x_wconf 80' lang='grc' dir='ltr'><strong><em>ἀνθρωπίνην</em></strong></span> <span class='ocrx_word' id='word_1_81' title='bbox 931 1149 1028 1240; x_wconf 79' lang='grc' dir='ltr'><strong><em>γονὴν</em></strong></span> <span class='ocrx_word' id='word_1_82' title='bbox 1050 1157 1246 1240; x_wconf 73' lang='grc' dir='ltr'><strong><em>παρεθέμην</em></strong></span> <span class='ocrx_word' id='word_1_83' title='bbox 1269 1153 1367 1240; x_wconf 88' lang='grc' dir='ltr'><strong><em>δῆλον</em></strong></span> <span class='ocrx_word' id='word_1_84' title='bbox 1383 1147 1431 1230; x_wconf 90' lang='grc' dir='ltr'><strong><em>ώς</em></strong></span> <span class='ocrx_word' id='word_1_85' title='bbox 1445 1142 1506 1218; x_wconf 83' lang='grc' dir='ltr'><strong><em>οῦ-</em></strong></span> 
     </span>
     <span class='ocr_line' id='line_1_10' title="bbox 275 1247 1505 1347; baseline -0.008 -17"><span class='ocrx_word' id='word_1_86' title='bbox 275 1263 337 1330; x_wconf 80' lang='grc' dir='ltr'><strong><em>ααν</em></strong></span> <span class='ocrx_word' id='word_1_87' title='bbox 359 1258 514 1347; x_wconf 79' lang='grc' dir='ltr'><strong><em>ὁμογενῆ,</em></strong></span> <span class='ocrx_word' id='word_1_88' title='bbox 538 1257 648 1346; x_wconf 83' lang='grc' dir='ltr'><strong><em>φήσας</em></strong></span> <span class='ocrx_word' id='word_1_89' title='bbox 670 1255 805 1334; x_wconf 88' lang='grc' dir='ltr'><strong><em>πάντως</em></strong></span> <span class='ocrx_word' id='word_1_90' title='bbox 826 1253 904 1334; x_wconf 81' lang='grc' dir='ltr'><strong><em>τοὺς</em></strong></span> <span class='ocrx_word' id='word_1_91' title='bbox 921 1265 1032 1341; x_wconf 79' lang='grc' dir='ltr'><strong><em>γονεῖς</em></strong></span> <span class='ocrx_word' id='word_1_92' title='bbox 1052 1254 1154 1339; x_wconf 91' lang='grc' dir='ltr'><strong><em>μόνον</em></strong></span> <span class='ocrx_word' id='word_1_93' title='bbox 1176 1253 1306 1339; x_wconf 77' lang='grc' dir='ltr'><strong><em>ἑτέρους</em></strong></span> <span class='ocrx_word' id='word_1_94' title='bbox 1329 1247 1413 1319; x_wconf 76' lang='grc' dir='ltr'><strong><em>εἶναι</em></strong></span> <span class='ocrx_word' id='word_1_95' title='bbox 1436 1257 1505 1322; x_wconf 85' lang='grc' dir='ltr'><strong><em>τών</em></strong></span> 
     </span>
     <span class='ocr_line' id='line_1_11' title="bbox 273 1347 1506 1446; baseline -0.008 -14"><span class='ocrx_word' id='word_1_96' title='bbox 273 1369 403 1442; x_wconf 81' lang='grc' dir='ltr'><strong><em>τέκνων,</em></strong></span> <span class='ocrx_word' id='word_1_97' title='bbox 428 1357 482 1426; x_wconf 88' lang='grc' dir='ltr'><strong><em>ότι</em></strong></span> <span class='ocrx_word' id='word_1_98' title='bbox 502 1358 547 1446; x_wconf 85' lang='grc' dir='ltr'><strong><em>μὴ</em></strong></span> <span class='ocrx_word' id='word_1_99' title='bbox 570 1354 665 1425; x_wconf 84' lang='grc' dir='ltr'><strong><em>αῦτολ</em></strong></span> <span class='ocrx_word' id='word_1_100' title='bbox 687 1353 752 1425; x_wconf 83' lang='grc' dir='ltr'><strong><em>ελεν</em></strong></span> <span class='ocrx_word' id='word_1_101' title='bbox 772 1355 815 1424; x_wconf 83' lang='grc' dir='ltr'><strong><em>τὰ</em></strong></span> <span class='ocrx_word' id='word_1_102' title='bbox 835 1361 940 1432; x_wconf 82' lang='grc' dir='ltr'><strong><em>τέκνα,</em></strong></span> <span class='ocrx_word' id='word_1_103' title='bbox 963 1350 1087 1444; x_wconf 85' lang='grc' dir='ltr'><strong><em>ἢμῆτε</em></strong></span> <span class='ocrx_word' id='word_1_104' title='bbox 1107 1365 1215 1440; x_wconf 83' lang='grc' dir='ltr'><strong><em>γονεῖς</em></strong></span> <span class='ocrx_word' id='word_1_105' title='bbox 1237 1349 1413 1440; x_wconf 83' lang='grc' dir='ltr'><strong><em>ἀναγκαῖον</em></strong></span> <span class='ocrx_word' id='word_1_106' title='bbox 1438 1347 1506 1422; x_wconf 80' lang='grc' dir='ltr'><strong><em>ῦπ-</em></strong></span> 
     </span>
     <span class='ocr_line' id='line_1_12' title="bbox 275 1452 1501 1552; baseline -0.008 -19"><span class='ocrx_word' id='word_1_107' title='bbox 275 1464 374 1552; x_wconf 77' lang='grc' dir='ltr'><strong><em>άρχσν</em></strong></span> <span class='ocrx_word' id='word_1_108' title='bbox 402 1457 488 1530; x_wconf 77' lang='grc' dir='ltr'><strong><em>εἶναι</em></strong></span> <span class='ocrx_word' id='word_1_109' title='bbox 515 1459 596 1546; x_wconf 78' lang='grc' dir='ltr'><strong><em>μήτε</em></strong></span> <span class='ocrx_word' id='word_1_110' title='bbox 624 1465 729 1524; x_wconf 85' lang='grc' dir='ltr'><strong><em>τέκνα.</em></strong></span> <span class='ocrx_word' id='word_1_111' title='bbox 773 1456 831 1525; x_wconf 75' lang='grc' dir='ltr'><strong><em>καὶ</em></strong></span> <span class='ocrx_word' id='word_1_112' title='bbox 856 1457 914 1545; x_wconf 85' lang='grc' dir='ltr'><strong><em>τῆν</em></strong></span> <span class='ocrx_word' id='word_1_113' title='bbox 941 1459 1001 1541; x_wconf 80' lang='grc' dir='ltr'><strong><em>μέν</em></strong></span> <span class='ocrx_word' id='word_1_114' title='bbox 1031 1455 1209 1544; x_wconf 77' lang='grc' dir='ltr'><strong><em>ἐπιστολήν</em></strong></span> <span class='ocrx_word' id='word_1_115' title='bbox 1216 1507 1224 1536; x_wconf 91' lang='grc'><strong><em>,</em></strong></span> <span class='ocrx_word' id='word_1_116' title='bbox 1254 1452 1300 1534; x_wconf 88' lang='grc' dir='ltr'><strong><em>ώς</em></strong></span> <span class='ocrx_word' id='word_1_117' title='bbox 1321 1463 1501 1542; x_wconf 88' lang='grc' dir='ltr'><strong><em>προεῖπον,</em></strong></span> 
     </span>
     <span class='ocr_line' id='line_1_13' title="bbox 275 1547 1502 1647; baseline -0.006 -14"><span class='ocrx_word' id='word_1_118' title='bbox 275 1565 333 1633; x_wconf 86' lang='grc' dir='ltr'><strong><em>’διὰ</em></strong></span> <span class='ocrx_word' id='word_1_119' title='bbox 354 1562 414 1641; x_wconf 83' lang='grc' dir='ltr'><strong><em>τὰς</em></strong></span> <span class='ocrx_word' id='word_1_120' title='bbox 436 1559 659 1647; x_wconf 71' lang='grc' dir='ltr'><strong><em>περιστάσεις</em></strong></span> <span class='ocrx_word' id='word_1_121' title='bbox 670 1556 731 1626; x_wconf 87' lang='grc' dir='ltr'><strong><em>οῦκ</em></strong></span> <span class='ocrx_word' id='word_1_122' title='bbox 750 1559 812 1642; x_wconf 68' lang='grc' dir='ltr'><strong><em>ἔχω</em></strong></span> <span class='ocrx_word' id='word_1_123' title='bbox 834 1565 1055 1646; x_wconf 86' lang='grc' dir='ltr'><strong><em>προκομίσαι·</em></strong></span> <span class='ocrx_word' id='word_1_124' title='bbox 1077 1555 1158 1626; x_wconf 75' lang='grc' dir='ltr'><strong><em>ἐἶδ’</em></strong></span> <span class='ocrx_word' id='word_1_125' title='bbox 1184 1547 1250 1638; x_wconf 85' lang='grc' dir='ltr'><strong><em>οῦν,</em></strong></span> <span class='ocrx_word' id='word_1_126' title='bbox 1274 1553 1358 1624; x_wconf 89' lang='grc' dir='ltr'><strong><em>αύτά</em></strong></span> <span class='ocrx_word' id='word_1_127' title='bbox 1380 1580 1439 1625; x_wconf 87' lang='grc' dir='ltr'><strong><em>σοι</em></strong></span> <span class='ocrx_word' id='word_1_128' title='bbox 1460 1557 1502 1626; x_wconf 83' lang='grc' dir='ltr'><strong><em>τὰ</em></strong></span> 
     </span>
     <span class='ocr_line' id='line_1_14' title="bbox 275 1654 1499 1751; baseline -0.005 -19"><span class='ocrx_word' id='word_1_129' title='bbox 275 1667 353 1732; x_wconf 86' lang='grc' dir='ltr'><strong><em>τότε</em></strong></span> <span class='ocrx_word' id='word_1_130' title='bbox 380 1662 524 1751; x_wconf 80' lang='grc' dir='ltr'><strong><em>ῥήματα,</em></strong></span> <span class='ocrx_word' id='word_1_131' title='bbox 552 1661 677 1745; x_wconf 86' lang='grc' dir='ltr'><strong><em>μᾶλλον</em></strong></span> <span class='ocrx_word' id='word_1_132' title='bbox 707 1661 743 1728; x_wconf 83' lang='grc' dir='ltr'><strong><em>δέ</em></strong></span> <span class='ocrx_word' id='word_1_133' title='bbox 769 1657 827 1728; x_wconf 83' lang='grc' dir='ltr'><strong><em>καὶ</em></strong></span> <span class='ocrx_word' id='word_1_134' title='bbox 848 1660 980 1747; x_wconf 78' lang='grc' dir='ltr'><strong><em>1’πάσης</em></strong></span> <span class='ocrx_word' id='word_1_135' title='bbox 1002 1654 1042 1728; x_wconf 85' lang='grc' dir='ltr'><strong><em>ἀν</em></strong></span> <span class='ocrx_word' id='word_1_136' title='bbox 1065 1660 1203 1746; x_wconf 71' lang='grc' dir='ltr'><strong><em>ἔπεμψα</em></strong></span> <span class='ocrx_word' id='word_1_137' title='bbox 1224 1659 1264 1726; x_wconf 88' lang='grc' dir='ltr'><strong><em>τό</em></strong></span> <span class='ocrx_word' id='word_1_138' title='bbox 1286 1654 1499 1750; x_wconf 74' lang='grc' dir='ltr'><strong><em>ἀπέγραφον,</em></strong></span> 
     </span>
     <span class='ocr_line' id='line_1_15' title="bbox 276 1749 1503 1852; baseline -0.004 -19"><span class='ocrx_word' id='word_1_139' title='bbox 276 1763 361 1852; x_wconf 75' lang='grc' dir='ltr'><strong><em>ὅπερ</em></strong></span> <span class='ocrx_word' id='word_1_140' title='bbox 385 1759 424 1831; x_wconf 82' lang='grc' dir='ltr'><strong><em>ἀν</em></strong></span> <span class='ocrx_word' id='word_1_141' title='bbox 447 1757 630 1850; x_wconf 83' lang='grc' dir='ltr'><strong><em>εύπορῆσω,</em></strong></span> <span class='ocrx_word' id='word_1_142' title='bbox 645 1749 795 1848; x_wconf 77' lang='grc' dir='ltr'><strong><em>ποιήσω.</em></strong></span> <span class='ocrx_word' id='word_1_143' title='bbox 826 1755 903 1828; x_wconf 86' lang='grc' dir='ltr'><strong><em>ολδα</em></strong></span> <span class='ocrx_word' id='word_1_144' title='bbox 924 1763 960 1829; x_wconf 80' lang='grc' dir='ltr'><strong><em>δέ</em></strong></span> <span class='ocrx_word' id='word_1_145' title='bbox 980 1761 1037 1830; x_wconf 84' lang='grc' dir='ltr'><strong><em>καὶ</em></strong></span> <span class='ocrx_word' id='word_1_146' title='bbox 1056 1768 1223 1849; x_wconf 85' lang='grc' dir='ltr'><strong><em>μέμνημαι</em></strong></span> <span class='ocrx_word' id='word_1_147' title='bbox 1244 1761 1385 1828; x_wconf 79' lang='grc' dir='ltr'><strong><em>πλείονα</em></strong></span> <span class='ocrx_word' id='word_1_148' title='bbox 1400 1785 1503 1848; x_wconf 86' lang='grc' dir='ltr'><strong><em>προς-</em></strong></span> 
     </span>
     <span class='ocr_line' id='line_1_16' title="bbox 277 1857 1503 1954; baseline -0.003 -20"><span class='ocrx_word' id='word_1_149' title='bbox 277 1867 355 1945; x_wconf 82' lang='grc' dir='ltr'><strong><em>’θείς</em></strong></span> <span class='ocrx_word' id='word_1_150' title='bbox 388 1867 455 1930; x_wconf 89' lang='grc' dir='ltr'><strong><em>τών</em></strong></span> <span class='ocrx_word' id='word_1_151' title='bbox 485 1866 646 1954; x_wconf 76' lang='grc' dir='ltr'><strong><em>συγγενῶν</em></strong></span> <span class='ocrx_word' id='word_1_152' title='bbox 674 1858 886 1947; x_wconf 86' lang='grc' dir='ltr'><strong><em>ὁμοιώματα·</em></strong></span> <span class='ocrx_word' id='word_1_153' title='bbox 920 1867 974 1930; x_wconf 78' lang='grc' dir='ltr'><strong><em>καί</em></strong></span> <span class='ocrx_word' id='word_1_154' title='bbox 1002 1863 1063 1950; x_wconf 81' lang='grc' dir='ltr'><strong><em>γάρ</em></strong></span> <span class='ocrx_word' id='word_1_155' title='bbox 1090 1862 1146 1931; x_wconf 85' lang='grc' dir='ltr'><strong><em>καὶ</em></strong></span> <span class='ocrx_word' id='word_1_156' title='bbox 1174 1861 1278 1950; x_wconf 85' lang='grc' dir='ltr'><strong><em>φυτὸν</em></strong></span> <span class='ocrx_word' id='word_1_157' title='bbox 1308 1857 1404 1930; x_wconf 78' lang='grc' dir='ltr'><strong><em>εἶπον</em></strong></span> <span class='ocrx_word' id='word_1_158' title='bbox 1434 1857 1503 1930; x_wconf 85' lang='grc' dir='ltr'><strong><em>ἀπὸ</em></strong></span> 
     </span>
     <span class='ocr_line' id='line_1_17' title="bbox 276 1957 1501 2054; baseline -0.003 -18"><span class='ocrx_word' id='word_1_159' title='bbox 276 1974 469 2053; x_wconf 84' lang='grc' dir='ltr'><strong><em>σπέρματος</em></strong></span> <span class='ocrx_word' id='word_1_160' title='bbox 489 1957 511 2051; x_wconf 85' lang='grc' dir='ltr'><strong><em>ῆ</em></strong></span> <span class='ocrx_word' id='word_1_161' title='bbox 529 1959 603 2031; x_wconf 84' lang='grc' dir='ltr'><strong><em>’ἀπὸ</em></strong></span> <span class='ocrx_word' id='word_1_162' title='bbox 623 1961 713 2052; x_wconf 80' lang='grc' dir='ltr'><strong><em>ῥίζης</em></strong></span> <span class='ocrx_word' id='word_1_163' title='bbox 735 1959 877 2032; x_wconf 88' lang='grc' dir='ltr'><strong><em>ἀνελθὸν</em></strong></span> <span class='ocrx_word' id='word_1_164' title='bbox 900 1966 1010 2051; x_wconf 73' lang='grc' dir='ltr'><strong><em>ἕτερον</em></strong></span> <span class='ocrx_word' id='word_1_165' title='bbox 1033 1960 1118 2032; x_wconf 73' lang='grc' dir='ltr'><strong><em>εἶναι</em></strong></span> <span class='ocrx_word' id='word_1_166' title='bbox 1138 1968 1196 2032; x_wconf 90' lang='grc' dir='ltr'><strong><em>τοῦ</em></strong></span> <span class='ocrx_word' id='word_1_167' title='bbox 1212 1959 1295 2032; x_wconf 87' lang='grc' dir='ltr'><strong><em>όθεν</em></strong></span> <span class='ocrx_word' id='word_1_168' title='bbox 1311 1964 1501 2054; x_wconf 72' lang='grc' dir='ltr'><strong><em>ἐβλάστησε,</em></strong></span> 
     </span>
     <span class='ocr_line' id='line_1_18' title="bbox 279 2061 1501 2156; baseline -0.004 -19"><span class='ocrx_word' id='word_1_169' title='bbox 279 2069 335 2138; x_wconf 77' lang='grc' dir='ltr'><strong><em>καὶ</em></strong></span> <span class='ocrx_word' id='word_1_170' title='bbox 356 2068 491 2146; x_wconf 90' lang='grc' dir='ltr'><strong><em>πάντως</em></strong></span> <span class='ocrx_word' id='word_1_171' title='bbox 513 2065 624 2153; x_wconf 79' lang='grc' dir='ltr'><strong><em>ἐκείνην</em></strong></span> <span class='ocrx_word' id='word_1_172' title='bbox 646 2071 848 2156; x_wconf 79' lang='grc' dir='ltr'><strong><em>καθόστηιεν</em></strong></span> <span class='ocrx_word' id='word_1_173' title='bbox 871 2061 1032 2154; x_wconf 87' lang='grc' dir='ltr'><strong><em>όμσφυές·</em></strong></span> <span class='ocrx_word' id='word_1_174' title='bbox 1061 2065 1116 2134; x_wconf 81' lang='grc' dir='ltr'><strong><em>καὶ</em></strong></span> <span class='ocrx_word' id='word_1_175' title='bbox 1138 2065 1290 2150; x_wconf 89' lang='grc' dir='ltr'><strong><em>ποταμὸν</em></strong></span> <span class='ocrx_word' id='word_1_176' title='bbox 1313 2061 1410 2134; x_wconf 78' lang='grc' dir='ltr'><strong><em>εἶπον</em></strong></span> <span class='ocrx_word' id='word_1_177' title='bbox 1433 2061 1501 2133; x_wconf 89' lang='grc' dir='ltr'><strong><em>ἀπὸ</em></strong></span> 
     </span>
     <span class='ocr_line' id='line_1_19' title="bbox 276 2165 1500 2259; baseline -0.002 -23"><span class='ocrx_word' id='word_1_178' title='bbox 276 2173 385 2259; x_wconf 86' lang='grc' dir='ltr'><strong><em>πηγῆς</em></strong></span> <span class='ocrx_word' id='word_1_179' title='bbox 417 2170 535 2256; x_wconf 81' lang='grc' dir='ltr'><strong><em>ῥέοντα</em></strong></span> <span class='ocrx_word' id='word_1_180' title='bbox 567 2169 677 2254; x_wconf 67' lang='grc' dir='ltr'><strong><em>ἕτερον</em></strong></span> <span class='ocrx_word' id='word_1_181' title='bbox 711 2165 818 2251; x_wconf 75' lang='grc' dir='ltr'><strong><em>ὄνομα</em></strong></span> <span class='ocrx_word' id='word_1_182' title='bbox 848 2167 1097 2256; x_wconf 81' lang='grc' dir='ltr'><strong><em>μετειληφέναι·</em></strong></span> <span class='ocrx_word' id='word_1_183' title='bbox 1129 2167 1213 2256; x_wconf 77' lang='grc' dir='ltr'><strong><em>μήτι</em></strong></span> <span class='ocrx_word' id='word_1_184' title='bbox 1231 2165 1293 2253; x_wconf 87' lang='grc' dir='ltr'><strong><em>γάρ</em></strong></span> <span class='ocrx_word' id='word_1_185' title='bbox 1315 2165 1373 2254; x_wconf 85' lang='grc' dir='ltr'><strong><em>τῆν</em></strong></span> <span class='ocrx_word' id='word_1_186' title='bbox 1396 2167 1500 2254; x_wconf 83' lang='grc' dir='ltr'><strong><em>πηγῆν</em></strong></span> 
     </span>
     <span class='ocr_line' id='line_1_20' title="bbox 275 2263 1500 2358; baseline -0.003 -19"><span class='ocrx_word' id='word_1_187' title='bbox 275 2271 430 2356; x_wconf 87' lang='grc' dir='ltr'><strong><em>ποταμὸν</em></strong></span> <span class='ocrx_word' id='word_1_188' title='bbox 451 2270 534 2357; x_wconf 81' lang='grc' dir='ltr'><strong><em>μήτε</em></strong></span> <span class='ocrx_word' id='word_1_189' title='bbox 553 2269 613 2336; x_wconf 85' lang='grc' dir='ltr'><strong><em>τὸν</em></strong></span> <span class='ocrx_word' id='word_1_190' title='bbox 634 2268 790 2353; x_wconf 87' lang='grc' dir='ltr'><strong><em>ποταμὸν</em></strong></span> <span class='ocrx_word' id='word_1_191' title='bbox 811 2267 919 2358; x_wconf 83' lang='grc' dir='ltr'><strong><em>τιηγῆν</em></strong></span> <span class='ocrx_word' id='word_1_192' title='bbox 942 2271 1100 2353; x_wconf 82' lang='grc' dir='ltr'><strong><em>λέγεσθαι</em></strong></span> <span class='ocrx_word' id='word_1_193' title='bbox 1119 2275 1174 2336; x_wconf 81' lang='grc' dir='ltr'><strong><em>καὶ</em></strong></span> <span class='ocrx_word' id='word_1_194' title='bbox 1197 2263 1370 2358; x_wconf 87' lang='grc' dir='ltr'><strong><em>ἀμφότερα</em></strong></span> <span class='ocrx_word' id='word_1_195' title='bbox 1395 2265 1500 2354; x_wconf 83' lang='grc' dir='ltr'><strong><em>ῦπάρ-</em></strong></span> 
     </span>
     <span class='ocr_line' id='line_1_21' title="bbox 275 2367 1240 2458; baseline -0.005 -17"><span class='ocrx_word' id='word_1_196' title='bbox 275 2399 353 2458; x_wconf 81' lang='grc' dir='ltr'><strong><em>χειν,</em></strong></span> <span class='ocrx_word' id='word_1_197' title='bbox 375 2371 432 2440; x_wconf 81' lang='grc' dir='ltr'><strong><em>καὶ</em></strong></span> <span class='ocrx_word' id='word_1_198' title='bbox 452 2369 512 2438; x_wconf 89' lang='grc' dir='ltr'><strong><em>τόν</em></strong></span> <span class='ocrx_word' id='word_1_199' title='bbox 528 2368 686 2456; x_wconf 75' lang='grc' dir='ltr'><strong><em>’ποταμόν</em></strong></span> <span class='ocrx_word' id='word_1_200' title='bbox 709 2367 855 2438; x_wconf 78' lang='grc' dir='ltr'><strong><em>εἶναιτὸ</em></strong></span> <span class='ocrx_word' id='word_1_201' title='bbox 878 2369 912 2437; x_wconf 80' lang='grc' dir='ltr'><strong><em>ἐκ</em></strong></span> <span class='ocrx_word' id='word_1_202' title='bbox 933 2373 992 2457; x_wconf 88' lang='grc' dir='ltr'><strong><em>τῆς</em></strong></span> <span class='ocrx_word' id='word_1_203' title='bbox 1012 2375 1119 2458; x_wconf 86' lang='grc' dir='ltr'><strong><em>πηγῆς</em></strong></span> <span class='ocrx_word' id='word_1_204' title='bbox 1139 2367 1240 2456; x_wconf 87' lang='grc' dir='ltr'><strong><em>ῦδωρ.</em></strong></span> 
     </span>
    </p>

    <p class='ocr_par' dir='ltr' id='par_1_4' title="bbox 272 2465 1550 4182">
     <span class='ocr_line' id='line_1_22' title="bbox 361 2465 1500 2562; baseline -0.002 -22"><span class='ocrx_word' id='word_1_205' title='bbox 361 2481 412 2540; x_wconf 76' lang='lat'><strong><em>26.</em></strong></span> <span class='ocrx_word' id='word_1_206' title='bbox 449 2469 525 2538; x_wconf 83' lang='grc' dir='ltr'><strong><em>Ὅτι</em></strong></span> <span class='ocrx_word' id='word_1_207' title='bbox 547 2474 584 2538; x_wconf 81' lang='grc' dir='ltr'><strong><em>δέ</em></strong></span> <span class='ocrx_word' id='word_1_208' title='bbox 606 2465 645 2538; x_wconf 86' lang='grc' dir='ltr'><strong><em>ού</em></strong></span> <span class='ocrx_word' id='word_1_209' title='bbox 668 2477 799 2562; x_wconf 88' lang='grc' dir='ltr'><strong><em>ποίημα</em></strong></span> <span class='ocrx_word' id='word_1_210' title='bbox 822 2465 898 2538; x_wconf 75' lang='grc' dir='ltr'><strong><em>οῦδὲ</em></strong></span> <span class='ocrx_word' id='word_1_211' title='bbox 918 2477 1039 2556; x_wconf 87' lang='grc' dir='ltr'><strong><em>κτίσμα</em></strong></span> <span class='ocrx_word' id='word_1_212' title='bbox 1062 2467 1080 2537; x_wconf 89' lang='grc' dir='ltr'><strong><em>ό</em></strong></span> <span class='ocrx_word' id='word_1_213' title='bbox 1101 2475 1163 2538; x_wconf 88' lang='grc' dir='ltr'><strong><em>τοῦ</em></strong></span> <span class='ocrx_word' id='word_1_214' title='bbox 1182 2475 1266 2538; x_wconf 85' lang='grc' dir='ltr'><strong><em>θεοῦ</em></strong></span> <span class='ocrx_word' id='word_1_215' title='bbox 1289 2469 1393 2557; x_wconf 90' lang='grc' dir='ltr'><strong><em>λόγος,</em></strong></span> <span class='ocrx_word' id='word_1_216' title='bbox 1418 2467 1500 2538; x_wconf 83' lang='grc' dir='ltr'><strong><em>ἀλλὰ</em></strong></span> 
     </span>
     <span class='ocr_line' id='line_1_23' title="bbox 278 2565 1501 2660; baseline -0.002 -19"><span class='ocrx_word' id='word_1_217' title='bbox 278 2575 366 2641; x_wconf 73' lang='grc' dir='ltr'><strong><em>ἴδιον</em></strong></span> <span class='ocrx_word' id='word_1_218' title='bbox 388 2574 464 2658; x_wconf 67' lang='grc' dir='ltr'><strong><em>ετῆς</em></strong></span> <span class='ocrx_word' id='word_1_219' title='bbox 485 2575 543 2636; x_wconf 91' lang='grc' dir='ltr'><strong><em>τοῦ</em></strong></span> <span class='ocrx_word' id='word_1_220' title='bbox 566 2571 694 2657; x_wconf 79' lang='grc' dir='ltr'><strong><em>πατρὸς</em></strong></span> <span class='ocrx_word' id='word_1_221' title='bbox 715 2565 831 2653; x_wconf 88' lang='grc' dir='ltr'><strong><em>σῦσίας</em></strong></span> <span class='ocrx_word' id='word_1_222' title='bbox 851 2579 992 2660; x_wconf 82' lang='grc' dir='ltr'><strong><em>γέννημα</em></strong></span> <span class='ocrx_word' id='word_1_223' title='bbox 1014 2569 1202 2660; x_wconf 84' lang='grc' dir='ltr'><strong><em>ἀδιαίρετόν</em></strong></span> <span class='ocrx_word' id='word_1_224' title='bbox 1224 2572 1322 2654; x_wconf 77' lang='grc' dir='ltr'><strong><em>ἐστιν,</em></strong></span> <span class='ocrx_word' id='word_1_225' title='bbox 1346 2567 1391 2650; x_wconf 85' lang='grc' dir='ltr'><strong><em>ώς</em></strong></span> <span class='ocrx_word' id='word_1_226' title='bbox 1406 2573 1501 2660; x_wconf 79' lang='grc' dir='ltr'><strong><em>έγρα-</em></strong></span> 
     </span>
     <span class='ocr_line' id='line_1_24' title="bbox 277 2669 1503 2762; baseline -0.001 -22"><span class='ocrx_word' id='word_1_227' title='bbox 277 2686 344 2760; x_wconf 75' lang='grc' dir='ltr'><strong><em>Ιφνεν</em></strong></span> <span class='ocrx_word' id='word_1_228' title='bbox 365 2669 385 2760; x_wconf 85' lang='grc' dir='ltr'><em>ἡ</em></span> <span class='ocrx_word' id='word_1_229' title='bbox 407 2671 530 2758; x_wconf 82' lang='grc' dir='ltr'><strong><em>μεγάλη</em></strong></span> <span class='ocrx_word' id='word_1_230' title='bbox 552 2669 706 2752; x_wconf 76' lang='grc' dir='ltr'><strong><em>σύνοδος,</em></strong></span> <span class='ocrx_word' id='word_1_231' title='bbox 738 2673 809 2740; x_wconf 84' lang='grc' dir='ltr'><strong><em>ίδού</em></strong></span> <span class='ocrx_word' id='word_1_232' title='bbox 836 2672 892 2742; x_wconf 83' lang='grc' dir='ltr'><strong><em>καλ</em></strong></span> <span class='ocrx_word' id='word_1_233' title='bbox 915 2671 932 2740; x_wconf 89' lang='grc' dir='ltr'><strong><em>ό</em></strong></span> <span class='ocrx_word' id='word_1_234' title='bbox 955 2678 1013 2760; x_wconf 90' lang='grc' dir='ltr'><strong><em>τῆς</em></strong></span> <span class='ocrx_word' id='word_1_235' title='bbox 1032 2672 1152 2762; x_wconf 85' lang='grc' dir='ltr'><strong><em>Ῥώμης</em></strong></span> <span class='ocrx_word' id='word_1_236' title='bbox 1174 2673 1354 2752; x_wconf 73' lang='grc' dir='ltr'><strong><em>ἐπίσκοπος</em></strong></span> <span class='ocrx_word' id='word_1_237' title='bbox 1373 2675 1503 2739; x_wconf 82' lang='grc' dir='ltr'><strong><em>Διονύ-</em></strong></span> 
     </span>
     <span class='ocr_line' id='line_1_25' title="bbox 279 2771 1550 2864; baseline 0.002 -24"><span class='ocrx_word' id='word_1_238' title='bbox 279 2795 362 2853; x_wconf 90' lang='grc' dir='ltr'><strong><em>σιος,</em></strong></span> <span class='ocrx_word' id='word_1_239' title='bbox 385 2771 521 2861; x_wconf 89' lang='grc' dir='ltr'><strong><em>γράφων</em></strong></span> <span class='ocrx_word' id='word_1_240' title='bbox 543 2772 626 2840; x_wconf 86' lang='grc' dir='ltr'><strong><em>κατὰ</em></strong></span> <span class='ocrx_word' id='word_1_241' title='bbox 646 2776 713 2842; x_wconf 88' lang='grc' dir='ltr'><strong><em>τ’ών</em></strong></span> <span class='ocrx_word' id='word_1_242' title='bbox 727 2773 770 2842; x_wconf 82' lang='grc' dir='ltr'><strong><em>τὰ</em></strong></span> <span class='ocrx_word' id='word_1_243' title='bbox 790 2777 869 2842; x_wconf 64' lang='grc' dir='ltr'><strong><em>ἆτοῦ</em></strong></span> <span class='ocrx_word' id='word_1_244' title='bbox 884 2777 1064 2860; x_wconf 71' lang='grc' dir='ltr'><strong><em>Σαβελλίου</em></strong></span> <span class='ocrx_word' id='word_1_245' title='bbox 1079 2778 1297 2864; x_wconf 82' lang='grc' dir='ltr'><strong><em>φρονούντων,</em></strong></span> <span class='ocrx_word' id='word_1_246' title='bbox 1320 2772 1501 2857; x_wconf 77' lang='grc' dir='ltr'><strong><em>σγετλιάζει</em></strong></span> <span class='ocrx_word' id='word_1_247' title='bbox 1549 2823 1550 2831; x_wconf 40' lang='lat'>1</span> 
     </span>
     <span class='ocr_line' id='line_1_26' title="bbox 278 2871 1548 2965; baseline 0.007 -23"><span class='ocrx_word' id='word_1_248' title='bbox 278 2873 363 2942; x_wconf 81' lang='grc' dir='ltr'><strong><em>κατὰ</em></strong></span> <span class='ocrx_word' id='word_1_249' title='bbox 387 2877 454 2942; x_wconf 89' lang='grc' dir='ltr'><strong><em>τών</em></strong></span> <span class='ocrx_word' id='word_1_250' title='bbox 481 2878 585 2944; x_wconf 90' lang='grc' dir='ltr'><strong><em>ταῦτα</em></strong></span> <span class='ocrx_word' id='word_1_251' title='bbox 612 2873 809 2959; x_wconf 85' lang='grc' dir='ltr'><strong><em>τολμώντων</em></strong></span> <span class='ocrx_word' id='word_1_252' title='bbox 833 2877 937 2962; x_wconf 82' lang='grc' dir='ltr'><strong><em>λέγειν</em></strong></span> <span class='ocrx_word' id='word_1_253' title='bbox 958 2884 1014 2944; x_wconf 85' lang='grc' dir='ltr'><strong><em>καί</em></strong></span> <span class='ocrx_word' id='word_1_254' title='bbox 1036 2901 1137 2965; x_wconf 91' lang='grc' dir='ltr'><strong><em>φησιν</em></strong></span> <span class='ocrx_word' id='word_1_255' title='bbox 1160 2875 1279 2957; x_wconf 83' lang='grc' dir='ltr'><strong><em>οῦτως·</em></strong></span> <span class='ocrx_word' id='word_1_256' title='bbox 1309 2877 1381 2963; x_wconf 76' lang='grc' dir='ltr'><strong><em>ἑξῆς</em></strong></span> <span class='ocrx_word' id='word_1_257' title='bbox 1401 2874 1435 2941; x_wconf 84' lang='grc' dir='ltr'><strong><em>δ’</em></strong></span> <span class='ocrx_word' id='word_1_258' title='bbox 1462 2871 1500 2944; x_wconf 84' lang='grc' dir='ltr'><strong><em>ἀν</em></strong></span> <span class='ocrx_word' id='word_1_259' title='bbox 1547 2947 1548 2951; x_wconf 75' lang='grc'><strong><em>,</em></strong></span> 
     </span>
     <span class='ocr_line' id='line_1_27' title="bbox 279 2973 1547 3073; baseline -0.002 -27"><span class='ocrx_word' id='word_1_260' title='bbox 279 2975 413 3056; x_wconf 74' lang='grc' dir='ltr'><strong><em>εἰκότως</em></strong></span> <span class='ocrx_word' id='word_1_261' title='bbox 434 2978 563 3062; x_wconf 83' lang='grc' dir='ltr'><strong><em>λέγοιμι</em></strong></span> <span class='ocrx_word' id='word_1_262' title='bbox 576 2980 630 3045; x_wconf 80' lang='grc' dir='ltr'><strong><em>καὶ</em></strong></span> <span class='ocrx_word' id='word_1_263' title='bbox 647 2977 732 3065; x_wconf 85' lang='grc' dir='ltr'><strong><em>πρὸς</em></strong></span> <span class='ocrx_word' id='word_1_264' title='bbox 753 2979 982 3064; x_wconf 76' lang='grc' dir='ltr'><strong><em>“διαιροῦντας</em></strong></span> <span class='ocrx_word' id='word_1_265' title='bbox 995 2979 1051 3046; x_wconf 85' lang='grc' dir='ltr'><strong><em>καὶ</em></strong></span> <span class='ocrx_word' id='word_1_266' title='bbox 1065 2985 1325 3065; x_wconf 85' lang='grc' dir='ltr'><strong><em>κατατέμνοντας</em></strong></span> <span class='ocrx_word' id='word_1_267' title='bbox 1338 2977 1393 3048; x_wconf 84' lang='grc' dir='ltr'><strong><em>καλ</em></strong></span> <span class='ocrx_word' id='word_1_268' title='bbox 1407 2973 1499 3046; x_wconf 86' lang='grc' dir='ltr'><strong><em>ἀναι-</em></strong></span> <span class='ocrx_word' id='word_1_269' title='bbox 1545 2993 1547 3073; x_wconf 37' lang='grc' dir='ltr'><strong><em>η’</em></strong></span> 
     </span>
     <span class='ocr_line' id='line_1_28' title="bbox 272 3077 1498 3168; baseline 0 -22"><span class='ocrx_word' id='word_1_270' title='bbox 272 3083 416 3167; x_wconf 58' lang='grc' dir='ltr'><strong><em>*ρσῦντος</em></strong></span> <span class='ocrx_word' id='word_1_271' title='bbox 436 3079 476 3146; x_wconf 88' lang='grc' dir='ltr'><strong><em>τό</em></strong></span> <span class='ocrx_word' id='word_1_272' title='bbox 499 3079 702 3165; x_wconf 74' lang='grc' dir='ltr'><strong><em>σεμνότατον</em></strong></span> <span class='ocrx_word' id='word_1_273' title='bbox 723 3080 870 3168; x_wconf 81' lang='grc' dir='ltr'><strong><em>κήρυγμα</em></strong></span> <span class='ocrx_word' id='word_1_274' title='bbox 892 3083 950 3168; x_wconf 90' lang='grc' dir='ltr'><strong><em>τῆς</em></strong></span> <span class='ocrx_word' id='word_1_275' title='bbox 971 3080 1141 3168; x_wconf 80' lang='grc' dir='ltr'><strong><em>ἐκκλησίας</em></strong></span> <span class='ocrx_word' id='word_1_276' title='bbox 1161 3085 1220 3147; x_wconf 91' lang='grc' dir='ltr'><strong><em>τοῦ</em></strong></span> <span class='ocrx_word' id='word_1_277' title='bbox 1241 3083 1334 3160; x_wconf 84' lang='grc' dir='ltr'><strong><em>θεοῦ,</em></strong></span> <span class='ocrx_word' id='word_1_278' title='bbox 1358 3077 1416 3167; x_wconf 85' lang='grc' dir='ltr'><strong><em>τῆν</em></strong></span> <span class='ocrx_word' id='word_1_279' title='bbox 1440 3105 1498 3164; x_wconf 86' lang='grc' dir='ltr'><strong><em>μο-</em></strong></span> 
     </span>
     <span class='ocr_line' id='line_1_29' title="bbox 276 3179 1498 3270; baseline 0 -22"><span class='ocrx_word' id='word_1_280' title='bbox 276 3190 420 3269; x_wconf 90' lang='grc' dir='ltr'><strong><em>ναρχίαν,</em></strong></span> <span class='ocrx_word' id='word_1_281' title='bbox 445 3182 493 3261; x_wconf 79' lang='grc' dir='ltr'><strong><em>εἰς</em></strong></span> <span class='ocrx_word' id='word_1_282' title='bbox 513 3192 602 3268; x_wconf 86' lang='grc' dir='ltr'><strong><em>τρεῖς</em></strong></span> <span class='ocrx_word' id='word_1_283' title='bbox 624 3180 780 3266; x_wconf 83' lang='grc' dir='ltr'><strong><em>δυνάμεις</em></strong></span> <span class='ocrx_word' id='word_1_284' title='bbox 801 3181 893 3258; x_wconf 85' lang='grc' dir='ltr'><strong><em>τινάς</em></strong></span> <span class='ocrx_word' id='word_1_285' title='bbox 906 3181 963 3248; x_wconf 83' lang='grc' dir='ltr'><strong><em>καὶ</em></strong></span> <span class='ocrx_word' id='word_1_286' title='bbox 976 3189 1215 3270; x_wconf 86' lang='grc' dir='ltr'><strong><em>μεμερισμένας</em></strong></span> <span class='ocrx_word' id='word_1_287' title='bbox 1229 3179 1498 3261; x_wconf 81' lang='grc' dir='ltr'><strong><em>όποστάσειςααὶ</em></strong></span> 
     </span>
     <span class='ocr_line' id='line_1_30' title="bbox 276 3277 1497 3370; baseline 0.001 -22"><span class='ocrx_word' id='word_1_288' title='bbox 276 3281 441 3368; x_wconf 81' lang='grc' dir='ltr'><strong><em>θεότητος</em></strong></span> <span class='ocrx_word' id='word_1_289' title='bbox 469 3292 576 3366; x_wconf 84' lang='grc' dir='ltr'><strong><em>τρεῖς·</em></strong></span> <span class='ocrx_word' id='word_1_290' title='bbox 605 3287 783 3364; x_wconf 83' lang='grc' dir='ltr'><strong><em>πέπυσμαι</em></strong></span> <span class='ocrx_word' id='word_1_291' title='bbox 810 3281 870 3367; x_wconf 86' lang='grc' dir='ltr'><strong><em>γάρ</em></strong></span> <span class='ocrx_word' id='word_1_292' title='bbox 889 3277 980 3353; x_wconf 78' lang='grc' dir='ltr'><strong><em>,εἶναί</em></strong></span> <span class='ocrx_word' id='word_1_293' title='bbox 1001 3309 1093 3362; x_wconf 90' lang='grc' dir='ltr'><strong><em>τινας</em></strong></span> <span class='ocrx_word' id='word_1_294' title='bbox 1114 3287 1180 3350; x_wconf 87' lang='grc' dir='ltr'><strong><em>τών</em></strong></span> <span class='ocrx_word' id='word_1_295' title='bbox 1202 3279 1279 3370; x_wconf 75' lang='grc' dir='ltr'><strong><em>παρ’</em></strong></span> <span class='ocrx_word' id='word_1_296' title='bbox 1304 3280 1382 3368; x_wconf 82' lang='grc' dir='ltr'><strong><em>ύμῖν</em></strong></span> <span class='ocrx_word' id='word_1_297' title='bbox 1403 3309 1497 3370; x_wconf 75' lang='grc' dir='ltr'><strong><em>κατη·</em></strong></span> 
     </span>
     <span class='ocr_line' id='line_1_31' title="bbox 276 3379 1498 3474; baseline 0.004 -29"><span class='ocrx_word' id='word_1_298' title='bbox 276 3380 421 3464; x_wconf 86' lang='grc' dir='ltr'><strong><em>χούντων</em></strong></span> <span class='ocrx_word' id='word_1_299' title='bbox 449 3379 504 3445; x_wconf 83' lang='grc' dir='ltr'><strong><em>καὶ</em></strong></span> <span class='ocrx_word' id='word_1_300' title='bbox 532 3379 756 3446; x_wconf 87' lang='grc' dir='ltr'><strong><em>διδασκόντων</em></strong></span> <span class='ocrx_word' id='word_1_301' title='bbox 782 3381 840 3448; x_wconf 88' lang='grc' dir='ltr'><strong><em>τόν</em></strong></span> <span class='ocrx_word' id='word_1_302' title='bbox 867 3387 964 3451; x_wconf 78' lang='grc' dir='ltr'><strong><em>θεῖον</em></strong></span> <span class='ocrx_word' id='word_1_303' title='bbox 992 3384 1089 3472; x_wconf 87' lang='grc' dir='ltr'><strong><em>λόγον</em></strong></span> <span class='ocrx_word' id='word_1_304' title='bbox 1116 3387 1235 3474; x_wconf 81' lang='grc' dir='ltr'><strong><em>ταύτης</em></strong></span> <span class='ocrx_word' id='word_1_305' title='bbox 1256 3382 1425 3474; x_wconf 83' lang='grc' dir='ltr'><strong><em>ύφηγητδις</em></strong></span> <span class='ocrx_word' id='word_1_306' title='bbox 1445 3389 1498 3470; x_wconf 84' lang='grc' dir='ltr'><strong><em>τῆς</em></strong></span> 
     </span>
     <span class='ocr_line' id='line_1_32' title="bbox 275 3478 1497 3574; baseline 0.007 -29"><span class='ocrx_word' id='word_1_307' title='bbox 275 3480 489 3568; x_wconf 80' lang='grc' dir='ltr'><strong><em>φρονήσεως·</em></strong></span> <span class='ocrx_word' id='word_1_308' title='bbox 518 3481 553 3546; x_wconf 83' lang='grc' dir='ltr'><strong><em>οἳ</em></strong></span> <span class='ocrx_word' id='word_1_309' title='bbox 580 3478 663 3546; x_wconf 84' lang='grc' dir='ltr'><strong><em>κατὰ</em></strong></span> <span class='ocrx_word' id='word_1_310' title='bbox 690 3481 880 3570; x_wconf 89' lang='grc' dir='ltr'><strong><em>διάμετρον,</em></strong></span> <span class='ocrx_word' id='word_1_311' title='bbox 911 3480 956 3564; x_wconf 89' lang='grc' dir='ltr'><strong><em>ώς</em></strong></span> <span class='ocrx_word' id='word_1_312' title='bbox 984 3485 1065 3565; x_wconf 80' lang='grc' dir='ltr'><strong><em>έπος</em></strong></span> <span class='ocrx_word' id='word_1_313' title='bbox 1087 3488 1210 3568; x_wconf 85' lang='grc' dir='ltr'><strong><em>εἰπεῖν,</em></strong></span> <span class='ocrx_word' id='word_1_314' title='bbox 1242 3482 1440 3554; x_wconf 87' lang='grc' dir='ltr'><strong><em>ἀντίκεινται</em></strong></span> <span class='ocrx_word' id='word_1_315' title='bbox 1461 3491 1497 3574; x_wconf 80' lang='grc' dir='ltr'><strong><em>τῆ</em></strong></span> 
     </span>
     <span class='ocr_line' id='line_1_33' title="bbox 276 3576 1498 3674; baseline 0.005 -24"><span class='ocrx_word' id='word_1_316' title='bbox 276 3581 460 3666; x_wconf 75' lang='grc' dir='ltr'><strong><em>Σαβελλίου</em></strong></span> <span class='ocrx_word' id='word_1_317' title='bbox 482 3577 604 3668; x_wconf 82' lang='grc' dir='ltr'><strong><em>γνώμῃ.</em></strong></span> <span class='ocrx_word' id='word_1_318' title='bbox 650 3576 667 3645; x_wconf 90' lang='grc' dir='ltr'><strong><em>ό</em></strong></span> <span class='ocrx_word' id='word_1_319' title='bbox 688 3583 830 3670; x_wconf 81' lang='grc' dir='ltr'><strong><em>μὲνγὰρ</em></strong></span> <span class='ocrx_word' id='word_1_320' title='bbox 851 3586 1039 3674; x_wconf 82' lang='grc' dir='ltr'><strong><em>βλαςφημεῖ</em></strong></span> <span class='ocrx_word' id='word_1_321' title='bbox 1061 3581 1159 3656; x_wconf 85' lang='grc' dir='ltr'><strong><em>αῦτὸν</em></strong></span> <span class='ocrx_word' id='word_1_322' title='bbox 1181 3588 1238 3656; x_wconf 91' lang='grc' dir='ltr'><strong><em>τὸν</em></strong></span> <span class='ocrx_word' id='word_1_323' title='bbox 1261 3587 1332 3656; x_wconf 76' lang='grc' dir='ltr'><strong><em>υἱὸν</em></strong></span> <span class='ocrx_word' id='word_1_324' title='bbox 1349 3583 1435 3656; x_wconf 79' lang='grc' dir='ltr'><strong><em>εἶναι</em></strong></span> <span class='ocrx_word' id='word_1_325' title='bbox 1449 3590 1498 3655; x_wconf 81' lang='grc' dir='ltr'><strong><em>λέ-</em></strong></span> 
     </span>
     <span class='ocr_line' id='line_1_34' title="bbox 278 3679 1499 3777; baseline 0.007 -29"><span class='ocrx_word' id='word_1_326' title='bbox 278 3705 345 3767; x_wconf 88' lang='grc' dir='ltr'><strong><em>γων</em></strong></span> <span class='ocrx_word' id='word_1_327' title='bbox 367 3679 424 3747; x_wconf 88' lang='grc' dir='ltr'><strong><em>τὸν</em></strong></span> <span class='ocrx_word' id='word_1_328' title='bbox 447 3687 577 3766; x_wconf 87' lang='grc' dir='ltr'><strong><em>πατέρα</em></strong></span> <span class='ocrx_word' id='word_1_329' title='bbox 597 3681 651 3748; x_wconf 79' lang='grc' dir='ltr'><strong><em>καὶ</em></strong></span> <span class='ocrx_word' id='word_1_330' title='bbox 674 3684 832 3768; x_wconf 73' lang='grc' dir='ltr'><strong><em>ἔμπαλιν,</em></strong></span> <span class='ocrx_word' id='word_1_331' title='bbox 856 3687 888 3753; x_wconf 77' lang='grc' dir='ltr'><strong><em>οἱ</em></strong></span> <span class='ocrx_word' id='word_1_332' title='bbox 912 3688 948 3753; x_wconf 78' lang='grc' dir='ltr'><strong><em>δὲ</em></strong></span> <span class='ocrx_word' id='word_1_333' title='bbox 969 3699 1057 3772; x_wconf 89' lang='grc' dir='ltr'><strong><em>τρεῖς</em></strong></span> <span class='ocrx_word' id='word_1_334' title='bbox 1079 3689 1181 3770; x_wconf 82' lang='grc' dir='ltr'><strong><em>θεοὺς</em></strong></span> <span class='ocrx_word' id='word_1_335' title='bbox 1201 3687 1328 3777; x_wconf 91' lang='grc' dir='ltr'><strong><em>τρόπον</em></strong></span> <span class='ocrx_word' id='word_1_336' title='bbox 1349 3689 1426 3758; x_wconf 84' lang='grc' dir='ltr'><strong><em>τινά</em></strong></span> <span class='ocrx_word' id='word_1_337' title='bbox 1446 3717 1499 3776; x_wconf 86' lang='grc' dir='ltr'><strong><em>κη-</em></strong></span> 
     </span>
     <span class='ocr_line' id='line_1_35' title="bbox 279 3781 1500 3878; baseline 0.007 -30"><span class='ocrx_word' id='word_1_338' title='bbox 279 3783 468 3869; x_wconf 86' lang='grc' dir='ltr'><strong><em>ρύττουσιν,</em></strong></span> <span class='ocrx_word' id='word_1_339' title='bbox 500 3783 547 3862; x_wconf 84' lang='grc' dir='ltr'><strong><em>είς</em></strong></span> <span class='ocrx_word' id='word_1_340' title='bbox 567 3793 655 3868; x_wconf 82' lang='grc' dir='ltr'><strong><em>τρεῖς</em></strong></span> <span class='ocrx_word' id='word_1_341' title='bbox 677 3781 878 3866; x_wconf 81' lang='grc' dir='ltr'><strong><em>ἀποστάσεις</em></strong></span> <span class='ocrx_word' id='word_1_342' title='bbox 900 3790 993 3868; x_wconf 84' lang='grc' dir='ltr'><strong><em>ξένας</em></strong></span> <span class='ocrx_word' id='word_1_343' title='bbox 1014 3786 1162 3878; x_wconf 82' lang='grc' dir='ltr'><strong><em>ἀλλήλων</em></strong></span> <span class='ocrx_word' id='word_1_344' title='bbox 1183 3789 1383 3858; x_wconf 84' lang='grc' dir='ltr'><strong><em>παντάπασι</em></strong></span> <span class='ocrx_word' id='word_1_345' title='bbox 1403 3817 1500 3874; x_wconf 77' lang='grc' dir='ltr'><strong><em>κεχω-</em></strong></span> 
     </span>
     <span class='ocr_line' id='line_1_36' title="bbox 278 3883 1499 3980; baseline 0.007 -32"><span class='ocrx_word' id='word_1_346' title='bbox 278 3888 435 3968; x_wconf 86' lang='grc' dir='ltr'><strong><em>ρισμένας</em></strong></span> <span class='ocrx_word' id='word_1_347' title='bbox 457 3883 659 3969; x_wconf 89' lang='grc' dir='ltr'><strong><em>διαιροῦντες</em></strong></span> <span class='ocrx_word' id='word_1_348' title='bbox 679 3887 739 3976; x_wconf 88' lang='grc' dir='ltr'><strong><em>τῆν</em></strong></span> <span class='ocrx_word' id='word_1_349' title='bbox 761 3883 855 3975; x_wconf 87' lang='grc' dir='ltr'><strong><em>ἀγίαν</em></strong></span> <span class='ocrx_word' id='word_1_350' title='bbox 876 3889 1014 3975; x_wconf 85' lang='grc' dir='ltr'><strong><em>μονάδα.</em></strong></span> <span class='ocrx_word' id='word_1_351' title='bbox 1058 3888 1214 3980; x_wconf 80' lang='grc' dir='ltr'><strong><em>ἡνῶσθαι</em></strong></span> <span class='ocrx_word' id='word_1_352' title='bbox 1234 3892 1295 3980; x_wconf 82' lang='grc' dir='ltr'><strong><em>γὰρ</em></strong></span> <span class='ocrx_word' id='word_1_353' title='bbox 1317 3888 1438 3980; x_wconf 86' lang='grc' dir='ltr'><strong><em>ἀνάγκη</em></strong></span> <span class='ocrx_word' id='word_1_354' title='bbox 1454 3895 1499 3980; x_wconf 79' lang='grc' dir='ltr'><strong><em>τῷ</em></strong></span> 
     </span>
     <span class='ocr_line' id='line_1_37' title="bbox 278 3981 1499 4080; baseline 0.006 -27"><span class='ocrx_word' id='word_1_355' title='bbox 278 3987 351 4070; x_wconf 79' lang='grc' dir='ltr'><strong><em>θεῷ</em></strong></span> <span class='ocrx_word' id='word_1_356' title='bbox 384 3987 450 4050; x_wconf 83' lang='grc' dir='ltr'><strong><em>τῶν</em></strong></span> <span class='ocrx_word' id='word_1_357' title='bbox 485 3981 571 4052; x_wconf 86' lang='grc' dir='ltr'><strong><em>όλων</em></strong></span> <span class='ocrx_word' id='word_1_358' title='bbox 598 3985 656 4054; x_wconf 89' lang='grc' dir='ltr'><strong><em>τὸν</em></strong></span> <span class='ocrx_word' id='word_1_359' title='bbox 683 3995 781 4056; x_wconf 83' lang='grc' dir='ltr'><strong><em>θεῖον</em></strong></span> <span class='ocrx_word' id='word_1_360' title='bbox 809 3991 921 4078; x_wconf 89' lang='grc' dir='ltr'><strong><em>λόγον·</em></strong></span> <span class='ocrx_word' id='word_1_361' title='bbox 956 3991 1195 4080; x_wconf 77' lang='grc' dir='ltr'><strong><em>ἕμφιλοχωρεῖν</em></strong></span> <span class='ocrx_word' id='word_1_362' title='bbox 1226 3995 1261 4061; x_wconf 87' lang='grc' dir='ltr'><strong><em>δέ</em></strong></span> <span class='ocrx_word' id='word_1_363' title='bbox 1283 3996 1330 4080; x_wconf 79' lang='grc' dir='ltr'><strong><em>τῷ</em></strong></span> <span class='ocrx_word' id='word_1_364' title='bbox 1351 3998 1425 4080; x_wconf 77' lang='grc' dir='ltr'><strong><em>θεῷ</em></strong></span> <span class='ocrx_word' id='word_1_365' title='bbox 1447 3997 1499 4062; x_wconf 83' lang='grc' dir='ltr'><strong><em>καλ</em></strong></span> 
     </span>
     <span class='ocr_line' id='line_1_38' title="bbox 279 4083 1501 4182; baseline 0.009 -30"><span class='ocrx_word' id='word_1_366' title='bbox 279 4083 513 4153; x_wconf 70' lang='grc' dir='ltr'><strong><em>ἐνδιαιτᾶσθαι</em></strong></span> <span class='ocrx_word' id='word_1_367' title='bbox 535 4086 646 4154; x_wconf 87' lang='grc' dir='ltr'><strong><em>δεῖτὸ</em></strong></span> <span class='ocrx_word' id='word_1_368' title='bbox 669 4085 763 4175; x_wconf 81' lang='grc' dir='ltr'><strong><em>ἅγιον</em></strong></span> <span class='ocrx_word' id='word_1_369' title='bbox 785 4096 930 4176; x_wconf 89' lang='grc' dir='ltr'><strong><em>πνεῦμα·</em></strong></span> <span class='ocrx_word' id='word_1_370' title='bbox 953 4091 1014 4180; x_wconf 87' lang='grc' dir='ltr'><strong><em>ῆδη</em></strong></span> <span class='ocrx_word' id='word_1_371' title='bbox 1036 4097 1089 4160; x_wconf 80' lang='grc' dir='ltr'><strong><em>καὶ</em></strong></span> <span class='ocrx_word' id='word_1_372' title='bbox 1112 4093 1170 4182; x_wconf 80' lang='grc' dir='ltr'><strong><em>τὴν</em></strong></span> <span class='ocrx_word' id='word_1_373' title='bbox 1192 4099 1291 4161; x_wconf 87' lang='grc' dir='ltr'><strong><em>θείαν</em></strong></span> <span class='ocrx_word' id='word_1_374' title='bbox 1312 4094 1433 4181; x_wconf 87' lang='grc' dir='ltr'><strong><em>τριάδα</em></strong></span> <span class='ocrx_word' id='word_1_375' title='bbox 1454 4097 1501 4175; x_wconf 81' lang='grc' dir='ltr'><strong><em>είς</em></strong></span> 
     </span>
    </p>
   </div>
   <div class='ocr_carea' id='block_1_3' title="bbox 274 4181 1500 4282">
    <p class='ocr_par' dir='ltr' id='par_1_5' title="bbox 274 4181 1500 4282">
     <span class='ocr_line' id='line_1_39' title="bbox 274 4181 1500 4282; baseline 0.007 -26"><span class='ocrx_word' id='word_1_376' title='bbox 274 4187 345 4267; x_wconf 69' lang='grc' dir='ltr'><strong><em>Ιἕνα,</em></strong></span> <span class='ocrx_word' id='word_1_377' title='bbox 370 4181 478 4272; x_wconf 88' lang='grc' dir='ltr'><strong><em>ώςπερ</em></strong></span> <span class='ocrx_word' id='word_1_378' title='bbox 502 4187 549 4265; x_wconf 87' lang='grc' dir='ltr'><strong><em>είς</em></strong></span> <span class='ocrx_word' id='word_1_379' title='bbox 569 4190 715 4279; x_wconf 85' lang='grc' dir='ltr'><strong><em>κορυφήν</em></strong></span> <span class='ocrx_word' id='word_1_380' title='bbox 737 4219 825 4272; x_wconf 91' lang='grc' dir='ltr'><strong><em>τινα,</em></strong></span> <span class='ocrx_word' id='word_1_381' title='bbox 853 4191 1015 4262; x_wconf 83' lang='grc' dir='ltr'><strong><em>τὸνθεόν</em></strong></span> <span class='ocrx_word' id='word_1_382' title='bbox 1037 4195 1104 4261; x_wconf 84' lang='grc' dir='ltr'><strong><em>τῶν</em></strong></span> <span class='ocrx_word' id='word_1_383' title='bbox 1128 4191 1213 4262; x_wconf 86' lang='grc' dir='ltr'><strong><em>όλων</em></strong></span> <span class='ocrx_word' id='word_1_384' title='bbox 1235 4195 1293 4264; x_wconf 85' lang='grc' dir='ltr'><strong><em>τὸν</em></strong></span> <span class='ocrx_word' id='word_1_385' title='bbox 1314 4200 1500 4282; x_wconf 80' lang='grc' dir='ltr'><strong><em>παντοκρά-</em></strong></span> 
     </span>
    </p>
   </div>
   <div class='ocr_carea' id='block_1_4' title="bbox 290 4426 1504 4592">
    <p class='ocr_par' dir='ltr' id='par_1_6' title="bbox 290 4426 1504 4592">
     <span class='ocr_line' id='line_1_40' title="bbox 290 4426 1504 4522; baseline 0.015 -33"><span class='ocrx_word' id='word_1_386' title='bbox 290 4432 404 4520; x_wconf 36' lang='grc' dir='ltr'><strong><em>-ι.1ελο“’</em></strong></span> <span class='ocrx_word' id='word_1_387' title='bbox 424 4426 488 4499; x_wconf 70' lang='grc' dir='ltr'><strong><em>νῦν,</em></strong></span> <span class='ocrx_word' id='word_1_388' title='bbox 512 4442 600 4508; x_wconf 69' lang='lat' dir='ltr'>supple</span> <span class='ocrx_word' id='word_1_389' title='bbox 617 4431 708 4510; x_wconf 75' lang='grc' dir='ltr'><strong><em>ελχαν,</em></strong></span> <span class='ocrx_word' id='word_1_390' title='bbox 731 4441 861 4497; x_wconf 77' lang='lat' dir='ltr'><strong><em>‘commode</em></strong></span> <span class='ocrx_word' id='word_1_391' title='bbox 913 4451 968 4514; x_wconf 77' lang='lat' dir='ltr'>quin</span> <span class='ocrx_word' id='word_1_392' title='bbox 986 4451 1095 4501; x_wconf 76' lang='grc' dir='ltr'><strong><em>ιίδιαῖοι</em></strong></span> <span class='ocrx_word' id='word_1_393' title='bbox 1113 4465 1160 4502; x_wconf 85' lang='grc' dir='ltr'><strong><em>σου</em></strong></span> <span class='ocrx_word' id='word_1_394' title='bbox 1174 4452 1504 4522; x_wconf 76' lang='grc' dir='ltr'><strong><em>ιαὶαιιδιαιιίιεείαιειρῐι·</em></strong></span> 
     </span>
     <span class='ocr_line' id='line_1_41' title="bbox 299 4507 1435 4592; baseline 0.015 -34"><span class='ocrx_word' id='word_1_395' title='bbox 299 4507 385 4561; x_wconf 60' lang='lat' dir='ltr'><strong><em>*ddunt</em></strong></span> <span class='ocrx_word' id='word_1_396' title='bbox 401 4525 535 4576; x_wconf 76' lang='grc' dir='ltr'><strong><em>ηιιιοιιια</em></strong></span> <span class='ocrx_word' id='word_1_397' title='bbox 546 4514 659 4578; x_wconf 74' lang='lat' dir='ltr'><strong><em>alioquin,</em></strong></span> <span class='ocrx_word' id='word_1_398' title='bbox 680 4515 861 4580; x_wconf 77' lang='grc' dir='ltr'><strong><em>αιριῖιι,ηιιοδ</em></strong></span> <span class='ocrx_word' id='word_1_399' title='bbox 911 4525 958 4578; x_wconf 73' lang='lat' dir='ltr'><strong><em>m,</em></strong></span> <span class='ocrx_word' id='word_1_400' title='bbox 975 4532 1104 4584; x_wconf 72' lang='lat' dir='ltr'><strong><em>perperam</em></strong></span> <span class='ocrx_word' id='word_1_401' title='bbox 1122 4520 1186 4572; x_wconf 83' lang='grc' dir='ltr'><strong><em>Ιιααι</em></strong></span> <span class='ocrx_word' id='word_1_402' title='bbox 1205 4521 1284 4570; x_wconf 79' lang='lat' dir='ltr'>locum</span> <span class='ocrx_word' id='word_1_403' title='bbox 1302 4529 1435 4592; x_wconf 62' lang='grc' dir='ltr'><strong><em>ιιαεταιιι.</em></strong></span> 
     </span>
    </p>
   </div>
   <div class='ocr_carea' id='block_1_5' title="bbox 0 0 1592 5058">
    <p class='ocr_par' dir='ltr' id='par_1_7' title="bbox 0 0 1592 5058">
     <span class='ocr_line' id='line_1_42' title="bbox 0 0 1592 5058; baseline 0 0"><span class='ocrx_word' id='word_1_404' title='bbox 0 0 1592 5058; x_wconf 95' lang='lat' dir='ltr'><strong><em> </em></strong></span> 
     </span>
    </p>
   </div>
  </div>
 </body>
</html>
