3220 5046
548 261 658 308 onemo
672 263 706 306 ιι.
722 263 838 310 cosm
851 263 988 308 numos.
1318 254 1382 317 let

153 435 285 482 eremus
307 419 409 480 scens·
427 427 458 479 et
477 413 666 478 mun
683 417 716 478 is
738 425 899 498 conspeetu
921 420 987 480 stes
1007 419 1041 480 ιιι
1057 419 1195 489 ecritnte,
1217 421 1270 500 per·
1286 432 1468 499 prce-rnre

153 521 315 584 destinauit
337 535 394 580 uos
416 521 449 580 in
471 516 662 594 adoptionem
678 533 738 598 per
760 515 860 579 lenanu
885 517 1037 581 Clristssr
1059 523 1222 599 teipsum.

238 621 289 686 tu.
334 617 494 692 Quomodo
517 633 590 696 erpo
611 633 669 680 nos
691 615 779 696 elegit
799 625 956 696 antequem
978 637 1132 694 essemus,
1161 619 1237 694 nisi,
1261 621 1381 702 etipse
1464 671 1472 687 .

155 721 244 796 dixit,
273 721 304 782 in
333 721 401 800 ipsc
428 719 591 804 fuissemus
619 716 823 798 praesignati?
860 718 918 792 Qul
938 739 1010 782 vero
1032 721 1095 784 fieri
1117 721 1231 802 potuit,
1260 728 1293 784 nt
1313 739 1380 798 nos,

153 824 327 904 priusquam
348 819 486 882 homines
516 827 704 890 mearentur,
738 817 768 880 in
796 817 989 898 adoptionem
1009 822 1287 900 praedestinaverit,
1320 823 1381 888 nisi

154 927 221 1006 ipse
242 923 334 986 Filius
356 929 424 984 ente
446 939 551 984 aerum
573 920 712 982 fundetus
735 927 833 992 esset,
862 930 1002 1000 suscepta
1022 923 1119 984 nostri
1139 925 1233 1003 gretia
1254 924 1379 1006 dispen-

154 1021 297 1090 satione?
324 1024 376 1088 Vel
397 1021 560 1104 quomodo,
583 1029 617 1083 ut
639 1020 760 1084 subiicit
780 1021 955 1102 Apostolus,
978 1035 1064 1086 sorte
1086 1042 1188 1090 mnus
1206 1027 1380 1107 proedesti-

153 1131 234 1200 nnn',
257 1125 317 1188 uisi
339 1126 404 1206 ipse
426 1124 571 1188 Dominus
593 1131 662 1184 ante
684 1139 787 1184 aerum
809 1121 951 1185 fundatus
973 1123 1088 1198 fuisset,
1111 1123 1151 1186 ita
1171 1131 1205 1188 nt
1225 1125 1283 1206 ipsi
1303 1145 1379 1208 prc-

152 1229 284 1309 positum
306 1226 395 1289 luerit
416 1243 535 1288 omnem
557 1222 657 1286 iudicii
673 1223 829 1289 adversum
844 1241 902 1286 nos
917 1223 968 1288 leti
984 1233 1098 1286 sortem
1113 1243 1203 1288 carne
1217 1227 1380 1307 suscipere,

154 1348 213 1412 quo
235 1348 292 1392 nos
315 1328 456 1408 deinceps
479 1325 530 1388 dlii
552 1325 583 1388 iu
606 1325 673 1406 ipso
696 1323 904 1388 efficeremur?
948 1326 1107 1399 Quomodo
1134 1327 1207 1390 item
1228 1345 1303 1402 nos,
1330 1329 1381 1410 qni

152 1432 286 1494 nondum
308 1447 437 1503 memus,
459 1427 511 1490 sed
535 1415 669 1520 tempore
691 1426 870 1503 exstitimus,
893 1435 961 1490 ante
983 1437 1249 1510 aeternatempors
1262 1431 1380 1510 accepi-

153 1551 237 1606 mus,
260 1531 318 1594 nisi
340 1530 447 1610 grstia,
475 1547 550 1610 quoe
571 1529 608 1592 ad
631 1547 687 1592 uns
708 1529 859 1609 pervenit,
890 1529 923 1591 in
943 1528 1072 1594 Domino
1094 1531 1203 1594 luisset
1221 1529 1380 1613 reposita?

153 1634 230 1696 ilino
257 1633 305 1696 ille
335 1633 367 1694 in
394 1631 519 1704 iudicio,
549 1649 616 1695 oum
643 1631 851 1711 unusquisque
870 1649 927 1712 pro
950 1630 1014 1694 suis
1036 1632 1121 1696 lactis
1143 1633 1309 1698 mercede!
1331 1643 1466 1699 estnsu.

152 1742 342 1817 accepturus,
375 1733 469 1796 dicet:
509 1733 609 1796 Venite
642 1734 791 1797 benedicti
819 1732 922 1796 Putris
948 1737 1019 1806 mei,
1049 1735 1204 1816 possidete
1230 1749 1379 1817 paraturus

150 1839 235 1902 ecbs's
263 1853 391 1916 repuens
418 1853 437 1898 n
466 1837 680 1998 consqtutioue
711 1835 827 1898 mnndi.
872 1834 1030 1908 Quomodo
1063 1835 1153 1916 igiurr
1185 1837 1231 1899 vel
1258 1837 1291 1901 in
1317 1858 1377 1920 qno

150 1949 307 2020 antequem
329 1955 465 2000 essemus
486 1953 557 2018 pera
571 1955 621 2000 nm
643 1945 706 2010 est,
728 1935 787 1998 nisi
811 1935 841 1998 in
863 1936 1001 2012 Domino,
1025 1938 1075 2018 qui
1097 1947 1164 2000 ente
1186 1957 1290 2002 aenum
1311 1959 1378 2006 mm

152 2041 191 2104 eb
213 2057 334 2104 causam
355 2037 494 2102 fundatus
515 2045 577 2111 cst,
608 2051 640 2100 ut
661 2057 718 2100 nos
741 2056 833 2118 super
853 2037 951 2118 ipsum
974 2048 1113 2118 tanquam
1134 2041 1279 2104 aedificati
1299 2043 1377 2108 vitea

150 2152 181 2206 et
201 2141 328 2224 gratiae,
351 2159 426 2221 quse
448 2138 485 2202 ab
507 2139 558 2200 illo
581 2139 694 2211 oritur,
717 2140 796 2202 uelut
817 2139 877 2217 apti
898 2139 1013 2218 lapides
1034 2140 1195 2220 participes
1217 2141 1377 2206 essemus?

151 2247 185 2310 ld
208 2254 308 2308 antem
330 2260 367 2305 eo
388 2242 497 2304 leuem
519 2249 577 2314 est,
601 2239 815 2318 quantum-pie
835 2249 937 2319 potest
957 2240 1096 2318 cogitari,
1118 2249 1161 2314 ut,
1183 2217 1378 2320 quemadmcs

150 2349 222 2412 dnm
244 2345 314 2418 dixi,
338 2363 354 2405 n
376 2349 473 2404 morte
494 2339 673 2428 temporaria
695 2339 812 2402 exoluti
828 2347 973 2420 perpetuo
994 2339 1094 2402 virere
1114 2339 1277 2420 possimus,
1300 2341 1380 2422 quod

155 2447 245 2510 nobis
277 2459 464 2523 nequaqnam
495 2441 646 2516 licuisset,
679 2440 729 2520 qui
758 2440 868 2503 terreni
902 2458 1007 2502 snmus
1037 2441 1193 2517 homiues,
1224 2442 1282 2506 nisi
1311 2451 1380 2508 ants

151 2565 255 2610 aerum
277 2544 366 2606 nobis
388 2563 457 2624 spes
479 2542 555 2608 uitae
577 2550 606 2606 et
628 2541 731 2605 salutis
754 2542 784 2604 in
807 2541 926 2606 Christo
948 2551 1031 2606 esset
1051 2553 1233 2625 praeparata.
1276 2545 1379 2628 ltaque

149 2651 217 2714 iure
245 2646 353 2710 merito
382 2646 510 2709 Verbum
538 2645 569 2710 in
592 2653 725 2709 nostrum
748 2645 870 2710 veniens
893 2664 1011 2709 carnem
1033 2648 1064 2710 in
1086 2665 1180 2727 eaque
1199 2647 1377 2730 principium

147 2752 262 2815 uiarum
292 2747 322 2810 in
351 2766 442 2829 opera
472 2765 525 2810 sus
556 2755 687 2810 creatum
720 2747 775 2810 buc
806 2749 938 2821 ratione,
974 2757 1006 2810 ut
1034 2748 1155 2811 eratin
1182 2749 1250 2830 ipso
1278 2751 1401 2836 Patris·

148 2853 298 2922 voluntas,
320 2850 469 2924 fundatur,
492 2849 580 2910 sicuti
602 2857 866 2911 commemoratum
889 2858 945 2922 est,
968 2859 1035 2911 ante
1057 2869 1160 2914 aeuum
1176 2859 1206 2912 et
1220 2859 1378 2932 anoequam

149 2963 229 3016 terra
251 2951 337 3010 deret
358 2955 388 3010 et
408 2957 526 3010 montes
549 2947 764 3010 collocarentur
785 2950 942 3027 tonusque
971 2949 1165 3023 scaturirent,
1193 2968 1232 3012 ne
1254 2952 1378 3024 scilicet,

151 3069 220 3114 cum
248 3058 346 3121 terra,
379 3056 495 3110 montes
521 3064 681 3126 rerumque
712 3046 916 3127 apparentium
944 3049 1055 3126 ligures
1078 3048 1108 3108 in
1131 3045 1189 3108 line
1210 3051 1378 3128 praesentis

151 3151 215 3214 aeri
243 3148 466 3231 prseterierint,
499 3165 557 3210 nos
586 3147 721 3210 similiter
748 3157 781 3210 ot
808 3146 855 3208 ille
884 3155 1031 3210 vetustate
1062 3149 1292 3223 conficeremur,
1326 3151 1380 3214 sed

149 3253 251 3334 potius
272 3259 306 3313 ut
328 3251 415 3314 etism
437 3257 541 3330 postea
569 3249 666 3312 virere
699 3249 882 3324 valeremus,
915 3257 1019 3330 utpote
1053 3249 1103 3330 qui
1130 3248 1220 3312 nobis
1241 3260 1308 3316 ente
1330 3272 1379 3317 res
1416 3293 1422 3300 -

150 3355 214 3418 illas
235 3361 438 3434 praeparatum
461 3352 581 3433 inipso
605 3351 700 3414 Verbo
723 3351 884 3416 habeamus
907 3351 1070 3414 seecundum
1093 3351 1268 3416 electionem
1290 3355 1378 3418 ritem

151 3469 182 3520 et
208 3455 445 3520 benedictionem
479 3453 651 3536 spiritalem.
697 3453 748 3518 Sic
775 3455 854 3517 enim
883 3453 971 3518 vitem
1000 3453 1121 3516 minime
1149 3455 1257 3518 durem
1278 3457 1379 3522 licebit

186 3757 206 3792 e.
224 3745 296 3804 Sego.
315 3739 737 3812 Gobbscd'elcbnu.intemplo».
789 3744 901 3794 omittunt
928 3741 996 3802 ζωῆς
1019 3737 1072 3792 καί.
1114 3743 1205 3795 ibidem
1229 3747 1329 3810 Sepeer.
1353 3741 1378 3798 sl

151 3810 213 3861 Editi
232 3820 255 3860 et
271 3809 312 3860 alii
330 3807 452 3873 Χριστῷ.
790 3803 883 3864 οὕτως.
1089 3809 1094 3828 ’

186 3881 202 3928 t.
225 3879 326 3940 Segoer.
340 3877 438 3929 Gobler.
456 3885 480 3927 et
497 3877 601 3928 delcim.
614 3878 635 3928 l.
653 3871 737 3934 τάξιν.
824 3880 839 3928 Ι.
858 3881 958 3940 sepner.
977 3879 1073 3930 Gobler.
1093 3887 1117 3928 st
1139 3879 1244 3930 Felclm.
1263 3881 1286 3930 1.
1304 3875 1378 3929 καθὰ

150 3939 337 4011 oasitanum.
373 3945 417 3994 dlii
436 3953 460 3994 et
478 3945 534 3995 editi
552 3941 657 4011 πρᾶξιν.
788 3941 957 4012 προείρηται.
975 3945 1020 3996 stu
1031 3955 1053 3996 et
1066 3946 1123 3996 editi
1131 3941 1255 4017 καθάπερ
1264 3939 1377 4018 εἴρηται.

187 4045 208 4092 ο,
227 4029 325 4094 Smer,
345 4040 369 4080 οο
392 4029 448 4092 ῃοο,
467 4021 735 4096 ξοοοοοοομοομοοοο,
825 4029 856 4063 m.
880 4015 921 4064 Sic
944 4015 1044 4076 Seguer.
1071 4014 1168 4065 Gobler.
1187 4016 1291 4066 Felcltn.
1312 4017 1333 4066 l.
1352 4016 1377 4068 4.
1474 4071 1480 4079 ,

149 4097 195 4148 utu
213 4106 237 4148 et
254 4097 310 4148 editi
328 4090 562 4164 οἰκοδομούμενοι.
791 4081 861 4160 ‘Q
901 4085 929 4131 dl
951 4082 1009 4143 Res·
1033 4073 1093 4133 ἱνόε
1117 4075 1243 4163 ἑστῶτος..
1284 4085 1329 4164 §lii
1354 4093 1379 4136 st

726 4159 734 4166 ⁶
791 4149 864 4198 aduro
889 4149 1007 4198 Commel.
1031 4145 1169 4213 συντελείᾳ
1193 4165 1242 4200 του
1267 4151 1374 4205 ordros.

186 4181 210 4231 b.
229 4181 327 4243 Segner.
341 4181 439 4232 Gcbler.
453 4181 558 4232 Felelm.
580 4180 603 4232 l.
621 4181 685 4231 etl.
704 4171 741 4238 «tc

148 4243 600 4368 distribuitllllllt
615 4250 740 4384 ,tlttl
792 4283 1262 4418 „rppgfgpssfpxffpbrptgppp·
1283 4286 1377 4402 355,ss

189 4400 204 4450 ¹·
222 4399 339 4450 Sim*
373 4401 476 4451 ΔΝΜ
495 4399 594 4465 “kmi
614 4404 739 4454 fflffldffl·
791 4421 889 4480 Segner.
909 4419 1006 4470 Goblsr.
1025 4421 1206 4472 substerni.
1226 4411 1378 4482 ἇῒλάμετὰ

187 4483 209 4530 t.
228 4483 326 4546 sepner.
345 4483 442 4538 Gcbler.
461 4485 614 4538 l'elclsmenni
633 4489 656 4538 1.
674 4495 698 4538 et
715 4487 739 4538 d.
791 4495 837 4537 etc.
871 4486 915 4536 llii
934 4495 957 4538 et
974 4487 1031 4538 editi
1049 4478 1115 4534 ἀλλὰ
1131 4481 1176 4536 καὶ
1193 4479 1263 4552 μετά
1281 4493 1325 4535 etc.

791 4217 890 4278 Sernes.
911 4215 967 4266 ibid.
984 4211 1055 4264 κατὰ
1072 4215 1167 4268 ταῦτα.
