3102 5042
1118 153 1128 186 t

477 250 622 296 nrrcrom
638 252 658 295 1.
673 253 710 296 11
726 251 922 300 semerom.
1215 255 1218 262 ·
1252 239 1310 303 721

73 413 145 478 est,
172 421 234 468 non
257 400 359 476 multi,
391 419 489 481 neque
517 420 553 464 ox
574 400 675 466 multis
696 421 791 477 rinus,
820 403 873 466 sed
905 403 988 468 solus
1016 405 1082 486 ipse
1104 406 1233 486 Spiritus
1256 416 1398 472 estesse.

76 507 158 580 Quia
181 503 262 567 enim
283 521 364 570 unus
387 511 433 564 est
453 503 562 576 Filius,
592 505 642 584 qui
665 513 695 566 et
716 506 818 595 virens
841 515 888 592 est
909 507 1054 582 Verbum,
1084 527 1172 572 unam
1194 525 1312 591 quoque

77 619 302 670 esse'uocesse
325 613 372 668 est
392 606 554 684 perfectam
576 615 606 668 et
626 605 767 686 plenam,
785 608 1015 672 sanctificantem
1038 617 1068 672 et
1089 610 1311 688 illuminantem,

76 709 229 770 virentem
253 707 317 768 eius
341 705 500 768 efficaciam
528 713 558 768 et
579 707 709 782 donum,
737 708 817 788 quod
846 727 881 772 ex
903 709 990 772 Patre
1011 711 1175 791 procedere
1196 712 1313 790 dicitur,

77 811 151 890 quis
173 829 208 872 ex
230 807 339 882 Verbo,
362 807 442 888 quod
466 827 500 870 ex
522 807 610 870 Patre
638 827 708 872 esse
737 809 925 884 conceditur,
955 813 1075 892 effulget
1098 823 1127 876 et
1148 813 1184 876 ab
1207 813 1314 876 eodem

77 912 211 976 mittitur
232 929 266 974 ac
287 910 384 972 datur.
419 908 527 970 Filium
549 909 669 990 quidem
684 929 700 972 a
716 911 803 973 Patre
818 913 894 974 mitti
910 913 1099 976 verissimum
1122 923 1178 992 est,
1201 925 1233 978 ut
1247 917 1315 996 ipse
1408 928 1413 936 '

77 1013 129 1076 his
151 1011 250 1074 verbis
273 1017 415 1074 testatur:
439 1009 594 1074 Sic-Deos
618 1011 724 1076 detecte
744 1014 906 1098 mondum,
935 1025 971 1077 ut
992 1013 1114 1090 mrum,
1131 1035 1221 1080 suom
1240 1021 1315 1082 111·-

78 1115 216 1194 percitum
236 1117 380 1176 mitteret.
424 1111 473 1174 Sic
495 1111 583 1174 etiam
604 1112 696 1176 Filius
718 1113 860 1195 Spiritum
884 1115 982 1178 mittit.
1032 1117 1071 1180 St
1090 1117 1185 1193 enim,
1206 1119 1313 1199 inquit,

80 1234 136 1298 epo
164 1213 642 1286 odr'ero,mittom1'oroctitum.
693 1215 784 1279 Filius
808 1215 944 1280 similiter
964 1218 1084 1280 Patrem
1105 1217 1247 1294 honorat,
1280 1227 1315 1284 nt

80 1317 150 1396 ipse
171 1315 226 1378 ait:
249 1311 312 1397 Epo
332 1324 361 1377 te
377 1313 555 1396 clom'ficuor'.
600 1315 728 1398 Spiritus
751 1318 823 1381 item
838 1319 944 1382 Filium
959 1319 1097 1394 honorat,
1120 1329 1153 1383 ut
1168 1321 1245 1383 idem
1260 1321 1312 1383 Fi-

80 1419 141 1480 lius
164 1415 252 1478 dixit:
281 1416 339 1479 itte
358 1435 405 1480 ms
428 1417 618 1498 clorificabit.
662 1417 754 1482 Fidius
775 1429 929 1500 praetereo
951 1421 1036 1484 dicit:
1063 1421 1149 1496 Quae
1170 1423 1315 1487 11111111

82 1519 188 1596 Putre,
212 1519 283 1582 boec
305 1518 416 1600 loquor
437 1521 469 1581 io
489 1519 613 1582 mundo.
669 1517 798 1602 Spiritus
820 1529 918 1584 autem
941 1541 977 1584 ex
998 1521 1073 1584 Filio
1095 1540 1214 1602 queque
1234 1523 1313 1586 acci-

81 1619 138 1701 pit.
183 1619 228 1682 ne
247 1639 327 1696 oceo,
356 1619 461 1699 inquit,
485 1625 611 1702 acceptet
632 1632 662 1685 et
682 1623 876 1686 annuntiabit
898 1623 994 1686 oodts.
1038 1615 1154 1687 Rursus
1175 1623 1268 1686 Filius
1283 1623 1315 1686 in

82 1722 207 1784 nornine
227 1721 324 1784 Patris
346 1721 435 1784 venit.
478 1721 521 1784 lta
543 1721 632 1785 etiam
655 1722 790 1805 Spiritus
813 1736 953 1796 11111111,
976 1723 1072 1804 inquit
1091 1725 1200 1802 Filius,
1230 1745 1316 1808 preto

84 1827 184 1889 mittet
205 1823 299 1888 Potor
326 1827 358 1884 tn
386 1825 505 1886 nornine
525 1842 601 1886 meo.

171 2027 223 2089 21.
268 2024 341 2089 cum
357 2025 446 2105 igitur
464 2025 593 2088 eundem
615 2026 751 2087 ordinem
773 2025 956 2104 eandemque
970 2035 1106 2090 naturam
1120 2028 1228 2092 hebeat
1243 2007 1315 2110 Spi-
1366 2093 1376 2108 ,

46 2145 55 2153 ·
83 2129 162 2192 ritus
184 2145 253 2207 erga
274 2125 397 2200 Filium,
421 2127 536 2206 qualem
559 2125 651 2188 Filius
674 2143 743 2204 erga
764 2125 903 2200 Putrem,
926 2145 984 2206 qua
1006 2147 1117 2207 quaeso
1139 2129 1256 2191 rationo
1277 2131 1327 2208 is,¹

86 2230 137 2309 qui
159 2227 302 2309 Spiritum
324 2235 458 2290 sanctum
480 2245 545 2288 rem
567 2233 694 2288 creatam
718 2244 787 2288 esse
809 2226 977 2302 contendit,
1010 2247 1071 2288 non
1099 2227 1178 2290 idem
1206 2247 1315 2291 neees-

87 2329 167 2392 sario
190 2330 227 2391 de
246 2327 321 2390 Filio
344 2326 476 2400 sentiet?
518 2327 593 2389 Nam
616 2325 642 2388 si
663 2325 730 2389 Filii
754 2325 884 2405 Spiritus
914 2344 964 2388 res
994 2333 1039 2388 est
1060 2337 1175 2404 creata,
1205 2347 1315 2392 conse·
1392 2349 1396 2362 ¹

86 2449 181 2512 quens
214 2436 320 2491 estut
347 2437 377 2488 et
397 2427 527 2490 Verbum
556 2427 652 2490 Patris
684 2446 747 2490 rem
775 2435 905 2489 creatum
932 2445 1000 2490 esse
1029 2429 1185 2492 fateantur.
1236 2431 1317 2494 Haec

86 2549 195 2610 nempe
223 2527 335 2607 opinati
355 2528 455 2592 Ariani
483 2529 514 2592 in
543 2527 671 2609 Caiphae
692 2527 874 2592 Iudaismum
902 2528 1016 2610 detapsi
1044 2513 1124 2594 sunt.
1169 2530 1203 2594 Si
1222 2549 1329 2612 porro

86 2632 134 2704 bi,
163 2629 213 2710 qui
235 2629 272 2690 de
294 2628 406 2710 Spiritu
428 2631 502 2692 baec
522 2629 633 2692 audent
660 2629 776 2705 dicere,
808 2629 869 2692 drii
899 2631 1076 2702 sententiam
1104 2633 1181 2695 tueri
1208 2634 1313 2709 nolint,
1323 2649 1399 2694 nero.

88 2732 152 2796 eins
175 2750 246 2811 crgo
268 2730 357 2793 verbo
378 2750 498 2812 quoque
520 2733 649 2811 fugiant,
678 2751 734 2794 nec
764 2732 845 2813 impii
869 2732 981 2794 sintin
1004 2733 1146 2813 Spiritum
1169 2743 1314 2796 sanctum.

86 2833 159 2894 Nam
182 2841 215 2894 ut
234 2831 339 2905 Filius,
361 2831 411 2911 qui
433 2833 464 2894 in
484 2819 573 2894 Patre
596 2839 653 2906 est,
675 2831 706 2894 in
728 2851 788 2913 quo
810 2833 899 2896 etiam
921 2842 969 2894 est
989 2832 1093 2908 Pater,
1115 2851 1177 2896 nou
1199 2843 1246 2897 est
1266 2851 1317 2897 res

90 2941 201 3008 creata,
230 2933 283 2995 sed
304 2932 403 2995 Patris
425 2933 609 2996 substantiae
630 2933 772 3015 proprius
795 2942 857 3009 est,
891 2933 971 3015 quod
994 2940 1023 2996 et
1042 2951 1098 2995 vos
1121 2937 1317 3010 assereretis3

90 3035 129 3096 ita
151 3025 189 3096 et'
200 3034 343 3114 Spiritum
366 3041 517 3107 sanctum,
549 3037 600 3114 qui
628 3035 659 3098 iu
680 3035 755 3098 Filio
779 3044 826 3098 est
848 3044 878 3098 et
899 3036 930 3097 io
951 3053 1011 3114 quo
1033 3035 1126 3097 Filios
1148 3043 1211 3108 est,
1239 3037 1318 3096 inter

90 3153 139 3198 res
161 3143 274 3198 creatas
296 3135 441 3200 collocare
463 3145 514 3199 aut
535 3155 551 3198 a
573 3135 670 3198 Verbo
693 3136 824 3198 dividere
850 3143 937 3214 atque
958 3137 999 3196 ita
1020 3135 1223 3214 imperfectam
1246 3133 1317 3196 Tri-

90 3237 210 3298 nitatem
238 3236 363 3299 reddere
390 3239 474 3300 netas
503 3238 625 3300 omnino
660 3237 758 3299 tuerit.
804 3235 863 3298 Sed
885 3235 958 3298 satis
981 3236 1020 3297 sit
1041 3237 1183 3299 hactenus
1207 3235 1317 3316 Tropi-

90 3357 192 3402 corum
213 3337 396 3419 impietatem
418 3359 453 3401 ex
475 3339 640 3420 ignorantia
663 3347 758 3402 ortam
781 3329 969 3417 coarguisse,
998 3355 1057 3417 quo
1084 3336 1221 3400 videlicet
1241 3337 1318 3399 Pro-
1431 3375 1433 3384 =

90 3441 195 3520 phetae
218 3449 249 3503 et
269 3439 405 3520 Apostoli
428 3441 516 3503 rerba
539 3442 764 3521 explicarentur,
791 3457 918 3520 quorum
940 3437 980 3500 illi
1004 3453 1127 3500 sensum
1150 3438 1319 3500 adulteran-

91 3553 136 3604 tes
157 3543 276 3624 seipsos
306 3542 336 3605 in
366 3560 500 3604 errorem
528 3543 717 3606 induxerunt.
762 3541 823 3604 iam
852 3559 924 3603 vcro
953 3539 1082 3601 seorsim
1114 3539 1319 3619 inspiciamus,

91 3661 235 3724 quaenam
257 3643 288 3706 iu
310 3643 416 3706 divinis
439 3643 602 3724 Scripturis
625 3644 661 3706 de
683 3643 798 3725 Spiritu
820 3650 924 3705 sancto
947 3640 1025 3703 dicta
1047 3639 1167 3715 tuerint,
1189 3659 1223 3704 ac
1242 3638 1322 3701 reiut

127 3877 150 3926 g.
174 3861 215 3912 Sic
239 3863 296 3926 Reg.
316 3862 337 3911 1.
366 3863 506 3925 Segoerion.
532 3863 630 3914 Gobier.
657 3870 681 3913 et
765 3863 789 3912 b.
809 3861 849 3912 Sic
866 3861 923 3922 dep.
943 3859 1008 3909 iret
1025 3859 1125 3920 Sepuer.
1160 3858 1322 3909 1111Ιὶ1111-

93 3931 196 3982 Fetckm.
217 3930 254 3990 1.,
279 3931 318 3994 qui
338 3941 416 3982 tomen
436 3929 534 3980 Gobier.
553 3938 577 3978 et
594 3929 679 3980 Feick-
730 3937 779 3980 torn
807 3935 831 3978 et
855 3929 925 3977 oditis
943 3933 987 3976 art.
1008 3918 1022 3973 ὃ
1041 3927 1117 3975 deest.

93 3999 174 4050 meunt
194 3989 215 4047 l'.
241 3997 346 4065 φωνεῖν
369 4012 413 4062 pro
438 3996 556 4062 φρονεῖν
584 3997 680 4046 trahent.
766 3998 782 4045 i.
801 3997 858 4057 fleg.
879 3994 901 4044 1.
920 3986 1053 4062 τροπικὴν
1070 3985 1240 4072 δυςφημίανζ
1270 3991 1324 4041 bion

93 4066 137 4116 1111
155 4080 211 4116 vero
229 4075 254 4116 et
271 4067 327 4115 editi
344 4067 381 4116 sie
404 4065 507 4114 babent:
534 4055 630 4129 οἱμὲν
646 4056 681 4110 τὰ
733 4063 790 4126 Reg.
810 4063 833 4112 1.
858 4053 1139 4124 &mendositatem
1162 4049 1224 4106 καθ’
1254 4051 1324 4106 αὐτὰ

90 4127 191 4200 Ἀρείου
208 4125 543 4213 μὲνπροςποιούμενοιμή
599 4129 680 4185 ονεῖν,
733 4122 769 4176 τὰ
786 4123 816 4178 ἐν
834 4127 895 4182 ταῖς
912 4137 957 4179 etc.
992 4127 1082 4188 dupiic.
1102 4127 1190 4190 Sept.
1208 4125 1323 4176 etOttob.

93 4196 155 4267 περὶ
172 4195 205 4252 dt
220 4199 269 4250 τοῦ
286 4195 392 4270 πατρὸς
416 4193 449 4248 τὰ
474 4191 542 4248 corde
587 4210 684 4264 γοντες
733 4191 769 4243 τὰ
793 4187 863 4244 αὐτὰ
886 4188 948 4244 καθ’
974 4187 1058 4244 ἑαυτὰ
1082 4188 1117 4244 τά
1141 4203 1185 4244 etc.
1220 4193 1282 4242 Editt
1301 4197 1325 4238 et

95 4278 141 4320 etc.
181 4271 238 4332 Reg.
257 4268 279 4320 2.
310 4285 355 4334 pro
385 4261 491 4336 πατρός
519 4269 580 4317 bene
611 4267 683 4316 babet
735 4265 807 4314 ceteri
826 4255 948 4312 αὐτὰτὰ
966 4255 1081 4316 tuscis.
1119 4257 1324 4338 Peutpposttto·

93 4329 253 4403 πνεύματος.
288 4339 379 4400 dngtic.
397 4337 455 4385 item
478 4343 503 4385 et
519 4336 577 4398 fleg.
595 4333 618 4384 2.
636 4346 682 4398 pru
703 4377 706 4388 ,
733 4331 796 4380 bier.
814 4339 838 4380 et
855 4331 1040 4394 Feicirmpnnit.
1058 4325 1261 4394 διακρινομενοι
1278 4335 1323 4385 pro

94 4398 130 4454 τὰ
147 4396 217 4454 αὐτά
235 4406 324 4456 babeat
341 4401 464 4452 τοιαῦτα.
502 4403 562 4454 ibid.
582 4403 639 4465 neg.
660 4401 683 4452 1.
734 4393 925 4465 διακρίνωμεν.
964 4397 1012 4460 [tte
1029 4399 1109 4448 serbis
1133 4389 1242 4456 δόκιμοι
1259 4401 1324 4456 τρα-

96 4481 121 4523 et
137 4473 236 4536 811111.
256 4481 280 4523 et
298 4474 361 4522 inim
379 4463 509 4537 deperires.
733 4463 840 4522 netem
857 4469 893 4518 vd.
912 4483 937 4532 p.
952 4466 1008 4516 109.
1027 4474 1076 4515 not.
1096 4459 1132 4526 e]

129 4559 259 4605 1111111111
272 4571 324 4604 err.
338 4569 412 4604 occa.
424 4569 474 4601 111.
1089 4543 1123 4595 tc
