3014 5050
483 243 629 287 srrsrons
645 245 666 287 r.
680 245 718 286 so
734 244 931 288 susurronem
1025 306 1027 312 y
1236 233 1296 295 tte

1 427 2 432 ¹
66 416 192 480 quoque
214 415 281 460 rum
303 395 416 456 Romae
437 401 616 468 versaretur,
638 394 754 457 luderis
779 394 817 456 ad
838 413 872 458 se
893 395 1081 458 uenientibus
1095 397 1220 460 fidenter
1234 397 1384 461 aie-ruo.

16 507 39 556 'L
66 503 138 564 bnt:
161 501 240 563 Bene
255 496 392 578 Spiritus
414 504 539 560 sonotus
563 495 682 558 loeutus
705 505 750 559 est
768 514 827 578 per
840 497 959 560 Sensum
978 498 1161 578 propbetom
1183 501 1222 562 od
1240 517 1300 581 pu·
1401 549 1403 558 ,

70 615 140 666 tres
163 610 293 664 nestros.
337 583 381 658 Ei
396 597 433 659 ad
455 588 645 658 Timotheum
667 596 742 659 bueo
761 595 880 660 scribit:
908 597 1046 679 Spiritus
1075 610 1175 662 autem
1201 603 1301 662 moni-

4 729 9 743 ·
38 729 42 735 ·
66 705 153 784 seste
176 701 268 788 elisit,
280 702 360 780 ,quia
387 702 421 760 in
447 701 622 760 nouissimis
653 699 840 778 temporibus
870 699 1026 774 discedent,
1042 701 1162 780 quidum
1183 719 1203 762 ο
1225 719 1302 762 sono

34 831 38 836 ’
68 805 143 886 fide,
166 801 354 864 attendentes
376 798 535 878 spiritibus
558 799 689 860 erroris.
733 797 879 887 Quooirea
902 817 968 862 oum
990 800 1118 890 Spiritus
1141 802 1249 864 dieitur
1270 801 1301 862 in

4 935 9 942 ·
37 937 50 967 ·.
68 904 173 984 aliquo
195 920 274 975 esse,
296 899 425 962 Verbum
447 898 478 960 in
500 899 568 978 ipso
590 899 665 960 dans
679 898 826 978 Spiritum
846 898 1027 978 intelligitur.
1070 903 1147 965 Hine
1161 922 1227 966 eum
1241 901 1300 964 im'-

70 1005 207 1084 plerstur
227 1001 401 1083 prophetia,
431 1019 507 1080 quae
528 987 624 1062 dioitr'
642 999 806 1084 Effundam
837 1001 872 1064 rie
893 1000 1013 1082 Spiritu
1034 1022 1097 1066 meo
1120 1023 1214 1085 super
1237 1023 1302 1068 om·
1358 1055 1364 1064 .

29 1171 32 1176 ,
69 1125 142 1168 mern
171 1121 307 1191 nornen,
334 1101 442 1164 Paulus
464 1101 519 1164 ait:
549 1099 719 1166 Secundum
741 1101 1053 1166 subministrationem
1074 1103 1210 1184 Spiritus
1232 1105 1302 1168 lesu
1419 1182 1429 1194 ι

16 1248 20 1260 ·
41 1276 47 1284 ,
74 1207 194 1270 Cbristi
212 1211 245 1270 in
266 1223 321 1268 me.
365 1203 403 1264 Et
424 1203 460 1264 ed
476 1202 646 1290 Coriptbios
662 1201 741 1265 idem
757 1202 875 1265 scribit:
898 1201 945 1265 An
960 1209 1198 1284 superimminet
1212 1225 1303 1286 quoe·

73 1312 148 1370 ritis
172 1311 244 1380 eius,
267 1308 372 1388 quiin
392 1323 438 1367 me
462 1303 599 1386 loquitur
623 1303 788 1369 Christus?
831 1303 867 1365 Sl
885 1323 978 1384 porro
1001 1304 1136 1366 Christus
1160 1313 1231 1376 erat,
1253 1303 1304 1383 qui

1 1459 28 1498 ι,
74 1408 109 1468 in
132 1411 176 1469 eo*
190 1405 376 1486 loquebatur,
399 1405 590 1466 menifestum
613 1411 669 1478 est,
693 1403 803 1466 Christi
826 1404 919 1467 luisse
941 1405 1102 1484 Spiritum,
1119 1405 1176 1485 qui
1200 1405 1230 1466 in
1253 1404 1304 1468 illo

16 1562 43 1594 Ι.
72 1508 263 1588 loquebatur.
307 1506 424 1568 Etenim
447 1525 513 1568 oum
536 1504 673 1567 Christus
696 1505 725 1566 in
748 1505 827 1588 Antis
849 1505 879 1567 in
901 1506 968 1585 ipso
991 1506 1174 1595 loqueretur,
1196 1523 1304 1568 rursus

9 1670 25 1692 y,
74 1609 128 1670 ille
150 1607 281 1672 dicebat:
314 1609 353 1672 St
381 1626 462 1671 nuno
491 1625 555 1670 eree
576 1606 720 1686 oiiigotus
750 1625 802 1686 ego
825 1605 944 1688 Spiritu
973 1610 1051 1671 vodo
1071 1612 1105 1670 in
1126 1608 1393 1680 lemeoiemrosr.

16 1693 22 1702 ⁸
72 1716 207 1792 quaein
235 1729 269 1772 eo
290 1720 423 1772 uenturo
444 1717 517 1772 suut
537 1708 613 1770 mibi
632 1711 795 1787 ignorans,
828 1711 891 1769 nisi
917 1709 996 1788 puori
1018 1707 1152 1790 Spiritus
1180 1721 1305 1772 sonorus

4 1875 17 1891 ρ,
69 1829 136 1894 per
151 1814 286 1874 ciuitates
298 1820 495 1892 protestatur
508 1810 583 1871 mibi
603 1810 712 1879 disens,
736 1811 877 1887 quoniam
899 1808 1022 1872 uinculo
1043 1822 1071 1873 et
1091 1809 1305 1880 tribulationes

71 1931 123 1974 me
139 1901 275 1976 beamur.
320 1911 405 1974 Unde
427 1929 494 1974 oum
516 1908 618 1972 Sancti
639 1908 756 1970 dieunt:
779 1907 861 1972 Boeo
877 1910 948 1972 rlioit
962 1909 1122 1983 Dominus,
1145 1929 1206 1973 non
1221 1911 1306 1974 aliter

74 2031 150 2074 saue
178 2031 264 2094 quam
292 2013 324 2074 in
352 2011 465 2092 Spiritu
492 2019 595 2072 sancto
623 2009 800 2089 loquuntur,
835 2017 864 2072 et
891 2009 923 2071 in
952 2011 1065 2090 Spiritu
1091 2012 1249 2091 loquentes
1276 2015 1307 2076 in

13 2106 25 2120 ”
76 2095 198 2176 Christo
220 2114 295 2176 baec
316 2113 418 2175 eadem
439 2111 610 2190 loquuntur.
656 2109 744 2183 Quod
767 2111 793 2170 si
813 2110 933 2188 Agabus
957 2111 988 2172 in
1009 2113 1089 2174 Antis
1111 2113 1203 2174 diost:
1227 2113 1308 2176 lineo

5 2191 36 2297 f}
76 2215 152 2278 dieii
173 2213 310 2296 Spiritus
332 2223 471 2283 souotus,
503 2229 564 2272 non
592 2210 676 2272 alitor
704 2211 775 2272 item
803 2209 1009 2288 intelligendus
1038 2189 1085 2274 esl
1107 2231 1194 2290 quam
1216 2213 1306 2292 quod,

77 2333 147 2378 oum
170 2315 326 2394 adipsum
348 2316 456 2376 lectum
480 2311 585 2374 inisset
606 2310 745 2383 Verbum,
769 2309 897 2388 Spiritus
921 2312 1098 2390 suggerebat
1119 2331 1194 2390 quae
1217 2312 1247 2374 in
1270 2331 1307 2374 eo

77 2417 269 2494 loqueretur,
298 2422 332 2475 ut
358 2422 388 2475 et
414 2431 489 2492 quae
510 2410 602 2473 Paulo
625 2410 816 2490 lerosolymis
845 2395 968 2472 uentura
995 2421 1079 2473 erant
1106 2414 1308 2477 renunciaret.

1 2502 34 2586 ῥ’·
78 2517 219 2576 Proiecto
242 2533 307 2576 oum
329 2513 458 2594 Spiritus
481 2513 572 2576 Paulo
595 2512 702 2574 iterum
725 2521 952 2592 protestaretur,
974 2513 1040 2593 ipse
1063 2513 1199 2576 Christus
1222 2515 1307 2578 imon

1 2604 23 2637 ²³
79 2615 266 2696 loquebatur,
289 2615 330 2679 ita
352 2623 385 2678 ut
406 2615 534 2696 Spiritus
555 2613 760 2676 testimoniiun
784 2614 823 2676 sit
845 2633 963 2695 qnoque
986 2615 1074 2678 Verbi
1096 2617 1308 2678 testimonium.

14 2735 17 2740 ’
81 2718 132 2780 Sio
159 2718 246 2780 etiarn
275 2735 341 2782 mm
365 2718 491 2780 Verbum
520 2717 550 2779 in
580 2725 711 2778 sunniam
733 2715 883 2796 Virginem
911 2717 1032 2778 Mariam
1060 2717 1193 2790 aduenit,
1222 2717 1310 2778 simul

5 2813 24 2846 Γ
82 2839 201 2898 quoque
223 2821 315 2883 adluit
337 2821 465 2900 Spiritus
488 2828 517 2881 et
538 2819 666 2880 Verbum
689 2817 720 2880 in
743 2817 857 2898 Spiritu
883 2818 1020 2899 sibiipsi
1043 2836 1151 2898 eorpus
1173 2816 1311 2898 formarit

12 2911 24 2947 ¹²
83 2928 114 2980 et
134 2921 253 3000 aptarit,
277 2930 461 2982 resumatur
484 2939 538 2999 per
560 2920 694 3000 seipsum
710 2917 790 2982 raet
805 2921 985 3000 coniungere
1008 2928 1037 2982 et
1060 2921 1168 2981 ollerre
1192 2905 1323 2980 omnin?

5 3139 21 3154 ,,
118 3103 141 3151 b.
160 3103 411 3168 Siclleg.1.Seguer.
431 3104 527 3156 Goblor.
547 3113 570 3154 et
589 3105 672 3156 ieter·
719 3099 784 3156 lunt.
820 3105 862 3154 titi
888 3113 911 3154 et
938 3106 994 3155 editi
1018 3106 1106 3156 babent
1124 3099 1266 3170 δεδεμένος
1282 3095 1312 3153 ἒν
1406 3139 1414 3160 ,

8 3219 14 3224 .
84 3173 165 3220 manni
185 3172 207 3221 l.
253 3171 298 3221 llil
329 3184 383 3222 sero
412 3180 435 3220 et
462 3173 517 3222 editi
537 3165 672 3256 pprirpmr.
723 3171 763 3237 τῷ
780 3164 923 3238 πνεύματι.

6 3240 16 3258 “’
85 3239 175 3290 ibidem
194 3240 250 3302 lleg.
267 3239 290 3290 2.
309 3230 340 3286 ris
357 3237 466 3306 nosipsos
483 3233 514 3286 rb
533 3253 622 3305 αγιον.
758 3257 780 3302 g.
799 3242 855 3304 lleg.
873 3241 894 3290 i.
913 3249 937 3290 et
954 3239 1092 3318 Seguntiae.
1116 3231 1313 3306 συμβησόμενά

10 3323 19 3353 r.
118 3321 139 3356 o.
163 3306 255 3370 negt.
274 3315 298 3357 et
315 3307 414 3368 Seguer.
432 3299 551 3362 πλάνοις.
722 3321 780 3374 μοι.
809 3306 958 3371 bloxlleg.2.
978 3299 1022 3354 iu
1039 3307 1133 3357 omittit.
1169 3307 1312 3371 Paulopost
1387 3369 1392 3374 ι

118 3374 141 3423 d.
160 3375 200 3425 Sir
218 3375 274 3436 ling.
294 3374 317 3424 1.
342 3375 441 3436 Segoer.
465 3377 556 3438 logiis.
575 3376 673 3426 Gobler.
725 3377 781 3438 lieg.
798 3375 820 3425 l.
839 3377 971 3438 elseguer.
990 3367 1191 3442 διεμαρτύρατο
1207 3387 1265 3440 μοι,
1286 3383 1313 3424 ut

85 3450 109 3492 et
126 3441 230 3494 Saleium.
251 3444 273 3493 l.
292 3453 315 3492 et
350 3443 430 3492 uidem
449 3452 521 3494 reete.
566 3444 610 3493 liii
630 3459 675 3494 so·
725 3453 749 3495 st
771 3443 858 3506 legitur
882 3447 905 3493 in
931 3457 976 3512 ms.
1001 3444 1084 3492 codiee
1106 3445 1231 3494 linimur.
1258 3443 1312 3494 noti

1 3558 3 3569 ,
84 3518 133 3558 tem
152 3519 174 3560 et
192 3511 249 3560 editi
267 3504 312 3558 arni
329 3525 344 3557 o
363 3505 469 3564 Παῦλος
485 3502 558 3576 ἔλεγε
574 3511 674 3578 Κοριν-
725 3512 872 3562 Testamenti
896 3512 951 3563 edit.
972 3511 1121 3561 oxoniensis.
1164 3511 1215 3560 llos
1239 3511 1311 3560 iidem

85 3571 167 3630 Sires·
204 3577 296 3630 ibidem
322 3577 417 3641 lieg.2.
437 3575 584 3645 χορηγίαν.
622 3579 673 3628 linx
725 3579 782 3642 Reg.
799 3579 820 3628 l.
839 3586 862 3629 et
880 3581 1019 3642 Seguerian.
1037 3571 1086 3626 loir
1103 3578 1206 3640 hebent,
1230 3578 1270 3628 alii
1290 3585 1314 3627 et

85 3645 157 3696 iidem
177 3643 211 3696 illi
230 3661 272 3696 ses
292 3661 349 3696 mss.
368 3647 404 3695 sio
421 3647 523 3698 babent:
543 3641 590 3696 troi
605 3640 675 3712 nqis
725 3647 781 3698 editi
800 3637 842 3696 ἄν.

85 3707 252 3777 Κορινθίους
270 3706 300 3761 δὲ
317 3705 448 3780 ἔγραφεν.
492 3715 553 3765 Editi
578 3730 634 3765 roro
653 3723 676 3764 et
760 3716 784 3765 b.
802 3715 859 3776 Reg.
874 3714 896 3764 1.
916 3713 1054 3766 Gobleriru.
1073 3722 1098 3764 et
1114 3713 1219 3764 Felelm.
1238 3713 1260 3763 l.
1279 3705 1314 3761 sie

87 3781 126 3860 plii
154 3773 200 3828 uui
222 3773 310 3858 ’πάλιν
335 3774 405 3846 πρὸς
430 3773 529 3836 αὐτοὺς
555 3774 569 3830 ὃ
595 3773 677 3834 αὐτὸς
725 3773 819 3830 αὐτοῦ.
1226 3847 1231 3858 .
1330 3840 1334 3849 Ι

1 3884 7 3968 ἶ.
86 3849 676 3982 iiiii‘tniti,litt'itttittiiili
725 3851 836 3966 sinit?
852 3847 1316 3984 iiiiii?ii'itiiii'iiutl

89 3993 156 4047 getae
182 3987 234 4036 nori
259 3983 404 4034 Testamenti
436 3985 553 4034 terrionis
583 3993 675 4035 ructor.
726 3974 809 4048 absp-
853 3983 909 4045 lieg.
927 3982 951 4033 2.
980 3976 1139 4050 ἒπιχορηγεῖ
1168 3977 1213 4032 uui
1242 3980 1318 4032 λαλεῖ

1 4084 7 4101 .
89 4054 133 4102 etti
157 4062 181 4102 et
206 4053 262 4104 erliti
288 4043 313 4100 ei
336 4044 459 4116 dereptis.
495 4053 601 4102 Graecos
620 4067 675 4103 rero
726 4042 809 4116 αὐτῷ.
853 4051 925 4103 Busil.
950 4042 1133 4116 ἆπυχορηγείν
1158 4045 1204 4100 sui
1226 4047 1316 4100 λαλεῖν
1367 4103 1371 4110 g

1 4159 2 4171 ,
90 4121 302 4172 noui'l'estameuti
321 4127 397 4168 textus
415 4111 473 4168 insi
489 4114 606 4185 δοκιμήν
623 4119 675 4170 sine
727 4111 757 4168 ir
775 4111 858 4183 αὐτῷ.
893 4120 937 4169 stit
960 4128 984 4168 et
1007 4121 1064 4168 editi
1088 4110 1317 4187 ἆποχορηγεῖοαὶ

90 4186 383 4238 uttamss.edn:01oo.
404 4187 573 4252 discrepantia.
670 4233 672 4244 ι
726 4181 817 4236 λαλεῖν
834 4179 864 4234 ἕν
881 4177 962 4251 αὐτῷ.
998 4186 1072 4236 Paulo
1096 4197 1152 4252 post
1170 4189 1226 4248 lieg'.
1247 4185 1269 4236 l.
1293 4191 1317 4234 et

122 4270 143 4305 e.
162 4255 202 4306 Sic
226 4257 283 4317 lieg.
297 4253 320 4304 ².
347 4253 446 4315 Seguer.
474 4263 498 4306 et
522 4254 676 4318 Anglimuus.
727 4257 829 4316 Segoer.
846 4248 1102 4320 διαμαρτυρομένου
1120 4253 1158 4319 uqi
1176 4246 1283 4315 Παύλῳ.

1 4359 2 4370 2
90 4324 167 4374 Ceteri
185 4330 209 4372 et
225 4323 283 4372 editi
300 4315 435 4381 (inierim.
762 4324 785 4372 i.
804 4323 844 4372 Sic
862 4321 918 4384 ling.
937 4324 958 4372 l.
983 4331 1007 4373 et
1024 4321 1122 4384 Segoor.
1148 4323 1189 4385 qni
1213 4327 1236 4370 et
1255 4318 1316 4370 inire

122 4390 140 4440 i.
158 4391 199 4440 Sin
222 4390 277 4453 llrg.
298 4389 319 4439 l.
344 4391 484 4453 Seguerisn.
512 4390 635 4451 inglioru.
653 4397 677 4442 et
728 4389 816 4439 babent
834 4383 1029 4456 συνεκῆρχετο.
1063 4389 1108 4438 etti
1130 4381 1320 4440 remittent

91 4455 194 4508 Felolm.
206 4457 229 4506 l.
263 4462 291 4508 tr
309 4457 366 4520 ileg.
379 4457 403 4509 2.
422 4457 526 4510 etbssil.
538 4449 592 4523 lysi
603 4459 676 4509 ornit-
728 4465 752 4508 et
769 4458 831 4508 iolrs
850 4450 1007 4524 συνήρχετο.
