3102 5042
297 255 323 298 s.
339 254 493 297 sraunssn
509 253 731 298 aaaamrraaarr
747 253 910 300 ariaratus
924 256 961 297 aa
978 255 1171 300 samariansu.
1277 241 1341 304 sat

115 419 255 474 matum
277 418 423 486 asparem
445 404 540 468 Deam
561 423 633 494 asra
655 424 727 497 sese.
774 405 897 487 Trapiei
918 423 1017 486 parra
1047 408 1119 469 disti
1148 411 1236 472 iidem
1257 421 1426 492 semmaa.

113 516 164 574 uti
183 527 272 590 saepe
300 525 352 570 eas
384 517 473 568 uasat
494 505 526 567 S.
550 507 749 577 Athanasius,
777 519 813 570 ut
834 525 916 570 num.
933 511 982 572 10.
1006 520 1036 571 et
1057 509 1107 572 32.
1129 514 1246 588 primae
1267 513 1341 593 Epi-

114 612 227 684 stulae,
249 610 331 692 quui
352 623 457 688 nmnpe
479 626 585 671 sarrae
607 607 786 689 scripturae
809 608 889 680 lusa,
915 609 1028 690 »quibas
1052 614 1084 671 in
1106 611 1339 676 uindicandas.

116 716 250 796 Spiritus
275 713 433 774 elisim’tate
454 709 621 772 utebantur
645 709 829 779 arrisisse,
851 710 1045 790 metaphoris
1060 721 1088 772 et
1110 716 1208 792 tropis
1231 713 1342 776 uellent

113 809 445 894 esseunserpretanap.
481 810 647 900 ‘Caeterum
673 811 706 872 lli
724 828 787 872 num
808 811 896 872 iiiam
917 813 1062 874 uidentur
1083 815 1222 894 esse'pui
1243 813 1342 876 Maus-

115 919 251 980 eluniani.
294 913 371 975 lllus
398 916 478 974 enim
506 921 586 974 reste
615 913 650 974 ae
672 911 749 973 Filia
777 917 891 973 sentire
918 929 1045 974 numeru
1063 917 1091 974 1.
1115 923 1145 975 et
1165 914 1241 978 alili
1258 915 1343 977 *inli-

116 1027 226 1088 satssr3
254 1025 286 1076 at
308 1014 521 1076 Mssaum‘ani
545 1012 688 1076 nuklant
710 1011 819 1076 Filiam
841 1013 931 1075 Patri
956 1033 1019 1076 esse
1046 1016 1341 1088 eunsnlstaats'alam,

117 1118 172 1180 tei
192 1115 318 1186 similem
334 1117 494 1184 armarat,
516 1123 552 1176 at
566 1115 665 1192 repert
683 1112 883 1177 Tlsoalarstus
900 1115 1078 1178 haereticam
1094 1116 1230 1195 fabular.
1248 1117 1298 1179 tte.
1311 1121 1341 1181 t.

115 1237 197 1281 uum
214 1223 244 1282 5.
267 1231 297 1282 et
317 1217 465 1280 ltisturiae
486 1215 715 1278 Eadeslastisae
738 1216 788 1278 lib.
805 1219 835 1278 2.
859 1233 923 1296 sap.
940 1219 970 1282 6.

200 1319 240 1412 ss.
283 1317 465 1381 Permrlata
498 1317 658 1378 admodum
682 1327 729 1379 at·
744 1329 946 1399 praepostera
975 1321 1082 1382 ardiae
1116 1329 1239 1382 castam
1271 1320 1342 1382 illae

61 1485 63 1488 .
115 1420 272 1502 Epistulae
296 1423 332 1480 ise
358 1421 445 1482 saitis
473 1428 564 1480 arura
591 1418 745 1498 Operibus
767 1418 799 1480 S.
823 1420 990 1482 Athanasii.
1034 1419 1111 1482 Nam
1139 1439 1214 1502 puae
1239 1426 1342 1502 prima
1386 1477 1390 1488 .

120 1541 182 1584 esse
203 1522 293 1591 debet,
316 1521 447 1583 sesunala
469 1529 531 1592 est;
550 1537 630 1599 ause
652 1529 760 1582 santra
782 1521 914 1582 seranda
935 1521 1018 1583 astet
1040 1540 1113 1592 esse,
1134 1528 1269 1602 primum
1286 1542 1341 1586 aa·

121 1632 209 1703 uupat
229 1621 337 1685 lusam.
383 1621 446 1682 lma
467 1635 543 1700 pars
566 1623 715 1683 maasiae
735 1621 889 1702 Epistulae
908 1627 1064 1704 posterior
1084 1626 1117 1684 in
1133 1627 1262 1688 seeundo
1283 1643 1341 1686 sm-

118 1733 178 1786 stat
202 1723 307 1796 Tama,
339 1742 405 1785 sam
430 1741 507 1802 pars
535 1723 666 1784 musaeus
690 1727 783 1803 prior
810 1727 851 1786 sit
873 1727 1024 1804 inprims
1050 1723 1147 1786 Eumu.
1193 1723 1341 1788 mantua

109 1844 190 1906 pars
210 1826 336 1888 ultime
357 1823 513 1904 Epistulae
533 1828 692 1904 posterior
713 1828 745 1887 in
762 1829 865 1904 primu
890 1823 1035 1888 uullasata
1065 1835 1110 1888 est
1134 1821 1236 1896 Tama,
1263 1844 1341 1906 pars

108 1937 215 1989 autem
233 1930 326 2008 priur
346 1929 379 1986 in
402 1926 542 1988 serundo.
587 1925 645 1987 Sei
668 1926 807 1988 Gadiaum
828 1931 1109 2007 manuscriptorum
1127 1945 1181 2006 upe
1201 1926 1340 2007 ampulas

112 2031 330 2107 improprium
352 2031 542 2089 restituimur
565 2027 716 2097 ordinem,
743 2041 841 2108 pruut
863 2031 1010 2109 seqnitur.
1056 2027 1160 2088 Prima
1180 2047 1285 2108 sempe
1306 2047 1341 2091 sa
1420 2017 1422 2022 ’

113 2137 172 2202 set,
195 2145 269 2208 puae
289 2132 397 2210 insipit
417 2123 461 2190 τὰ
481 2123 657 2210 ppappar'a
678 2127 736 2212 τῆς
758 2127 897 2210 aposta,
921 2147 1009 2209 quam
1033 2147 1098 2190 sam
1112 2118 1341 2208 nonnullisru-

113 2239 199 2292 trum
220 2241 367 2310 stuperent
389 2235 421 2291 iu
442 2234 590 2310 epitomen
612 2230 724 2310 redipi,
750 2233 837 2309 petiit
858 2229 895 2290 ab
918 2229 1084 2290 Athanasio
1107 2229 1273 2307 Serapion,
1302 2242 1340 2290 ut
1432 2255 1435 2268 ·

112 2332 147 2394 ti
168 2331 290 2410 affirm
310 2349 373 2392 nun
394 2341 590 2410 pravaretur.
635 2329 772 2410 Haecque
799 2347 891 2390 rausa
918 2330 981 2408 {uit
1008 2339 1112 2391 sanctu
1137 2329 1267 2414 Ductori
1292 2348 1339 2392 ss-

115 2432 246 2494 saeuam
268 2431 307 2491 aa
329 2431 452 2493 metm
473 2432 626 2493 semiesas·
646 2430 827 2510 Epistulam,
852 2433 937 2492 mamus
959 2434 1079 2494 initium
1101 2425 1164 2513 ἐγὼ
1185 2429 1251 2513 μὲν
1265 2427 1340 2496 ἐνό-

114 2525 213 2612 μιζον
228 2540 284 2592 ets.
326 2529 426 2593 Euius
457 2538 489 2594 in
507 2534 614 2613 priori
631 2542 722 2613 parts
742 2532 875 2595 breuiter
897 2544 1005 2595 santra
1027 2533 1159 2596 Arianos
1186 2533 1273 2597 Vsrli
1293 2535 1339 2597 sli-

88 2703 92 2710 ‚
113 2636 274 2694 orbitatem
295 2641 408 2704 tuetur,
430 2638 463 2695 iu
484 2633 584 2696 altera
604 2645 705 2698 autem
721 2631 830 2714 parta,
854 2653 943 2716 paam
965 2633 1011 2696 lis
1034 2635 1136 2698 verbis
1157 2637 1338 2698 saurelitur:

110 2732 199 2811 laura
220 2729 408 2816 θαυμάσεις
423 2746 487 2806 eto,
507 2739 639 2815 primam
654 2735 807 2799 suntralsit
821 2735 997 2816 Epistulam.
1046 2736 1167 2798 Viaensr
1182 2739 1258 2798 anim
1274 2755 1336 2798 ano

112 2842 187 2900 nina
210 2855 274 2898 aare
295 2838 435 2899 stamas
464 2855 526 2898 esse
546 2835 717 2918 Epistulas,
749 2837 801 2898 sed
828 2837 905 2898 eluas
937 2839 1087 2899 iantaaat
1114 2837 1244 2900 siusium
1265 2837 1339 2918 Epi-

115 2937 214 3000 stulae
236 2948 360 3018 partas,
394 2956 470 3018 quau
495 2938 688 3026 pustmuilum
716 2926 876 3000 distinctas
908 2937 1003 3000 ueluti
1029 2939 1182 3018 Epistulas
1211 2933 1339 3000 iliatam

118 3039 331 3102 Amanumses.
377 3039 437 3101 Nee
466 3043 543 3101 enr'rn
568 3043 769 3120 posteriorum
792 3051 913 3119 partem
939 3043 1029 3118 quasi
1056 3039 1148 3099 aliam
1169 3037 1339 3118 Epistulam

117 3141 288 3212 emortuas,
311 3142 365 3204 seel
386 3159 417 3202 se
438 3151 572 3212 sarusat,
596 3140 674 3222 paud
689 3151 824 3219 ruputas,
844 3149 881 3200 at
898 3143 1031 3218 primam
1046 3139 1080 3200 cle
1095 3139 1216 3219 Spiritu
1233 3149 1338 3201 sanata

114 3241 286 3321 Epistulam
308 3242 510 3312 suntraleret,
530 3246 621 3330 prius
637 3242 673 3302 ale
688 3239 760 3302 Filii
773 3240 927 3301 diuinitate
942 3241 1130 3301 lisseraerit.
1174 3239 1339 3304 trusam

116 3343 264 3404 secundae
285 3343 441 3423 Epistulae
462 3346 548 3405 initia
572 3362 604 3404 se
625 3347 658 3404 in
680 3361 714 3404 ea
725 3344 917 3420 praestitisse
937 3340 1041 3401 sarilit
1064 3342 1142 3422 psai
1160 3340 1339 3422 postularat
1390 3387 1400 3410 ,

115 3443 284 3524 Serapion,
312 3456 348 3505 ut
376 3444 488 3506 suiliaet
513 3449 660 3524 prs'rnpm,
689 3461 763 3522 quas
787 3441 882 3522 paula
910 3443 1015 3520 fusior
1035 3443 1209 3514 oe'aslatur,
1239 3444 1338 3506 uerbis

112 3546 314 3626 pautioribus
344 3545 435 3609 vellet
463 3541 725 3625 eumprelmisr03
755 3543 835 3625 quael
862 3561 929 3604 aum
959 3548 1085 3606 manniri
1110 3547 1144 3604 in
1168 3545 1223 3607 las
1250 3563 1339 3627 pessus

117 3647 243 3708 aalma
265 3647 398 3709 maunsla
416 3658 508 3728 parte
526 3652 725 3727 praestiterit,
749 3644 865 3707 clumam
887 3657 933 3708 ast
954 3649 1051 3726 ipsam
1074 3663 1137 3708 nun
1151 3663 1260 3708 navam
1275 3665 1339 3710 esse

117 3747 295 3828 Epistulam,
318 3749 370 3811 ssd
388 3761 511 3828 partem
532 3759 649 3810 tentam
670 3747 814 3810 sumendae
829 3747 983 3828 Epistulae
1002 3751 1215 3828 posteriorem.
1259 3747 1339 3810 Hirta

118 3853 208 3910 stiam
229 3853 262 3912 in
280 3849 435 3932 plerisque
462 3862 490 3912 et
513 3849 790 3930 praestantioribus
812 3852 1027 3927 usanaseriptis
1052 3849 1206 3910 usitatas
1229 3853 1339 3912 isaur—

117 3951 174 4013 tae
195 3950 350 4030 Epistulae
372 3955 459 4015 initia
481 3970 545 4013 eam
564 3956 681 4032 primas
704 3969 767 4012 esse
789 3954 937 4030 epitomen
958 3951 1141 4020 adnotatur,
1165 3947 1245 4030 quael
1266 3968 1422 4012 sanemus.

117 4055 187 4112 veri
208 4061 285 4112 esset
305 4052 445 4125 alienam,
470 4057 498 4114 si
515 4071 592 4132 pars
614 4057 678 4113 eius
700 4051 799 4113 altera
821 4052 962 4113 distincta
985 4063 1062 4115 esset
1083 4051 1231 4130 Epistula.

203 4151 254 4212 ΙΙΙ.
298 4151 359 4215 Nes
381 4172 455 4216 uera
478 4153 539 4216 suli
559 4153 703 4216 secundae
724 4153 830 4214 assidit
851 4151 1020 4232 Epistulae,
1051 4164 1086 4213 ut
1113 4157 1145 4215 in
1177 4154 1252 4214 draus
1275 4155 1338 4215 dis-

114 4258 304 4332 ianperetur,
328 4255 478 4316 sedidem
500 4274 613 4335 quoqne
635 4259 666 4316 in
686 4251 794 4315 ultima
816 4257 956 4332 eantr‘pit,
980 4271 1053 4334 puae
1075 4254 1210 4316 videlieet
1231 4257 1264 4313 in
1287 4269 1338 4312 su-

115 4355 233 4418 ataias
257 4355 438 4418 Gublerianu
456 4367 483 4418 st
505 4356 695 4428 Felelanaapi
712 4358 811 4434 primu
833 4359 865 4414 in
888 4355 962 4416 aras
981 4359 1102 4434 pariter
1125 4357 1339 4424 distractaest

112 4455 284 4536 Epistulas.
333 4455 442 4519 Verum
464 4461 582 4519 etiamsi
601 4455 793 4537 exploratum
815 4455 899 4517 ualuis
922 4457 1061 4518 uideatur
1082 4459 1126 4516 ita
1148 4472 1180 4514 se
1202 4469 1266 4513 rem
1282 4451 1338 4514 tu-
1404 4435 1408 4449 ’
1449 4480 1453 4498 ‹
