3212 5060
548 309 657 353 onsrro
673 309 721 352 nn·
733 309 849 353 eosrnu
864 311 999 356 unruuos.
1309 291 1374 362 515

148 465 287 539 tendant,
321 466 410 529 etiam
438 461 545 524 Filium
569 461 666 541 ipsum
695 461 816 524 nonnisi
838 461 966 542 Spiritus
978 463 1160 545 'participem
1184 465 1319 528 ellectum
1342 473 1457 527 etnam.

149 577 230 634 recte
251 568 336 634 laetis
359 565 517 633 meruisse,
540 569 573 623 ut
593 562 624 622 in
640 561 725 626 Patra
747 565 839 637 ess'el,
862 565 942 643 quod
964 573 1043 627 certe
1065 566 1110 628 vel
1133 564 1230 627 solum
1253 562 1374 646 eogitari

149 672 262 754 absque
285 685 400 734 summa
421 665 573 745 impietate
594 682 655 726 uon
676 673 787 745 potest.
831 663 978 745 Namque,
1012 675 1045 728 ut
1072 667 1181 730 dietum
1211 675 1273 740 est,
1307 668 1376 747 ipse

151 775 202 837 dat
222 772 356 852 Spiritui,
380 778 410 831 et
432 783 633 849 quaecumque
656 765 786 846 Spiritus
808 764 905 838 babet,
928 767 1000 828 baec
1021 789 1037 829 a
1058 769 1156 831 Verbo
1180 769 1277 831 babet

235 978 288 1039 25.
333 973 405 1035 dnm
428 970 517 1051 igitur
538 968 575 1030 de
597 965 685 1029 nobis
708 965 782 1028 dixit
796 966 945 1030 Salvator:
967 966 1052 1030 Sicut
1075 979 1116 1038 tu,
1141 971 1250 1045 Putar,·
1264 977 1298 1035 ia
1318 991 1390 1052 nae„

149 1090 253 1157 stepo
282 1079 316 1138 in
344 1084 386 1146 te,
419 1083 455 1135 ct
483 1081 513 1134 et
541 1075 603 1151 ipsi
626 1073 661 1131 in
689 1071 776 1133 nobis
796 1087 893 1132 acrem
921 1073 998 1139 aiut,
1029 1086 1090 1130 non
1118 1088 1175 1130 nos
1198 1071 1318 1136 eosdem
1341 1093 1378 1136 ao

153 1178 287 1259 seipsum
309 1177 374 1242 lore
396 1171 589 1253 significavit,
618 1179 651 1232 ut
680 1189 715 1232 ex
743 1169 833 1247 lonae
856 1169 990 1250 exemplo
1018 1169 1226 1250 probavimus3
1255 1173 1308 1234 sed
1330 1183 1377 1236 est

152 1277 328 1360 postulatio,
352 1293 409 1356 qua
433 1275 549 1336 Patrem
572 1280 725 1351 precatur,
748 1271 792 1332 uti
813 1271 918 1334 scribit
938 1271 1082 1341 loannes,
1104 1279 1138 1333 ut
1158 1271 1300 1352 Spiritum
1322 1293 1379 1354 per

154 1399 188 1442 se
215 1378 364 1458 impertiat
397 1372 601 1445 credentibus,
634 1390 689 1452 per
717 1391 804 1452 quern
837 1373 972 1439 videmur
993 1381 1023 1434 et
1044 1373 1075 1435 ln
1096 1373 1159 1436 [leo
1181 1391 1250 1435 esse
1272 1383 1301 1436 et
1322 1393 1378 1454 par

152 1481 282 1542 eundem
304 1480 333 1540 in
356 1477 424 1557 ipso
447 1475 597 1554 coniungi.
632 1475 707 1548 Quia
733 1474 811 1536 eninr
826 1473 954 1537 Verbum
977 1482 1023 1537 est
1041 1474 1071 1536 in
1085 1475 1182 1548 Patre,
1205 1483 1236 1537 el
1249 1476 1378 1556 Spiritus

154 1599 190 1644 ox
220 1579 318 1642 Verbo
351 1579 452 1651 datur,
486 1596 543 1638 uos
577 1576 688 1638 idcirco
717 1576 860 1656 Spiritum
888 1575 970 1657 cupit
990 1576 1138 1656 accipere,
1167 1586 1200 1639 ut
1220 1570 1287 1640 eum
1309 1595 1378 1640 eum

151 1683 369 1763 acceperimus,
402 1689 473 1742 tunc
501 1678 642 1758 Spiritum
658 1677 760 1740 'Verbi
787 1679 818 1739 ln
839 1678 927 1740 Patre
949 1675 1100 1740 existentis
1123 1677 1266 1740 babentes
1288 1679 1378 1741 etiam
1444 1667 1449 1678 ’
1477 1689 1481 1694 “

153 1801 209 1846 nos
233 1783 289 1862 ipsi
311 1801 366 1861 per
387 1781 530 1861 Spiritum
553 1797 646 1842 unum
669 1781 700 1842 in
721 1778 820 1841 Verbo
842 1789 872 1842 el
893 1797 947 1859 per
968 1777 1095 1840 Verbum
1117 1779 1148 1840 iu
1172 1779 1257 1842 Patre
1281 1779 1376 1842 effecti

151 1903 221 1946 esse
243 1884 405 1946 videamur.
450 1882 482 1944 ld
505 1891 603 1942 autem
626 1881 704 1961 quod
727 1881 768 1943 alt
788 1894 824 1945 ut
844 1899 916 1952 uos,
947 1879 1020 1942 nibil
1045 1879 1124 1942 aliud
1151 1879 1260 1943 indicat
1288 1899 1464 1962 quamnars.

153 1995 186 2048 ut
207 1985 375 2048 huiusmodi
405 1983 534 2065 Spiritus
564 1983 655 2063 gratia
678 1983 717 2044 in
732 1981 893 2062 discipulos
916 1983 1012 2044 inlusa
1036 1981 1150 2043 stabilis
1175 1994 1205 2043 et
1226 1983 1375 2047 irrevoca-

154 2085 222 2148 bilis
245 2087 395 2150 reddatur.
440 2087 568 2166 Nempe,
598 2093 742 2164 utsupra
772 2083 927 2164 explicavi,
957 2085 986 2148 id
1016 2083 1096 2164 quod
1119 2083 1215 2144 Verbo
1238 2085 1268 2146 lu
1290 2085 1378 2148 Patre

152 2192 257 2252 natura
278 2189 367 2262 ineat,
390 2189 447 2250 boc
468 2185 557 2249 nobis
579 2175 633 2266 pei·
655 2185 797 2264 Spiritum
820 2185 860 2246 ita
881 2185 942 2247 vult
963 2185 1036 2258 dari,
1060 2194 1092 2248 ut
1114 2185 1153 2246 sit
1174 2185 1378 2249 irrevocabile.

151 2289 240 2364 Quod
263 2309 330 2353 cum
352 2309 413 2352 non
437 2289 587 2368 ignoraret
608 2287 777 2366 Apostolus,
800 2287 856 2346 ait:
883 2286 960 2358 Quis
975 2288 1202 2368 uos-seporobit
1217 2307 1235 2348 o
1251 2293 1379 2350 caritate

153 2390 294 2455 caron?
331 2391 408 2452 Nom
440 2391 499 2452 Dei
530 2391 609 2451 donc
639 2399 668 2450 et
697 2390 799 2467 pretio
830 2389 996 2448 vocationis
1029 2388 1265 2452 *irrevocabilia
1297 2401 1379 2454 scat.

86 2491 91 2500 '
152 2493 256 2572 ltaque
278 2490 407 2570 Spiritus
430 2499 486 2562 est,
509 2489 557 2569 qul
581 2490 611 2550 in
626 2488 688 2550 Deo
712 2488 820 2561 existit,
843 2506 904 2548 non
927 2496 1025 2550 autem
1047 2505 1104 2549 nos
1126 2489 1287 2551 secundum
1309 2509 1379 2554 nos.

153 2593 239 2656 Unde
262 2591 509 2673 quemadmodum
532 2590 584 2652 lilii
607 2599 636 2652 et
657 2591 697 2652 dii
720 2590 863 2652 efficimur
886 2589 924 2651 ob
951 2587 1096 2664 Verbum,
1129 2591 1209 2670 quod
1237 2591 1378 2654 innubis

153 2695 316 2766 babemus,
349 2694 389 2755 ila
418 2693 447 2754 in
477 2691 551 2754 l'illo
580 2700 610 2753 et
631 2691 660 2753 in
683 2693 769 2754 Patre
792 2693 903 2754 erimus
926 2709 1077 2772 unumque
1099 2693 1128 2753 in
1151 2693 1258 2755 iisdem
1281 2695 1379 2758 elleoti

152 2817 222 2861 esse
246 2797 488 2869 existimabimur,
510 2802 668 2875 propterea
691 2795 824 2874 quadiu
845 2794 934 2856 nobis
953 2793 993 2855 sit
1007 2794 1146 2873 Spiritus,
1169 2795 1263 2875 quiin
1279 2794 1377 2856 Verbo

154 2907 218 2970 est,
253 2900 332 2977 quod
365 2899 463 2978 ipsum
493 2895 620 2958 Verbum
649 2904 696 2956 est
724 2896 754 2955 ln
784 2895 879 2957 Patre.
925 2895 1069 2969 Quocirca
1092 2915 1156 2957 curn
1179 2897 1283 2976 aliquis
1304 2897 1384 2958 vitio-

157 2997 257 3076 aliquo
279 2997 430 3075 aSpirltu
452 2997 607 3068 deiecerit,
631 2996 679 3056 illa
701 2995 819 3075 quidem
843 2997 935 3075 gralia
957 2997 1033 3077 apud
1057 3014 1125 3070 eos,
1149 2997 1198 3076 qui
1219 2997 1388 3068 voluerint,

159 3097 361 3160 irrevocabilis
382 3105 553 3177 permanet,
583 3097 608 3157 si
630 3097 721 3157 modo
745 3097 827 3176 ipsos
850 3105 1008 3178 postquam
1030 3097 1189 3160 ceciderint
1210 3095 1388 3176 poeniteal3.

153 3208 359 3262 verumtamen
382 3198 431 3261 ille
454 3198 503 3278 qui
527 3198 640 3266 cecidit,
663 3216 723 3259 nou
746 3198 872 3277 amplius
889 3199 918 3259 iu
935 3199 996 3260 lieo
1018 3209 1074 3273 est,
1098 3219 1133 3260 eo
1154 3198 1234 3279 quod
1255 3206 1375 3260 sanctus

157 3308 187 3362 et
208 3300 373 3379 paracletus
397 3301 542 3381 Spiritus,
564 3299 614 3380 qui
637 3301 666 3362 in
689 3301 750 3362 lleo
774 3310 834 3374 est,
851 3301 894 3396 pb
917 3303 982 3380 ipso
1004 3301 1172 3372 recesserit,
1194 3301 1246 3362 sed
1269 3300 1376 3363 buius·-

156 3401 237 3464 modi
259 3413 397 3481 peccator
419 3401 448 3464 in
472 3401 523 3463 illo
546 3403 617 3474 erit,
648 3401 694 3463 cui
718 3421 785 3464 sese
809 3402 871 3482 ipse
901 3401 1040 3476 subiecit,
1071 3402 1149 3482 quod
1172 3401 1273 3483 utique
1296 3403 1389 3465 Sauli·

153 3503 263 3576 evenit,
286 3521 302 3564 a
325 3523 383 3583 quo
406 3503 544 3566 nimirum
566 3503 706 3566 discessit
726 3504 779 3566 Dei
801 3503 946 3583 Spiritum
968 3521 1111 3585 quemque
1132 3505 1227 3567 malus
1251 3505 1378 3585 spiritus

224 3721 240 3754 *
259 3725 292 3774 lta
311 3725 438 3776 commode
457 3727 578 3776 verrimus.
615 3727 712 3790 Vulgata
731 3727 816 3776 babel:
840 3729 895 3778 Sine
910 3728 1051 3792 poenitentia
1068 3727 1128 3774 enlm
1144 3733 1197 3776 aaut
1216 3728 1277 3778 douo
1295 3733 1318 3776 ct
1334 3745 1375 3780 oo·

153 3795 217 3844 callo
237 3794 285 3855 liei,
306 3793 329 3842 id
348 3801 385 3842 est
402 3793 520 3842 eiusmodi
540 3801 610 3853 suut,
629 3804 654 3843 ut
673 3795 748 3844 lleum
767 3809 815 3844 uon
833 3797 955 3858 poenitent
973 3794 1013 3842 llls
1031 3793 1143 3854 dedisse,
1162 3809 1206 3844 uec
1224 3808 1252 3844 ea
1269 3804 1373 3856 revocet,

154 3861 222 3926 qaod
241 3861 303 3910 idem
322 3860 421 3910 omnino
440 3869 484 3908 est.
1368 3861 1372 3870 ’

145 3983 230 4060 ¹paula
250 4003 304 4060 post
323 4002 345 4044 et
364 3995 518 4057 altcrllagius
537 3986 552 4054 ἢ
571 3985 616 4042 ἵνα
634 3986 648 4052 ἢ
667 4007 742 4058 ywa-
793 3995 862 4044 editis
880 3995 966 4045 desunt
984 3995 1053 4044 verba
1070 3989 1100 4044 ἐν
1116 3988 1166 4062 olql
1182 3990 1269 4046 salto
1281 3995 1375 4067 πατρῖ.

151 4059 233 4130 μένε.
268 4064 293 4112 lu
313 4052 612 4120 aliiseteditlsdeestri·
651 4062 741 4111 lbidsm
792 4063 842 4110 llor
862 4063 950 4122 lieet.
969 4062 1066 4123 Sequar.
1086 4065 1373 4122 Gobler.,etlelclrm.l.

157 4131 229 4180 llasil.
249 4131 394 4180 unselein.
413 4131 436 4180 b.
455 4125 596 4196 γενομένη.
791 4117 860 4178 εἶναι
882 4127 995 4194 πνεῦμα.
1031 4130 1101 4180 basil.
1125 4133 1214 4194 anglie
1234 4135 1290 4196 lieq.
1309 4135 1331 4186 l.
1351 4147 1375 4188 et

192 4201 207 4248 l.
227 4199 299 4249 llasll.
319 4199 357 4249 blc
374 4207 398 4249 et
415 4213 469 4249 mcx
487 4189 682 4266 ἂμεταβλῆτωε.
791 4197 895 4247 Felclm.
914 4197 938 4246 b.
962 4185 1031 4245 sirm
1055 4191 1084 4245 td
1102 4197 1215 4266 πνεῦμα.
1253 4204 1331 4254 Celeri
1351 4214 1374 4254 et

191 4281 213 4329 q.
232 4267 272 4317 Sic
290 4268 345 4329 lleg.
357 4268 379 4316 l.
398 4269 495 4330 Sequor.
515 4269 611 4319 Gobler.
624 4275 647 4316 et
657 4265 740 4316 Felelr-
791 4265 848 4315 editi
861 4253 930 4312 cim
946 4259 991 4312 acl
1006 4264 1121 4332 πνεῦμα.

151 4335 280 4385 mannil.
314 4336 343 4384 lt
366 4335 405 4384 alli
430 4346 453 4386 et
476 4337 548 4386 editio
573 4329 740 4386 commatri

155 4395 213 4470 γὰρ
229 4395 336 4520 unifica}
353 4395 418 4453 ἔστι.

192 4473 216 4518 b.
234 4471 274 4520 Sic
311 4485 348 4531 eg.
359 4469 381 4519 l.
399 4473 496 4533 Segner.
516 4471 611 4522 Gobler.
626 4469 742 4520 scrutet-

157 4539 239 4586 manal
259 4538 281 4587 l.
300 4545 326 4588 ut
342 4545 365 4586 al
383 4538 439 4600 legit
456 4539 568 4590 baculus.
604 4539 631 4586 lu
649 4537 702 4586 aliis
720 4545 744 4587 et
827 4535 850 4586 l.
869 4535 924 4597 lleg.
943 4534 965 4584 l.
983 4535 1122 4595 assequar.
1140 4525 1193 4582 ἀλλ’
1213 4527 1313 4602 ἐκείνῳ,

1118 4615 1172 4665 ³³·

827 4367 842 4416 l.
862 4367 917 4482 liei.
936 4366 957 4416 l.
974 4374 998 4418 et
1015 4367 1113 4430 Sequor.
1131 4363 1258 4436 διαμένει.
1287 4370 1331 4418 llll
1349 4335 1392 4419 et⁴

794 4435 850 4484 editi
867 4447 949 4498 proc.
