3216 5048
561 273 671 316 omaro
686 273 707 317 t.
722 272 839 317 conrna
849 219 987 317 imrnos.
1314 257 1378 322 illd

153 428 319 494 stinctiouis
342 443 431 489 causa
452 421 628 486 vocabulum
645 427 859 504 praeatantior
879 422 1033 505 nsurpmit
1053 419 1237 504 Apostolus,
1259 428 1466 501 proptereat.

154 531 314 594 discrimen
335 526 487 600 videlicet,
521 522 603 604 quod
629 523 707 586 iuter
733 534 868 588 naturam
889 523 955 586 Filii
983 531 1015 586 et
1041 531 1176 588 naturam
1203 520 1385 603 Angelorum

154 631 319 708 intercedit.
363 628 440 691 lliuc
461 627 526 708 ipso
536 625 698 706 Apostolus
718 645 821 690 rocem
844 625 923 688 illam
942 631 1158 708 praestantior
1179 625 1328 707 explicans
1344 623 1385 698 id,

154 735 232 814 mrod
252 736 288 796 od
309 729 502 810 significatur,
522 747 584 790 non
606 727 660 788 alia
683 728 720 788 de
741 747 775 789 re
797 727 951 807 intelligit,
975 747 1062 808 quam
1085 729 1122 790 dc
1143 727 1209 790 rilii
1233 735 1264 789 et
1284 743 1385 788 rerum

154 836 296 896 laetarum
318 829 497 892 differentia.
539 829 615 892 Nam
644 829 723 890 bunc
752 829 872 908 quidem
900 827 992 890 lilium
1020 829 1161 910 appellat,
1190 829 1258 890 illos
1287 838 1386 892 autem

155 951 269 996 corros.
313 927 391 994 liinc
415 931 464 992 ille
491 939 525 993 ut
551 929 629 992 lilius
652 947 719 992 cum
740 929 829 992 Patre
851 930 887 992 ad
909 929 1059 992 dextoram
1080 930 1182 1004 sedet,
1209 930 1260 992 isti
1288 939 1386 994 autom

158 1042 247 1108 stant,
268 1032 426 1095 mittuntur
449 1051 483 1096 ao
503 1032 684 1094 ministrant

242 1137 294 1200 56.
340 1133 423 1208 Quae
445 1153 511 1196 oum
533 1133 574 1196 ita
596 1133 706 1214 scripta
728 1135 807 1208 slot,
830 1153 848 1196 o
870 1133 988 1210 Ariani,
1012 1151 1045 1196 ca
1068 1151 1140 1195 sane
1163 1151 1224 1195 non
1245 1133 1384 1212 iudicant,

157 1237 262 1300 Filium
285 1255 357 1299 esse
376 1237 494 1312 lactum,
518 1237 571 1298 sed
593 1236 693 1317 potius
716 1236 806 1298 alium
822 1253 921 1298 ossea
943 1235 1035 1300 rebus
1059 1233 1155 1310 lactis,
1177 1235 1386 1318 propriumque

156 1337 252 1401 Patris
275 1346 305 1402 et
324 1339 357 1400 in
378 1339 443 1402 cius
466 1337 535 1400 sinu
557 1357 636 1400 esse.
681 1337 756 1400 llam
777 1337 857 1418 quod
880 1338 929 1400 hic
951 1337 1092 1400 scribitur
1112 1339 1232 1418 sactus,
1255 1355 1317 1399 noo
1339 1338 1386 1398 id-

156 1438 237 1502 oirco
259 1441 367 1502 lactum
389 1459 459 1502 rere
480 1439 765 1520 Filium·siguilloat,
789 1440 832 1502 uti
854 1457 909 1502 ros
930 1441 1053 1520 putatis.
1097 1439 1213 1501 Etenim
1232 1439 1258 1502 si
1275 1447 1388 1502 tontum

156 1539 416 1636 dixissetjactna,
440 1541 578 1622 aliudque
600 1541 674 1603 nihil
696 1540 868 1616 addidisset,
891 1539 960 1603 iude
983 1540 1078 1622 aliqua
1090 1541 1206 1604 Arianis
1229 1541 1388 1604 essetliti·

155 1643 243 1723 gandi
267 1643 396 1705 occasio.
440 1644 549 1704 Verum
572 1660 639 1704 cum
662 1651 747 1704 antea
769 1641 875 1705 Filium
897 1643 1111 1718 nominaverit,
1141 1661 1268 1722 eumque
1298 1643 1386 1706 alium

155 1762 223 1808 esse
244 1763 260 1806 a
282 1743 374 1807 rebus
397 1745 482 1806 lactis
505 1753 599 1806 totum
622 1762 677 1824 per
696 1751 865 1807 contextum
882 1746 1057 1819 ostenderit,
1080 1763 1141 1806 uon
1165 1745 1299 1807 absolute
1314 1763 1387 1808 voce

93 1907 94 1912 ,
156 1847 259 1926 [aetna
280 1865 354 1908 usus
377 1853 431 1920 est,
454 1845 507 1908 sed
529 1844 705 1908 vocabulum
724 1849 939 1927 praestantior
961 1865 1026 1907 cum
1047 1864 1120 1907 voce
1140 1846 1242 1926 sactae
1258 1845 1385 1910 coniun-

156 1948 216 2022 xit3
239 1947 348 2028 quippe
369 1948 420 2028 qui
442 1966 507 2010 eam
529 1948 690 2009 dictionem
705 1946 923 2008 indifferentem
938 1943 1130 2010 existimaret.
1160 1945 1278 2010 Scilicet
1292 1947 1387 2029 probe

158 2045 348 2127 intelligebat,
370 2049 425 2111 hac
446 2067 520 2112 voce
541 2052 644 2130 [octar
667 2049 704 2110 de
723 2067 760 2111 eo
775 2049 861 2122 dicta,
885 2067 971 2129 quem
987 2067 1090 2111 verum
1107 2067 1175 2110 esse
1190 2049 1295 2110 Filium
1311 2069 1377 2110 cou-

157 2148 263 2222 stabat,
286 2150 359 2213 nihil
382 2151 459 2213 aliud
483 2152 532 2214 lric
552 2151 722 2232 significari,
745 2169 832 2231 quam
848 2169 915 2212 eum
930 2151 1038 2213 lactum
1061 2135 1156 2212 luisse
1171 2159 1201 2210 et
1215 2165 1283 2210 esse
1297 2167 1386 2228 praa-

156 2252 343 2330 slantiorem.
386 2253 465 2314 Nihil
488 2253 566 2314 enim
589 2253 697 2326 refert,
729 2253 754 2314 si
783 2253 849 2332 quis
871 2253 908 2314 de
930 2271 963 2314 re
985 2253 1083 2333 genita
1111 2251 1259 2312 interdum
1283 2247 1390 2310 dixerit

156 2353 234 2416 facta
255 2361 304 2415 est
325 2352 371 2414 rel
394 2353 498 2414 edecta
520 2361 576 2414 est.
619 2352 657 2414 nt
678 2371 727 2415 res
748 2353 858 2425 sactae,
889 2371 955 2415 cum
979 2353 1040 2414 sint
1061 2369 1170 2431 opera,
1192 2350 1308 2430 genitae
1331 2351 1389 2412 dici

158 2469 220 2514 oon
244 2461 371 2532 queunt,
401 2453 460 2514 nisi
489 2454 566 2514 torta
593 2453 772 2533 geniti·Filii
801 2455 962 2535 participes
989 2461 1095 2533 postea
1124 2453 1246 2514 effectae
1274 2451 1390 2532 genitae

159 2570 280 2632 quoquc
302 2555 332 2614 'et
351 2553 433 2634 ipsae
454 2553 599 2630 dicautur,
623 2574 683 2617 nou
706 2557 825 2636 quidem
845 2556 996 2636 propriam
1020 2555 1059 2618 ob
1082 2564 1226 2630 naturam,
1250 2555 1303 2618 sed
1322 2553 1390 2635 quia

155 2653 224 2716 Filii
251 2655 346 2718 iactae
373 2655 434 2718 sint
460 2657 491 2718 iu
513 2657 625 2737 Spiritu
653 2659 823 2738 participes.
868 2659 929 2720 Nec
957 2678 1029 2721 vero
1058 2658 1086 2719 id
1115 2657 1261 2739 ignorarit
1292 2656 1472 2718 divinarem.

155 2755 326 2837 Scriptura,
354 2763 429 2838 qu'oo
451 2758 488 2820 de
511 2759 601 2821 robus
624 2759 709 2820 lactis
732 2760 789 2821 ait:
821 2759 928 2822 Omnia
947 2779 1007 2842 per
1027 2763 1127 2840 r'pamn
1148 2759 1233 2838 sacta
1255 2766 1337 2831 sant,
1361 2768 1391 2822 et

156 2861 224 2918 aine
244 2861 310 2935 ipro
332 2859 457 2936 sactum·
472 2869 517 2921 eat
538 2859 625 2932 nihil,
649 2867 693 2920 et:
719 2861 826 2921 Omnia
846 2865 880 2922 r'n
903 2865 1052 2941 sapientia
1073 2861 1182 2938 serini.
1217 2859 1261 2920 lle
1281 2857 1390 2938 genitis

158 2963 257 3018 numm
280 2957 350 3018 liliis
372 2958 418 3019 sio
437 2959 585 3038 loquitur:
609 2959 696 3020 Facti
716 2971 790 3022 sant
812 2959 864 3022 lod
887 2961 947 3040 filit·
966 2971 1079 3039 septen
1101 2973 1130 3023 et
1150 2961 1232 3040 filiae
1248 2970 1322 3029 tres,
1344 2967 1390 3019 et:

160 3055 315 3118 Adrolrarn
337 3075 410 3119 oero
434 3069 551 3121 centnm
573 3077 725 3120 annorum
748 3069 831 3130 erat,
862 3079 929 3122 carn
949 3060 1052 3137 [octos
1075 3069 1121 3120 est
1143 3062 1172 3119 er·
1198 3057 1285 3118 lsoac
1307 3059 1391 3138 filino

160 3161 236 3220 nite.
280 3157 398 3236 Moyses
420 3176 539 3240 quoque
561 3159 649 3222 dixit:
672 3159 709 3222 Sr'
728 3160 823 3223 alicui
841 3161 903 3241 filii
921 3162 1000 3240 sacti
1018 3162 1147 3240 [amnt.
1193 3157 1225 3219 si
1248 3175 1317 3236 ergo
1339 3157 1392 3219 rt-

159 3258 218 3320 lius
240 3257 315 3322 alios
339 3268 386 3322 est
408 3279 425 3322 a
447 3259 539 3322 rebus
561 3261 657 3336 lactis,
680 3261 822 3342 solusque
837 3261 977 3342 proprius
994 3269 1041 3324 est
1054 3267 1177 3324 naturae
1192 3259 1289 3322 Patris
1303 3261 1393 3334 letus,

160 3362 269 3424 nostra
296 3358 397 3423 Ariani
423 3360 597 3441 disputandi
624 3362 813 3425 occasionem
847 3381 883 3424 ex
915 3361 1057 3426 vocabulo
1091 3364 1194 3441 sactae
1227 3361 1391 3440 arripuere.

159 3462 233 3524 Nam
255 3462 281 3524 si
303 3460 353 3526 hic
372 3463 455 3528 lraati
477 3464 593 3545 pudore
613 3465 721 3528 iterum
745 3463 934 3540 contendant,
957 3464 1006 3526 illa
1027 3463 1115 3526 rerlra
1131 3471 1299 3544 comparate
1313 3463 1392 3526 dicta

195 3630 217 3679 p.
243 3617 301 3679 fleg.
326 3625 349 3667 at
366 3617 467 3681 Seguer.
494 3616 534 3683 roi
556 3617 749 3684 γεγεννῆσθαι.
803 3609 888 3668 αὐτοῦ
910 3613 1043 3683 λέγονται.
1079 3615 1173 3696 duplic
1198 3613 1249 3664 rori
1276 3613 1392 3682 ycrprod

159 3683 213 3734 llos
231 3683 304 3734 lircil.
322 3693 348 3734 et
363 3686 469 3736 l'eleim.
485 3686 509 3736 d.
527 3679 667 3751 γεννητόν.
705 3687 750 3738 llil
801 3680 862 3736 otor
879 3683 1064 3752 γεγεννῆσθαι
1086 3699 1132 3734 και
1155 3677 1240 3734 αὐτοῦ
1257 3681 1391 3749 λέγονται.

160 3759 185 3802 et
202 3751 259 3802 editi
276 3746 399 3817 γενητόν.
802 3755 864 3806 uuiti
883 3771 938 3806 voro
957 3763 980 3805 et
998 3755 1039 3808 aut
1055 3745 1230 3820 μετασχόντα
1253 3751 1302 3802 τοῦ
1319 3747 1393 3832 72⁹5,

161 3851 218 3972 ot
235 3849 752 3986 {terrormultantur
802 3881 1046 3955 u
1060 3819 1394 3940 '‘indidim-

160 3985 267 4038 l’ololm.
283 3989 307 4038 S.
336 3981 566 4067 dppaoapyripaae
590 3981 658 4038 ὄντα
680 3985 752 4056 λέγε.
800 3957 1094 4078 γθῖῐῦξχιωέηᾶοιοᾟ
1113 4018 1167 4072 τί·

161 4053 752 4120 arnoyme«,p„15„ss„1„‚„p,1,p.
837 4063 859 4144 Ι·
898 4042 952 4076 ³⁸¹·
982 4021 1056 4142 'bsai
1095 4038 1199 4142 “itt
1251 4092 1262 4141 ¹
1294 4065 1349 4144 -dd

161 4124 261 4174 moml.
279 4125 443 4176 habentitem
462 4115 681 4190 ὄνταλέγεσθαι.
707 4127 751 4176 llll
838 4131 854 4174 .·
878 4095 936 4174 ⁸⁸⁸:
959 4095 1002 4172 ⁶⁰,
1023 4108 1057 4170 ⁸¹:
1081 4099 1105 4142 ²¹
1147 4107 1184 4144 ⁸⁰
1202 4107 1232 4170 ¹¹¹:
1267 4107 1317 4208 '1⁸‘
1353 4099 1395 4170 ΜΞ

161 4198 185 4241 ot
202 4191 277 4241 editio
295 4191 413 4244 commui,
435 4185 665 4309 dywppffipm
682 4181 753 4243 ,tm
801 4173 848 4210 καί
860 4175 952 4228 χωρίς
970 4171 1054 4210 αυτου
1071 4151 1178 4225 ἐγένετο
1197 4153 1260 4208 ουδὲ
1290 4173 1313 4208 ν.
1348 4159 1394 4209 Ain

160 4251 207 4307 wi
224 4253 353 4324 λέγέῦθαῑ
369 4273 452 4326 Wlf
803 4237 988 4360 οωιιῃιξῃὲῒμρι,
1006 4295 1064 4345 τῶν
1079 4293 1221 4362 γεννητῶν
1237 4285 1313 4342 υἱῶν.
1348 4277 1395 4342 Alii

194 4359 211 4410 i,
235 4360 277 4410 Sic
295 4361 353 4424 lica.
371 4369 396 4413 et
410 4363 510 4425 Segocr.
546 4363 594 4414 Sed
613 4365 637 4414 iu
650 4365 750 4430 Seguer.
801 4362 859 4413 coir
876 4355 944 4413 υἱῶν
961 4363 1020 4414 τῶν
1035 4363 1177 4430 γεννητῶν
1194 4367 1290 4426 preater
1309 4358 1394 4409 Felel·

161 4441 206 4490 pro
225 4418 295 4476 aicit
307 4427 394 4492 legitor
403 4421 490 4482 αὐτοί.
508 4431 606 4482 Goblar.
613 4431 750 4482 retorna.
802 4445 865 4482 mon.
879 4429 912 4492 2,
931 4433 972 4498 qni
991 4433 1091 4498 utedlti
1111 4431 1183 4480 habet
1199 4425 1329 4494 γενητῶν.

162 4501 185 4546 et
202 4495 227 4547 5.
245 4493 296 4546 τοῦ
312 4495 445 4561 γεννητοῦ
454 4491 515 4549 olori
526 4496 695 4565 persicam
705 4491 753 4547 nal
835 4512 860 4548 u.
878 4497 983 4550 lelckra.
994 4499 1017 4550 5.
1035 4495 1182 4564 parentele.
