3220 5046
7 4563 10 4648 i

551 241 660 320 cunno
676 275 697 320 ι.
713 275 835 325 conrru
847 275 984 320 mnnos.
1318 267 1378 328 17¹1

150 433 233 516 impii
254 439 325 496 sunt
345 428 491 502 habundi,
523 426 603 506 quod
632 434 766 508 tempora
794 426 962 507 significent
989 426 1176 492 stitutionis
1209 427 1273 494 sire
1293 430 1465 496 Verbinur.

150 545 301 620 expertem
321 529 565 614 audeanrjoeum
586 529 684 607 ipsum
706 529 827 609 tingere.
944 513 948 521 ’

237 642 287 704 15.
332 631 422 708 Quod
444 632 471 693 si
491 629 558 692 Filii
580 648 690 692 nomen
711 639 740 692 et
763 631 820 711 ipsi
842 631 1019 706 admittunt,
1041 651 1078 696 nc
1099 635 1197 716 palam
1219 633 1256 698 ab
1279 634 1382 700 omni-

148 740 205 804 bus
224 737 494 806 condemnentur,
517 729 571 792 sed
605 737 703 794 temen
730 750 800 792 eum
826 733 979 812 proprium
1009 743 1130 800 naturae
1156 735 1254 800 Patris
1284 738 1379 802 ictum

151 860 218 904 esse
240 836 419 908 inficiantur,
440 831 527 914 qnasi
550 831 664 894 scilicet
685 831 797 910 absque
819 831 947 911 partium
969 841 999 894 et
1012 833 1191 900 divisionum
1205 837 1379 922 suspicione

138 939 271 1004 'idtieri
291 955 353 998 non
374 943 478 1016 queat;
500 951 574 996 sane
596 951 665 996 eum
679 939 790 1012 negant
803 932 1008 1006 nibilominus,
1031 937 1138 1016 quippe
1157 940 1206 1018 qui
1222 941 1305 1007 upum
1317 957 1381 1004 „011

153 1058 257 1103 rerum
279 1029 333 1100 sed
354 1035 420 1100 solo
441 1035 564 1098 nomine
585 1035 691 1098 Filium
715 1052 784 1096 esse
805 1031 906 1096 velint.
951 1033 1087 1096 Ceterum
1113 1056 1151 1098 au
1171 1057 1232 1102 uon
1253 1043 1382 1122 graviter

154 1147 271 1215 emant,
300 1138 350 1220 (pri
373 1139 478 1214 eodem
499 1137 589 1200 modo
613 1136 650 1199 de
671 1155 704 1198 re
727 1154 788 1198 uon
811 1154 956 1217 corporea
976 1155 1012 1200 ac
1032 1136 1069 1199 de
1091 1155 1236 1217 corporea
1256 1143 1379 1206 ratioci-

151 1252 278 1314 noutur,
308 1241 419 1321 qouque
440 1239 478 1301 ob
500 1239 639 1320 propriae
661 1245 784 1300 naturae
805 1237 1052 1312 imbecillitatem,
1076 1237 1157 1318 quod
1177 1239 1332 1320 proprium
1352 1252 1384 1306 et

150 1342 284 1406 noturaie
306 1348 355 1404 cst
373 1340 480 1412 Patris,
503 1340 566 1402 oon'
587 1322 882 1419 verentur'negere?
923 1339 1062 1404 Proiecto
1086 1339 1113 1402 si
1134 1340 1174 1404 itn
1195 1348 1252 1416 est,
1275 1359 1383 1422 super·
1423 1323 1427 1330 ’
1488 1413 1498 1424 .

152 1453 209 1518 cst,
233 1452 353 1506 utrum
375 1441 497 1504 minime
519 1439 693 1522 intelligant,
716 1441 867 1521 quomodo
890 1439 931 1502 sit
944 1440 1024 1502 Deus
1046 1441 1209 1524 vel-qualis
1230 1441 1272 1504 sit
1284 1441 1385 1517 Pater,

151 1546 281 1610 eundem
301 1563 418 1624 quoque
439 1543 526 1622 piane
548 1551 674 1622 negent,
704 1540 941 1622 quandoquidem
968 1543 1060 1605 tetum
1083 1542 1180 1604 Patris
1203 1543 1326 1606 nonnisi
1347 1561 1384 1608 ex

151 1646 258 1726 seipsis
279 1644 376 1710 insani
399 1644 572 1707 metiuntur.
615 1643 724 1705 Verum
746 1643 814 1718 illos
837 1643 876 1704 ita
899 1643 1023 1705 abemus
1043 1643 1291 1724 arbitrantesque
1313 1663 1383 1708 csso

151 1765 212 1810 uon
234 1765 324 1827 posse
346 1747 400 1809 Dei
421 1746 539 1820 Filium,
562 1745 700 1808 miserari
724 1761 849 1824 aequm
873 1744 946 1806 mibi
967 1743 1099 1818 videtur3
1124 1745 1200 1808 baud
1219 1753 1330 1830 tomen
1344 1745 1382 1810 ob

151 1868 184 1912 re
205 1838 295 1912 fuerit
314 1849 383 1910 illos
405 1848 590 1926 interrogare
612 1855 642 1908 et
664 1847 850 1918 convincere,
873 1845 899 1906 si
915 1846 993 1908 torte
1007 1845 1053 1908 rel
1073 1845 1132 1907 hoc
1151 1856 1239 1925 pacto
1253 1845 1290 1910 ud
1306 1865 1380 1918 sen·

152 1969 218 2012 sum
241 1959 272 2013 et
292 1939 436 2012 rationem
459 1956 569 2028 queant
588 1947 732 2019 revocari.
777 1946 809 2008 Si
832 1945 996 2010 seeundum
1018 1964 1071 2008 ros
1093 1945 1184 2011 Filius
1207 1955 1256 2012 est
1277 1967 1314 2010 ex
1327 1949 1467 2016 ni·r.no.

151 2052 211 2116 biio
233 2071 289 2116 nec
308 2052 364 2114 suit
384 2059 541 2137 antequam
569 2055 741 2122 natusest,
772 2063 897 2126 prorsus
925 2047 1074 2128 sequitur,
1106 2055 1139 2110 ut
1165 2049 1233 2128 ipse
1260 2067 1381 2130 quoque

151 2153 271 2216 nonnisi
293 2151 519 2233 participatione
540 2150 643 2224 nnius,
665 2149 754 2212 Deus·
767 2157 797 2210 et
818 2149 968 2229 Sapientia
990 2150 1031 2212 sit
1050 2149 1226 2231 appellatus.
1252 2149 1327 2212 Nam
1341 2151 1383 2214 ito

153 2255 239 2319 etiam
262 2273 310 2318 res
332 2255 405 2316 aliae
428 2273 533 2318 omnes
556 2259 627 2316 sunt
647 2249 839 2326 constitutae,
862 2270 938 2332 quae
955 2261 986 2314 et
1001 2252 1198 2317 sanctificatae
1212 2250 1382 2330 glorificen·

152 2365 210 2420 tur.
255 2356 346 2418 Cuius
374 2372 445 2433 ergo
473 2355 521 2416 ille
550 2354 591 2414 sit
618 2352 785 2433 particeps,
814 2371 868 2414 vos
896 2352 996 2414 dicere
1024 2371 1150 2414 necesse
1179 2351 1301 2414 omniuo
1323 2359 1383 2416 eet.
1424 2399 1428 2407 .
1468 2367 1469 2376 ¹

153 2458 215 2518 Res
238 2457 318 2516 enim
349 2455 422 2516 alian
445 2473 549 2516 omncs
572 2452 699 2533 Spiritus
721 2463 794 2518 sunt
821 2453 997 2534 participes,
1026 2453 1124 2534 ipsum
1152 2462 1251 2516 nutem
1277 2453 1381 2516 cuius-

154 2575 224 2620 nam
253 2556 297 2618 rei
323 2553 496 2634 participem
524 2552 651 2618 dicetis?
694 2555 846 2636 Spiritus?
888 2556 976 2635 Atqui
1003 2554 1069 2636 ipse
1096 2555 1226 2636 Spiritus
1258 2571 1276 2617 o
1303 2553 1381 2616 Filio

152 2658 255 2740 potius
276 2655 395 2736 accipit,
425 2663 458 2718 ut
478 2656 557 2718 idem
578 2656 670 2718 Filios
692 2665 832 2732 testetur,
864 2657 1085 2738 absurdumque
1107 2657 1188 2720 dictu
1209 2663 1271 2732 est,
1301 2656 1382 2720 buno

154 2761 191 2824 ob
212 2760 263 2822 iiio
294 2757 481 2820 sanctificari.
524 2757 615 2838 Igitur
640 2759 736 2821 Patris
765 2759 800 2820 iit
826 2759 990 2840 particeps3
1023 2758 1053 2820 id
1080 2757 1160 2822 enim
1186 2765 1326 2838 superest
1351 2765 1383 2820 et

153 2859 327 2924 necessario
350 2857 517 2922 dicendum.
561 2858 619 2919 Sed
642 2859 713 2938 quid
733 2859 867 2934 taudem,
896 2861 941 2922 vel
963 2859 1042 2921 unde
1063 2859 1135 2922 illud
1156 2857 1227 2922 est?
1270 2858 1303 2920 Si
1324 2858 1381 2920 nli·
1476 2875 1477 2880 ¹

155 2945 227 3043 quid
250 2960 434 3022 extrinsecus
457 2957 653 3038 excogitatum
672 2979 689 3021 u
710 2960 815 3035 Patre,
843 2979 904 3024 uon
933 2961 991 3023 iarn
1012 2961 1110 3024 Patris
1137 2960 1194 3022 erit
1221 2960 1382 3040 particeps,

155 3063 211 3125 sed
233 3061 316 3134 eius,
344 3060 423 3138 quod
452 3059 637 3130 extrinsecus
658 3067 720 3136 est,
749 3079 806 3123 nec
831 3062 957 3139 proinde
985 3061 1147 3140 secundum
1169 3069 1241 3142 post
1260 3061 1381 3126 Patrem

154 3163 253 3236 locum
277 3160 438 3234 obtinebit,
468 3179 535 3224 cum
557 3181 621 3223 rem
643 3161 722 3224 ibam
743 3169 812 3224 onte
833 3163 1009 3237 schabest,
1037 3181 1094 3224 nec
1113 3161 1185 3224 item
1204 3161 1303 3224 Patris
1326 3161 1382 3224 erit

155 3265 299 3327 dicendus
320 3261 422 3340 Filius,
445 3264 499 3326 sed
520 3263 611 3336 illius,
635 3265 718 3331 euius
739 3265 834 3327 iactus
855 3265 1015 3346 particeps,
1038 3273 1067 3326 et
1080 3261 1171 3326 Filius
1193 3262 1317 3326 etbeus
1335 3269 1382 3326 est

155 3372 352 3445 nuncupatus.
397 3365 485 3438 Quod
510 3367 628 3446 quidem
657 3367 683 3428 si
711 3367 873 3430 absurdum
901 3375 932 3428 et
962 3365 1087 3446 impium
1107 3364 1213 3428 merito
1237 3363 1380 3438 ridentur,

123 3493 127 3498 ·
156 3486 221 3530 cum
244 3467 320 3528 dicat
341 3467 442 3530 Pater:
472 3467 528 3530 Hic
555 3479 601 3532 eet
628 3467 725 3532 Filritt
752 3489 835 3532 meus
864 3469 1006 3540 dilectur,
1035 3467 1159 3548 ipseque
1185 3465 1277 3528 Filius
1304 3483 1381 3548 pro·

155 3568 252 3648 prium
274 3587 360 3630 suum
382 3567 498 3632 Patrem
519 3569 613 3632 Deum
636 3587 705 3632 esse
726 3570 870 3644 affirmet,
884 3567 984 3648 ,liquet
1004 3568 1117 3648 utique,
1137 3567 1212 3630 nibil
1233 3565 1381 3630 extrinse-

157 3683 208 3732 cus
237 3670 292 3732 sed
320 3689 355 3732 ex
376 3670 541 3732 substantia
570 3670 666 3732 Patris
689 3689 757 3732 csso
778 3670 825 3744 id,
854 3669 938 3733 cuius
970 3669 1004 3732 nt
1029 3668 1188 3750 particeps.
1233 3667 1267 3730 Si
1287 3685 1381 3747 porro

156 3769 236 3832 istud
257 3771 347 3833 tuerit
367 3767 444 3837 aliud
466 3779 584 3851 praeter
604 3769 671 3834 Filii
692 3777 837 3846 naturam,
859 3789 952 3852 aeque
974 3769 1134 3832 absurdum
1155 3768 1220 3838 erit.
1242 3786 1309 3830 cum
1324 3769 1383 3832 boc

157 3869 235 3932 idom
257 3871 385 3933 medium
408 3871 479 3951 quid
500 3871 666 3951 reperiatur
688 3891 757 3936 esse
778 3892 815 3935 ex
835 3873 924 3936 Patre
946 3879 976 3934 et
998 3890 1034 3934 ex
1055 3879 1160 3934 natura
1180 3869 1265 3944 Filii,
1287 3887 1381 3950 quae·

157 3987 282 4052 cumque
304 3971 421 4034 tandem
442 3971 492 4034 ilia
514 3972 563 4034 sit.
844 3967 850 3980 '

191 4171 213 4208 e.
232 4155 304 4208 sarit.
330 4164 354 4208 ct
377 4156 501 4221 tortiaco.
524 4152 648 4226 μετέχον.
690 4157 743 4208 bion
828 4173 850 4220 g.
869 4157 910 4208 Sic
927 4158 1028 4220 Seguer.
1045 4154 1118 4206 Sunii.
1138 4155 1235 4207 Gobior.
1253 4161 1277 4204 ct
1293 4153 1381 4204 Feick·

156 4223 346 4275 enitentur.
371 4225 555 4276 crinciunt.
576 4217 743 4281 τοῦἔξωθεν
795 4225 894 4275 mant.
928 4226 957 4274 tt
975 4224 1031 4273 editi
1050 4215 1185 4283 artarer.
1218 4222 1270 4271 ibid
1280 4221 1311 4270 Se
1328 4234 1380 4270 ner.

157 4283 360 4358 ὶπψυομένου.
395 4293 456 4342 ibid.
480 4294 580 4356 Segner.
603 4293 702 4346 Gobisr.
720 4300 744 4344 et
794 4284 855 4340 ἀλλ’
875 4283 904 4340 bt
920 4281 1090 4351 versertur.
1124 4291 1188 4340 Sditi
1214 4288 1295 4338 etalii
1367 4278 1374 4296 ⁸

157 4359 262 4411 i'eictnr.
274 4359 296 4410 l.
313 4352 362 4408 xci
378 4351 468 4410 οὐκέτι
486 4355 517 4412 δὲ
534 4353 624 4414 αὐτός.
793 4357 843 4417 τῆς
860 4347 961 4412 obstac.
1269 4391 1271 4398 .

191 4428 208 4478 i.
226 4427 332 4490 Seruan·
345 4427 443 4479 Gobler.
462 4435 486 4480 ct
503 4429 608 4480 Feiotm.
627 4427 650 4478 1.
673 4417 743 4491 μετὰ
829 4427 853 4474 b.
871 4426 971 4488 Seguer.
988 4425 1112 4487 duplione.
1131 4423 1229 4474 Gobier.
1255 4427 1279 4470 ct
1295 4417 1381 4469 Seluk·

157 4493 207 4545 tori
223 4488 337 4564 auspic·
397 4543 402 4555 ,
473 4527 477 4535 ·
795 4491 894 4542 mont.
913 4489 1000 4540 ταῦτα.
1038 4489 1111 4554 posit.
1130 4487 1222 4538 reiro.
1372 4517 1376 4528 -

190 4581 461 4628 trnrnrsrrormcea.
474 4592 523 4626 ιιι..
1146 4571 1178 4618 tt
