2872 5046
403 200 549 244 erumnae
564 201 601 246 ao
617 201 797 248 erraretur.
1148 195 1208 260 stt

17 375 49 418 m
81 354 116 416 in
146 349 280 431 singutas
302 336 469 430 Prophetes
491 347 620 414 Verbum
647 351 779 426 advenit,
806 353 848 416 itu
870 371 988 434 quoque
1010 355 1042 420 io
1064 359 1295 438 quendamrooo.

12 457 137 522 minem
159 451 268 516 Mariae
289 451 395 534 Filium
418 451 547 530 renisam
569 452 672 516 inutile
693 463 740 518 est
760 454 889 534 agitarer
911 473 978 532 oum
999 475 1105 520 eornm
1126 460 1210 524 insa-

14 579 25 620 r
55 555 250 620 manifestam
278 552 327 616 sui
349 552 581 618 enuntiarem
602 571 676 634 prae
697 573 730 618 se
751 557 835 620 ferat.
880 557 913 620 Si
934 575 1061 638 namque
1083 560 1212 624 Verbum

14 700 19 720 ,
43 655 185 732 advenit,
212 673 266 719 eur
287 654 336 718 bie
356 654 447 718 bomo
470 673 506 718 ex
527 655 647 734 Virgine
668 664 699 720 et
719 675 781 720 non
803 676 840 722 ex
861 659 925 722 viro
947 669 978 722 et
1000 661 1125 724 muliere
1147 664 1212 742 ipso

12 777 105 840 toque
134 753 270 838 prodiit?
299 755 343 818 eie
370 755 450 818 enim
480 755 606 843 quisque
628 756 807 822 Senatorum
829 760 948 839 genitus
970 771 1026 826 est.
1068 764 1128 828 but
1148 783 1210 840 eur,

12 861 166 924 ¹Verbum
179 852 229 922 'ita
249 857 378 932 venerit,
408 857 551 938 musone
571 876 655 920 mors
677 877 739 923 non
761 859 869 922 dieitur
890 862 1054 940 pronubis
1077 866 1211 944 tolerata,

15 963 35 1024 d
63 949 146 1026 illins
175 957 313 1024 mutum?
358 958 458 1032 Quare
485 960 556 1024 imm
585 979 652 1024 oum
680 959 717 1024 ad
739 961 874 1042 singulos
895 961 1062 1044 Prophetas
1084 967 1212 1032 Verbum

18 1064 149 1138 venerit,
172 1062 279 1125 dieitur
301 1071 399 1124 tamen
420 1061 457 1126 ad
478 1063 577 1126 solum
597 1061 706 1126 Mariae
721 1062 828 1126 Filium
852 1063 945 1128 semel
966 1065 997 1128 in
1020 1083 1210 1132 eonsumma-

14 1186 65 1231 ›ne
88 1165 278 1228 saeuiturum
299 1161 479 1228 advenisse?
521 1164 581 1228 dut
602 1155 774 1254 our-'Verbo
797 1165 839 1227 ita
861 1166 1017 1239 veniente,
1039 1175 1074 1227 ut
1093 1179 1213 1234 venerat
1297 1197 1306 1210 ·

12 1269 165 1340 ,Sanctae
186 1266 267 1340 illos,
289 1266 339 1345 qui
360 1265 444 1345 prius
467 1264 649 1340 exstiterant,
672 1265 720 1328 alii
743 1265 862 1346 quidm
885 1283 991 1337 omnes
1012 1266 1123 1332 mortui
1145 1287 1212 1332 nrm

15 1379 43 1430 rt
64 1367 202 1431 nondum
224 1375 462 1440 resurrexerunt,
486 1366 570 1430 solue
593 1385 662 1430 vero
684 1366 793 1432 itariae
807 1367 901 1432 Filius
922 1376 994 1446 post
1015 1367 1146 1434 triduum
1159 1388 1211 1434 re-

15 1469 142 1534 erexit?
185 1471 244 1532 dut
265 1487 354 1548 quere
377 1483 443 1532 oum
467 1468 558 1532 simili
580 1467 670 1532 modo
692 1469 729 1532 ad
751 1469 826 1532 alios
841 1467 969 1534 Verbum
981 1469 1111 1552 perierit,
1131 1471 1213 1536 solus

15 1574 91 1634 ariae
114 1571 206 1633 Filius
235 1570 342 1632 dieitur
364 1570 557 1642 Emmanuel,
587 1570 672 1650 quasi
702 1589 812 1650 eorpus
841 1569 905 1632 eius
927 1571 1040 1636 Deitate
1068 1571 1214 1652 repletum

46 1693 83 1735 er
115 1674 165 1735 illa
196 1673 327 1752 genitum
360 1669 425 1734 sit?
469 1671 542 1732 Nam
571 1671 644 1733 iilud
673 1671 852 1733 Emmanuel
879 1671 1024 1752 signifieat
1051 1672 1214 1737 Nobiscum

15 1795 77 1839 eres.
124 1774 174 1835 Vel
197 1790 288 1854 quare
311 1772 338 1831 si
360 1772 400 1832 ita
423 1772 548 1845 venerit,
571 1771 705 1850 quotibet
720 1771 895 1834 Sanctorum
918 1772 1092 1835 comedente
1114 1781 1144 1836 et
1165 1773 1214 1836 bi-

15 1887 83 1952 tnte,
105 1875 260 1940 laborante
283 1881 313 1936 et
334 1873 493 1947 moriente,-
513 1891 576 1936 non
600 1873 708 1936 dieitur
730 1873 829 1954 ipsum
853 1873 981 1938 Verbum
1004 1873 1163 1938 comedere
1185 1867 1217 1938 et'

15 1980 97 2052 bero,
120 1977 256 2052 laborare
279 1985 308 2037 et
330 1975 417 2047 niori,
442 1974 495 2035 sed
519 1975 556 2036 de
578 1974 644 2036 solo
659 1975 767 2036 Mariae
781 1974 856 2036 Filio
878 1974 919 2036 ita
938 1973 1068 2038 dicitur?
1113 1976 1214 2048 Quae-

15 2099 100 2161 mque
123 2081 203 2142 enim
226 2073 438 2156 eorpue·istud
460 2090 584 2152 passum
606 2083 664 2148 est,
687 2075 761 2137 haee
782 2075 868 2153 quasi
890 2076 958 2154 ipso
972 2074 1102 2154 patiente
1116 2075 1214 2138 Verbo

16 2189 165 2248 otasunt.
210 2179 335 2239 Etcum
358 2176 395 2236 de
417 2174 481 2236 aliis
504 2173 643 2236 omnibus
666 2173 777 2236 dietum
800 2175 841 2236 sit
855 2174 1005 2247 duntaxat,
1029 2175 1107 2254 quod
1123 2176 1215 2254 geniti

41 2282 103 2343 neti
132 2280 209 2350 sint,
241 2277 278 2337 de
310 2275 376 2335 solo
399 2273 508 2334 Mariae
531 2273 606 2334 Filio
630 2253 824 2336 dictumest:
854 2273 894 2335 Bt
919 2274 1045 2336 Verbum
1068 2293 1140 2338 roro
1162 2276 1215 2355 [u-

12 2371 66 2443 um
88 2391 143 2443 est.

74 2483 124 2544 tu.
167 2477 213 2539 Ex
234 2475 350 2558 quibus
365 2473 552 2551 ostenditur,
580 2474 617 2536 ad
639 2473 773 2554 reliquos
795 2474 914 2554 quidem
938 2475 1063 2538 Sanetus
1085 2476 1215 2540 Verbum

12 2591 96 2644 toturn
120 2597 198 2654 esse,
222 2588 255 2641 ut
275 2578 508 2659 prophetarent,
532 2595 569 2638 ex
590 2575 681 2638 traria
703 2584 802 2638 autem
825 2575 952 2640 Verbum
975 2597 1062 2639 earne
1084 2587 1216 2642 assumta

12 2685 138 2744 ominem
159 2682 321 2763 prodiisse,
345 2680 395 2759 qui
419 2681 525 2741 natura
547 2677 667 2758 quidem
690 2687 720 2740 et
741 2677 905 2740 substantia
918 2678 1044 2740 Verbum
1064 2677 1119 2740 Dei
1141 2688 1215 2755 erat,

12 2784 151 2846 reundum
180 2801 298 2846 earnem
329 2790 428 2842 autem
458 2797 494 2841 ex
524 2779 638 2842 semine
659 2779 750 2841 David
774 2791 804 2841 et
826 2798 861 2841 ex
883 2797 971 2841 earne
993 2779 1102 2842 Mariae
1123 2780 1214 2842 homo

12 2893 84 2944 totus
108 2889 163 2956 est,
187 2891 219 2943 ut
239 2883 280 2943 ait
301 2882 420 2943 Paulus.
464 2865 550 2942 Hune
571 2881 659 2942 Pater
681 2881 711 2942 in
732 2881 860 2942 Iordane
882 2890 912 2942 et
932 2879 963 2942 in
986 2888 1092 2942 monte
1119 2881 1216 2943 mani-

12 2983 107 3044 istavit
126 2981 244 3044 dioens:
267 2981 324 3043 Hic
345 2993 391 3043 est
412 2981 508 3066 Filius
530 3001 614 3045 meua
638 2981 779 3058 ditentur,
802 2987 835 3043 ia
857 3001 914 3063 quo
934 2983 1011 3044 mibi
1031 2982 1216 3065 complacui.

12 3085 76 3146 [uno
96 3083 195 3144 driani
217 3082 336 3163 quidem
358 3081 551 3162 abnegarunt,
574 3102 630 3145 nos
652 3100 724 3146 rere
747 3090 943 3163 agnescentes
966 3082 1139 3156 adoramus,
1162 3101 1218 3146 neo
1268 3127 1270 3130 -

12 3185 97 3246 'ilium
119 3203 135 3245 a
155 3183 254 3246 Verbo
279 3182 445 3258 dividimus,
469 3183 522 3246 sed
545 3184 736 3264 agnoscimus
757 3183 858 3262 ipsum
872 3182 1002 3244 Verbum
1018 3201 1084 3245 esse
1099 3184 1300 3260 Piliumfflem.

12 3305 46 3348 er
73 3305 159 3366 quem
189 3286 288 3348 omnia
317 3287 393 3348 faeta
415 3296 485 3348 eunt
507 3295 537 3348 et
557 3304 612 3367 per
633 3303 723 3365 quem
745 3303 802 3348 nos
823 3283 951 3346 redemti
973 3303 1087 3346 sumus.
1132 3286 1215 3358 Qua-

12 3395 113 3468 ›ropter
133 3387 232 3450 mirati
256 3404 371 3460 sumus,
395 3387 475 3467 quod
496 3386 526 3448 in
549 3387 640 3448 rebus
664 3387 703 3450 ita
725 3384 891 3450 manifestis
914 3383 991 3464 apud
1013 3403 1067 3447 ros
1090 3392 1215 3448 eonten-

12 3489 39 3549 io
62 3489 163 3572 oborta
186 3491 236 3552 sit.
281 3489 340 3551 Sed
363 3488 455 3568 gretia
479 3488 520 3549 sit
540 3487 684 3562 Domino,
714 3487 782 3568 quia
812 3495 953 3567 quantum
976 3505 1012 3548 ex
1033 3495 1216 3550 commenta-

12 3591 107 3650 torum
128 3587 253 3652 leotiond
275 3590 442 3652 contristati
465 3607 581 3665 sumus,
604 3597 716 3653 tantum
739 3607 844 3652 sumus
866 3605 968 3650 rerum
989 3588 1115 3650 istarum
1137 3587 1217 3651 exitu

12 3749 52 3789 ost
69 3734 212 3818 {abruptae
229 3734 386 3823 innovandi
404 3741 469 3792 addit
477 3736 524 3791 καὶ
538 3735 580 3810 dp·
632 3733 676 3823 dat
694 3742 762 3794 deest
779 3743 802 3792 in
820 3741 1002 3807 piurimismss.
1013 3739 1218 3821 aedretineudnrn

12 3821 138 3866 ιηνευεται
153 3800 213 3876 μεθ’
234 3823 313 3892 amur
329 3809 402 3862 deus.
630 3811 731 3861 ridetur.
767 3809 818 3859 bion
842 3810 943 3872 Seguer.
967 3809 1036 3858 solus
1059 3799 1104 3857 dns
1121 3802 1151 3858 δὲ
1168 3821 1217 3858 του

34 3925 53 3959 ο.
72 3911 111 3960 Sic
127 3911 211 3977 Epiph.
230 3911 327 3962 Gomon
344 3911 452 3961 mem
465 3911 488 3960 l·
505 3911 578 3973 ⁸⁰8⁸·
630 3869 659 3927 lx
674 3870 786 3944 Μαρίας
801 3869 897 3943 μόνον.
935 3877 1000 3927 Intra
1018 3877 1105 3941 Epipb.
1118 3877 1217 3939 Sessuer.

15 3978 98 4027 pepp,
114 3977 271 4048 προφητῶν,
310 3979 375 4028 1an
393 3979 578 4040 gemm·
630 3944 905 4065 fflddffiassssufieldm'
928 3944 950 3995 l.
967 3937 1079 3997 πάντας·
1114 3945 1177 3995 Editi
1194 3952 1244 4018 et¹

12 4043 93 4094 ¹'eloim
110 4046 130 4094 i.
148 4055 170 4097 et
187 4047 274 4112 Epipb.
292 4037 428 4100 dfar'odc.
449 4047 576 4096 Editirero
662 4095 684 4141 g.
703 4081 803 4142 segnes·
823 4071 837 4126 ὃ
855 4072 936 4144 λόγος
953 4071 1041 4144 Mu?
1060 4073 1096 4128 σά
1114 4091 1157 4126 κα.

12 4111 578 4245 id¹'b0‘'di?'i'{ind⁰¹1fdissdm‘didZ
661 4147 685 4263 ξ’
697 4093 1113 4278 ᾗθνῑῑ1λόῦγζξῐέζξῆῑῇζωςξῃξζῖ
1118 4137 1217 4212 Wie-

12 4246 114 4308 mmm
131 4242 286 4342 amm*
336 4287 339 4292 ‘
662 4282 684 4330 b.
702 4281 802 4343 Seguer.
820 4274 850 4331 ἓν
867 4275 940 4348 ἡμῖν.
979 4281 1044 4332 lutra
1063 4271 1218 4330 induratio
1271 4343 1276 4356 ,

36 4345 51 4392 i.
68 4345 105 4396 Sia
120 4349 213 4413 Sepuer.
230 4349 321 4414 duplic.
332 4349 429 4402 Gobter.
440 4348 576 4400 etFelebm.
629 4348 686 4400 edit.
705 4349 759 4399 Col.
1256 4361 1259 4373 ·

12 4407 29 4455 t.
61 4411 86 4460 tn
109 4416 159 4467 attia
181 4425 202 4469 at
226 4421 251 4470 in
276 4418 346 4470 editis
364 4411 394 4468 di
413 4417 488 4468 desti.
525 4416 577 4468 box
664 4416 679 4465 l.
698 4416 739 4468 Sis
761 4417 911 4482 Epiphanius
935 4425 959 4466 et
985 4416 1075 4466 Fronto
1098 4412 1217 4466 Demens.
