3090 5048
503 260 614 306 cunero
628 259 666 304 ιν.
684 261 800 306 corinun
816 261 952 306 cunnos.
1265 251 1327 314 619

87 431 165 475 εεεε
191 410 308 485 lilium,
333 409 454 494 solaque
477 411 655 490 cogitatione
677 431 788 474 nomen
802 411 869 474 Filii
884 413 981 475 Verbo
1007 411 1098 476 tribui
1119 413 1229 490 volunt,
1252 397 1415 479 senonens.

87 513 221 593 utrique
243 519 361 575 conam

186 615 219 679 9.
263 613 326 695 lipo
349 623 378 677 ct
399 613 493 678 Pater
514 635 609 678 unum
631 635 745 680 sumus.
784 615 841 679 ·Vel
864 617 924 680 dnn
946 635 1001 679 vos
1024 635 1116 680 unum
1138 637 1206 680 esse
1221 619 1327 696 dicitis,

87 715 139 778 rel
156 733 255 778 unum
278 714 388 795 duplici
409 718 531 780 nomine
554 725 693 780 ornatum
715 736 796 792 εεεε,Ι
817 720 862 780 vel
878 737 969 781 unum
985 719 1016 780 in
1031 719 1092 790 duo
1108 737 1177 782 esse
1193 720 1327 784 divisum.

87 819 123 878 Si
141 835 244 880 unum
265 818 295 880 in
319 818 378 880 dno
401 818 528 882 divisum
553 827 610 894 εει,
634 838 758 882 necesse
781 827 828 882 est
843 821 1085 900 corpuscsseid
1110 821 1188 900 qnod
1204 821 1330 885 divisum

87 929 153 993 est,
181 925 379 1000 manuumque
401 939 468 982 esse
490 923 673 1001 perlectum,
697 923 806 1001 quippe
828 939 895 982 cnm
916 929 1074 1001 utrumqne
1096 940 1165 1001 pars
1188 923 1246 997 sit,
1269 943 1331 986 non

86 1037 173 1082 vero
198 1025 299 1082 totum.
344 1020 403 1083 Sed
426 1022 452 1082 si
474 1041 566 1084 unum
590 1031 638 1086 εει
659 1023 768 1103 duplici
791 1033 928 1084 ornatum
951 1022 1086 1096 nomine,
1110 1023 1184 1086 baec
1205 1024 1326 1088 Sabellii

87 1120 247 1182 sententia
270 1130 330 1194 εει,
360 1122 410 1202 qni
433 1123 550 1186 Patrem
576 1124 731 1186 etlilium
756 1124 881 1186 eundem
905 1143 972 1186 essa
995 1123 1098 1196 docet,
1121 1134 1151 1185 ει
1171 1133 1330 1205 utrumqne

38 1303 42 1308 Ι
88 1222 189 1296 tollit,
224 1222 342 1284 Patrem
370 1224 506 1304 quidem,
540 1245 606 1289 cum
628 1225 721 1298 Filius
738 1235 807 1298 ἐει,
828 1225 937 1288 Filium
958 1244 1045 1299 uero,
1075 1244 1141 1288 cum
1164 1234 1210 1288 εει
1230 1227 1327 1290 Pater.

88 1323 185 1398 Quod
209 1323 238 1386 si
260 1323 319 1386 dno
341 1344 434 1387 unum
457 1327 535 1396 sint.
565 1345 690 1389 neccsse
720 1335 766 1390 εει
787 1327 856 1390 illos
880 1327 955 1389 duos
977 1327 1097 1407 qnidam
1120 1346 1202 1401 esse,
1237 1347 1327 1393 unum

87 1443 163 1487 vero
195 1424 361 1488 secundum
390 1426 575 1490 divinitatem
605 1436 635 1488 ει
663 1437 808 1508 quetctuu
837 1429 929 1491 Filius
953 1430 1031 1491 Patri
1061 1439 1108 1492 est
1130 1429 1327 1492 consubstan-

88 1525 172 1588 tialis
197 1533 231 1587 ει
253 1543 289 1587 cx
312 1525 379 1604 ipso
402 1527 489 1588 Patre
512 1528 640 1590 Verbum
663 1538 719 1603 εει,
742 1530 782 1592 ita
806 1539 838 1592 ul
861 1531 920 1592 duo
944 1531 1062 1610 quidem
1085 1531 1155 1604 sint,
1179 1533 1246 1610 quio
1269 1533 1326 1594 Pa·

90 1637 136 1689 lor
159 1637 224 1699 est,
248 1635 277 1689 ct
298 1625 390 1690 Filius
413 1629 492 1708 qnod
515 1637 560 1690 cst
581 1629 720 1703 Verbum,
743 1649 834 1692 unum
857 1640 966 1704 autem,
988 1631 1054 1711 quia
1070 1633 1148 1694 Deus
1170 1651 1248 1694 unns
1271 1643 1327 1695 cst.
1380 1671 1383 1676 -

89 1727 165 1792 Nam
190 1728 252 1790 nisi
275 1727 315 1789 ita
338 1728 388 1802 sit,
411 1729 568 1792 dicendum
591 1739 671 1792 certe
694 1731 735 1792 illi
759 1741 837 1793 erat:
860 1732 1011 1813 ngosum
1027 1732 1125 1807 Pater,
1147 1733 1193 1794 vcl
1214 1734 1277 1814 Ego
1300 1743 1330 1798 ει

88 1828 181 1890 Pater
206 1846 285 1890 snm.
328 1829 505 1907 Nuncxvero
529 1831 587 1892 ista
609 1850 682 1894 voce
697 1833 759 1913 llpo
773 1833 882 1897 Filium
904 1834 1063 1914 significan
1086 1835 1251 1914 genitorem
1275 1857 1328 1900 nu-

91 1937 172 2004 tem,
203 1948 269 1992 cnm
290 1929 393 1992 subdit
415 1943 443 1996 et
464 1930 573 2004 Pater,
604 1932 732 2012 denique
759 1934 889 1997 dictione
910 1955 1006 2000 nuum
1027 1953 1116 1999 unam
1145 1937 1330 2002 divinitatem

91 2049 242 2112 suamque
262 2031 397 2111 designat
419 2032 767 2096 consubstantialitatem.
812 2037 873 2097 Nec
895 2037 984 2108 enim,
1007 2045 1041 2098 nt
1061 2037 1193 2100 Gentiles
1213 2047 1327 2114 putant,

88 2133 173 2196 idem
199 2141 245 2196 εει
266 2117 386 2213 sapiens
410 2143 440 2196 ει
462 2133 622 2214 sapientia,
655 2135 700 2196 vel
723 2134 801 2196 idem
823 2135 911 2200 Pater
939 2146 971 2199 ει
991 2135 1135 2209 Verbum,
1164 2135 1326 2198 absurdum
1383 2121 1385 2126 ¹

90 2236 171 2298 onim
197 2243 245 2300 est
267 2234 395 2297 eundem
418 2237 465 2297 sni
488 2235 584 2315 ipsius
607 2245 721 2316 patrem
744 2253 830 2310 εεεε,
864 2243 966 2298 verum
991 2237 1088 2298 divina
1112 2235 1245 2296 doctrina
1267 2236 1324 2296 Pa-

89 2345 167 2398 trem
193 2345 224 2397 ει
245 2332 353 2398 Filium
374 2337 466 2412 norit,
489 2325 653 2416 sapientem
678 2345 708 2398 ει
729 2337 914 2416 sapientiam,
938 2336 1032 2397 licum
1054 2344 1084 2396 ει
1099 2335 1237 2406 Verbum,
1260 2353 1324 2396 ma-

90 2437 171 2498 xime
195 2445 293 2500 autem
316 2423 408 2512 cavet,
432 2439 563 2519 nequid
586 2437 748 2512 dividuum,
771 2438 947 2502 dissolubile
962 2438 1007 2514 sol
1023 2436 1186 2518 separabile
1202 2437 1325 2516 omnino

94 2536 126 2596 in
147 2537 213 2600 neo
234 2539 375 2602 admittat
783 2531 786 2540 ‘

183 2643 234 2706 10.
278 2641 416 2704 Ceterum
445 2641 471 2702 si
501 2640 567 2721 quis
595 2629 673 2704 duos
701 2661 768 2705 εεεε
788 2641 908 2704 Patrem
939 2649 968 2704 ει
989 2641 1094 2704 Filium
1122 2639 1246 2704 audiens
1268 2655 1411 2702 noscens.

91 2740 306 2816 calumnietur,
339 2741 425 2822 qnasi
454 2743 504 2822 qui
533 2743 609 2805 duos
631 2743 710 2804 Deos
733 2743 907 2806 inducamus
939 2742 1085 2820 (nonnulli
1115 2743 1194 2804 enim
1216 2741 1245 2803 id
1269 2741 1326 2803 sibi

91 2829 225 2922 lingunt,
257 2843 418 2923 statimque
450 2863 506 2906 nos
528 2845 576 2906 bis
599 2843 696 2905 verbis
718 2843 858 2906 irrident:
887 2846 948 2909 Vos
971 2846 1047 2907 duos
1070 2843 1144 2904 deos
1167 2843 1325 2920 asseritis),

93 2941 267 3008 huiusmodi
289 2945 461 3008 bominibus
485 2946 530 3008 sic
551 2945 794 3025 respondendum
817 2954 877 3008 est:
901 2947 931 3008 Si
954 2946 993 3021 is,
1016 2935 1074 3024 qui'
1088 2945 1206 3008 Patrem
1230 2953 1259 3010 ει
1275 2945 1326 3006 Fi·

95 3046 165 3109 lium
191 3047 334 3126 agnoscit,
357 3048 432 3110 duos
455 3047 530 3109 deos
553 3047 634 3121 dicit,
657 3065 783 3109 necesse
806 3055 853 3108 εει
873 3045 963 3126 igitur
984 3055 1017 3107 nt
1037 3046 1113 3107 Filio
1135 3045 1327 3126 repudiatos

94 3147 223 3212 Sabellio
248 3156 324 3223 stet,
353 3149 404 3228 qui
432 3167 523 3211 nuum
546 3167 616 3210 εεεε
638 3149 741 3210 credit.
785 3147 918 3226 Namque
940 3146 967 3208 si
989 3147 1031 3219 is,
1060 3147 1111 3226 qui
1140 3146 1216 3208 duos
1246 3145 1326 3218 dicit,

92 3249 220 3314 Gentilis
243 3257 305 3322 est,
328 3249 418 3328 igitur
439 3249 505 3323 ille,
529 3248 578 3329 qni
601 3267 691 3311 unum
715 3248 801 3323 dicit,
825 3246 1011 3310 Sabellianus
1033 3255 1089 3309 εει.
1135 3247 1242 3308 Verum
1264 3264 1327 3306 non

91 3349 129 3414 ita
151 3369 263 3416 seres
287 3350 391 3424 babet,
421 3351 513 3426 absit3
543 3350 596 3412 sed
619 3351 866 3430 quemadmodum
889 3348 932 3422 is,
955 3349 1006 3428 qui
1027 3347 1146 3409 Patrem
1169 3346 1325 3409 etlilium

92 3453 168 3517 duos
203 3470 272 3514 εεεε
302 3453 452 3531 agnoscit,
483 3471 575 3515 unum
597 3452 692 3513 Deum
715 3470 782 3513 essa
804 3449 978 3524 confitetur,
1006 3449 1046 3510 ita
1068 3448 1132 3522 ille,
1160 3447 1209 3526 qui
1232 3447 1326 3508 Deum

92 3570 187 3617 unum
210 3552 314 3626 credit,
336 3553 454 3615 Patrem
477 3552 632 3615 etlilium
657 3553 732 3614 duos
755 3552 855 3614 credat
878 3569 957 3625 esse,
985 3551 1037 3612 sad
1060 3568 1151 3612 unum
1175 3547 1327 3616 divinitate

94 3661 122 3713 ει
142 3636 293 3734 quatemus
321 3673 357 3716 ex
378 3655 466 3718 Patre
488 3662 590 3716 natum
611 3653 743 3717 Verbum
771 3653 808 3716 ab
838 3654 905 3734 ipso
929 3653 1016 3713 Patre
1039 3669 1095 3712 nec
1117 3650 1249 3730 separari
1271 3668 1327 3711 nec

93 3753 186 3818 dividi
208 3773 264 3816 nec
284 3755 402 3836 seiungi
424 3762 532 3836 potest.
576 3755 725 3830 Humano,
750 3756 775 3816 si
795 3755 901 3835 placet,
924 3761 1042 3815 utamur
1057 3751 1203 3832 exemplo.
1249 3750 1327 3829 ignis

93 3863 122 3915 et
142 3855 290 3937 splendor
312 3874 348 3918 ex
370 3876 407 3919 eo
430 3865 515 3919 ortus
537 3857 596 3918 dno
619 3857 738 3936 quidem
761 3864 847 3930 sunt,
880 3863 1024 3934 quatenns
1054 3853 1186 3915 existunt
1207 3859 1237 3913 et
1258 3869 1326 3912 eer-

126 4073 143 4124 l.
170 4073 243 4124 llnsil.
268 4082 292 4125 et
314 4076 406 4138 buglis.
431 4069 587 4140 φυλάττειν.
635 4075 685 4124 lbi·
771 4075 794 4125 b.
811 4073 902 4137 Anglie.
920 4063 977 4122 ἕνα.
1071 4075 1076 4084 “

95 4139 147 4190 dem
173 4143 232 4201 nep.
256 4141 358 4204 Segner.
376 4143 473 4194 Gobler.
491 4149 521 4192 ει
544 4141 648 4191 Felelm.
666 4141 685 4192 l.

95 4199 334 4325 ἔξιὶαέτδοιέστατον.
360 4210 409 4288 ¹liii
428 4217 451 4260 ει
469 4210 525 4260 editi
542 4201 590 4256 καὶ
608 4199 686 4258 ddcci-
737 4239 757 4292 F

770 4177 786 4225 i.
811 4175 851 4226 Sic
868 4175 926 4238 Res.
951 4182 974 4224 ει
992 4175 1092 4235 Segncr.
1126 4170 1153 4219 lt
1177 4167 1276 4219 Gobler.
1303 4177 1327 4220 ct

758 4242 843 4292 elclm.
865 4243 887 4292 l.
912 4240 1019 4308 osporci
1040 4233 1072 4288 τὸ
1090 4231 1201 4302 πατέρα.
1237 4235 1283 4284 lbi
1303 4243 1327 4286 ει

737 4311 810 4360 editio
822 4311 914 4361 Comm.
934 4307 1050 4376 φρονεῖ·
1070 4305 1108 4371 τῷ
1124 4300 1237 4368 πατέρα.
1274 4302 1327 4353 ldox
1380 4323 1392 4336 ·

468 4425 477 4458 ι
535 4419 544 4461 ι
576 4419 585 4461 ι
619 4412 643 4461 ¹«.
678 4419 686 4462 ι
737 4380 794 4440 liep.
815 4377 911 4430 Gobler.
939 4386 963 4426 ει
982 4375 1117 4426 fabelmi.
1138 4366 1169 4420 τὸ
1187 4361 1325 4450 liudwit

433 4425 492 4476 γε’
519 4427 532 4461 ⁰
562 4427 574 4462 ⁰
603 4427 675 4462 ³¹¹⁰
737 4445 815 4496 Ceteri
834 4453 857 4495 et
875 4442 1078 4496 editioCcmmel.
1096 4438 1135 4504 τῷ
1153 4433 1182 4496 ἐξ
1198 4437 1291 4490 αυτοῦ.

128 4357 150 4404 c.
168 4344 226 4406 uec.
245 4353 268 4394 ει
286 4345 385 4407 Sepuer.
401 4339 429 4392 λέ
448 4358 501 4394 um
531 4343 578 4393 Sed
598 4344 621 4394 in
640 4346 685 4395 Sc-

98 4421 162 4467 gner.
181 4412 334 4463 emendatum
353 4419 389 4463 εει

99 4475 155 4528 editi
172 4479 268 4531 babent.
