<?xml version="1.0" encoding="UTF-8"?>
<!DOCTYPE html PUBLIC "-//W3C//DTD XHTML 1.0 Transitional//EN"
    "http://www.w3.org/TR/xhtml1/DTD/xhtml1-transitional.dtd">
<html xmlns="http://www.w3.org/1999/xhtml" xml:lang="en" lang="en">
 <head>
  <title>
</title>
<meta http-equiv="Content-Type" content="text/html;charset=utf-8" />
  <meta name='ocr-system' content='tesseract 3.04.00' />
  <meta name='ocr-capabilities' content='ocr_page ocr_carea ocr_par ocr_line ocrx_word'/>
</head>
<body>
  <div class='ocr_page' id='page_1' title='image "./sanctiathanasii03athagoog_0223.png"; bbox 0 0 3220 5046; ppageno 0'>
   <div class='ocr_carea' id='block_1_1' title="bbox 539 283 1363 345">
    <p class='ocr_par' dir='ltr' id='par_1_1' title="bbox 539 283 1363 345">
     <span class='ocr_line' id='line_1_1' title="bbox 539 283 1363 345; baseline 0.007 -7"><span class='ocrx_word' id='word_1_1' title='bbox 539 295 648 340; x_wconf 79' lang='lat' dir='ltr'>enarro</span> <span class='ocrx_word' id='word_1_2' title='bbox 664 295 685 338; x_wconf 90' lang='lat' dir='ltr'>r.</span> <span class='ocrx_word' id='word_1_3' title='bbox 702 295 819 340; x_wconf 80' lang='lat' dir='ltr'>course</span> <span class='ocrx_word' id='word_1_4' title='bbox 832 295 966 340; x_wconf 80' lang='lat' dir='ltr'>annuns.</span> <span class='ocrx_word' id='word_1_5' title='bbox 1304 283 1363 345; x_wconf 83' lang='lat'>175</span> 
     </span>
    </p>
   </div>
   <div class='ocr_carea' id='block_1_2' title="bbox 134 443 1478 1946">
    <p class='ocr_par' dir='ltr' id='par_1_2' title="bbox 134 443 1478 1946">
     <span class='ocr_line' id='line_1_2' title="bbox 140 443 1450 514; baseline -0.006 0"><span class='ocrx_word' id='word_1_6' title='bbox 140 469 209 514; x_wconf 83' lang='lat' dir='ltr'>eam</span> <span class='ocrx_word' id='word_1_7' title='bbox 229 449 337 513; x_wconf 81' lang='lat' dir='ltr'>Filium</span> <span class='ocrx_word' id='word_1_8' title='bbox 358 447 413 510; x_wconf 89' lang='lat' dir='ltr'>sed</span> <span class='ocrx_word' id='word_1_9' title='bbox 434 446 556 508; x_wconf 81' lang='lat' dir='ltr'>tratrem</span> <span class='ocrx_word' id='word_1_10' title='bbox 576 445 675 508; x_wconf 87' lang='lat' dir='ltr'>Patris</span> <span class='ocrx_word' id='word_1_11' title='bbox 697 445 806 508; x_wconf 78' lang='lat' dir='ltr'><strong>dicere.</strong></span> <span class='ocrx_word' id='word_1_12' title='bbox 851 443 876 506; x_wconf 92' lang='grc'>0</span> <span class='ocrx_word' id='word_1_13' title='bbox 898 445 1026 509; x_wconf 89' lang='lat' dir='ltr'>stolidos</span> <span class='ocrx_word' id='word_1_14' title='bbox 1054 445 1213 510; x_wconf 77' lang='lat' dir='ltr'><strong>admodum</strong></span> <span class='ocrx_word' id='word_1_15' title='bbox 1242 454 1273 507; x_wconf 90' lang='lat' dir='ltr'>et</span> <span class='ocrx_word' id='word_1_16' title='bbox 1303 443 1450 508; x_wconf 76' lang='lat' dir='ltr'>liti-nus.</span> 
     </span>
     <span class='ocr_line' id='line_1_3' title="bbox 139 545 1367 632; baseline -0.002 -18"><span class='ocrx_word' id='word_1_17' title='bbox 139 550 258 632; x_wconf 87' lang='lat' dir='ltr'>giosos!</span> <span class='ocrx_word' id='word_1_18' title='bbox 303 549 335 612; x_wconf 92' lang='lat' dir='ltr'>Si</span> <span class='ocrx_word' id='word_1_19' title='bbox 357 549 438 610; x_wconf 88' lang='lat' dir='ltr'>enim</span> <span class='ocrx_word' id='word_1_20' title='bbox 461 565 528 608; x_wconf 87' lang='lat' dir='ltr'>eum</span> <span class='ocrx_word' id='word_1_21' title='bbox 551 545 588 607; x_wconf 93' lang='lat' dir='ltr'>ab</span> <span class='ocrx_word' id='word_1_22' title='bbox 609 547 783 610; x_wconf 74' lang='lat' dir='ltr'>aeternitate</span> <span class='ocrx_word' id='word_1_23' title='bbox 805 555 918 609; x_wconf 86' lang='lat' dir='ltr'>tantum</span> <span class='ocrx_word' id='word_1_24' title='bbox 940 549 1028 610; x_wconf 88' lang='lat' dir='ltr'>simul</span> <span class='ocrx_word' id='word_1_25' title='bbox 1045 549 1181 611; x_wconf 79' lang='lat' dir='ltr'>extitisse</span> <span class='ocrx_word' id='word_1_26' title='bbox 1195 566 1264 611; x_wconf 89' lang='lat' dir='ltr'>eum</span> <span class='ocrx_word' id='word_1_27' title='bbox 1279 549 1367 611; x_wconf 82' lang='lat' dir='ltr'>Patre</span> 
     </span>
     <span class='ocr_line' id='line_1_4' title="bbox 138 647 1368 730; baseline -0.002 -16"><span class='ocrx_word' id='word_1_28' title='bbox 138 671 195 716; x_wconf 85' lang='lat' dir='ltr'>nee</span> <span class='ocrx_word' id='word_1_29' title='bbox 215 652 323 716; x_wconf 79' lang='lat' dir='ltr'>Filium</span> <span class='ocrx_word' id='word_1_30' title='bbox 345 669 413 711; x_wconf 88' lang='lat' dir='ltr'>esse</span> <span class='ocrx_word' id='word_1_31' title='bbox 442 665 699 721; x_wconf 81' lang='lat' dir='ltr'>asseveraremus,</span> <span class='ocrx_word' id='word_1_32' title='bbox 731 647 841 728; x_wconf 86' lang='lat' dir='ltr'>aliquid</span> <span class='ocrx_word' id='word_1_33' title='bbox 871 647 972 729; x_wconf 90' lang='lat' dir='ltr'>utique</span> <span class='ocrx_word' id='word_1_34' title='bbox 998 650 1215 730; x_wconf 80' lang='lat' dir='ltr'>probabilitatis</span> <span class='ocrx_word' id='word_1_35' title='bbox 1244 649 1368 714; x_wconf 85' lang='lat' dir='ltr'>baberet</span> 
     </span>
     <span class='ocr_line' id='line_1_5' title="bbox 140 747 1365 826; baseline -0.002 -10"><span class='ocrx_word' id='word_1_36' title='bbox 140 753 277 816; x_wconf 88' lang='lat' dir='ltr'>simulata</span> <span class='ocrx_word' id='word_1_37' title='bbox 300 751 419 813; x_wconf 89' lang='lat' dir='ltr'>illorum</span> <span class='ocrx_word' id='word_1_38' title='bbox 440 747 556 826; x_wconf 87' lang='lat' dir='ltr'>religio.</span> <span class='ocrx_word' id='word_1_39' title='bbox 589 747 642 809; x_wconf 88' lang='lat' dir='ltr'>Sin</span> <span class='ocrx_word' id='word_1_40' title='bbox 663 757 761 810; x_wconf 88' lang='lat' dir='ltr'>autem</span> <span class='ocrx_word' id='word_1_41' title='bbox 784 767 851 810; x_wconf 90' lang='lat' dir='ltr'>cum</span> <span class='ocrx_word' id='word_1_42' title='bbox 873 767 940 810; x_wconf 90' lang='lat' dir='ltr'>eum</span> <span class='ocrx_word' id='word_1_43' title='bbox 962 757 1114 812; x_wconf 88' lang='lat' dir='ltr'>aeternum</span> <span class='ocrx_word' id='word_1_44' title='bbox 1130 753 1265 826; x_wconf 83' lang='lat' dir='ltr'>dicimus,</span> <span class='ocrx_word' id='word_1_45' title='bbox 1288 771 1365 816; x_wconf 89' lang='lat' dir='ltr'>eun·</span> 
     </span>
     <span class='ocr_line' id='line_1_6' title="bbox 140 847 1364 934; baseline 0.002 -17"><span class='ocrx_word' id='word_1_46' title='bbox 140 856 208 917; x_wconf 88' lang='lat' dir='ltr'>dem</span> <span class='ocrx_word' id='word_1_47' title='bbox 230 851 407 914; x_wconf 87' lang='lat' dir='ltr'>eonfitemur</span> <span class='ocrx_word' id='word_1_48' title='bbox 433 847 564 930; x_wconf 89' lang='lat' dir='ltr'>genitum</span> <span class='ocrx_word' id='word_1_49' title='bbox 588 867 624 910; x_wconf 89' lang='lat' dir='ltr'>ex</span> <span class='ocrx_word' id='word_1_50' title='bbox 646 847 732 908; x_wconf 83' lang='lat' dir='ltr'>Patre</span> <span class='ocrx_word' id='word_1_51' title='bbox 754 847 875 920; x_wconf 87' lang='lat' dir='ltr'>Filium,</span> <span class='ocrx_word' id='word_1_52' title='bbox 902 867 959 928; x_wconf 84' lang='lat' dir='ltr'>qna</span> <span class='ocrx_word' id='word_1_53' title='bbox 980 869 1089 930; x_wconf 86' lang='lat' dir='ltr'>quaeso</span> <span class='ocrx_word' id='word_1_54' title='bbox 1111 855 1225 917; x_wconf 90' lang='lat' dir='ltr'>ratione</span> <span class='ocrx_word' id='word_1_55' title='bbox 1247 856 1364 934; x_wconf 86' lang='lat' dir='ltr'>genitus</span> 
     </span>
     <span class='ocr_line' id='line_1_7' title="bbox 142 946 1366 1034; baseline 0.006 -19"><span class='ocrx_word' id='word_1_56' title='bbox 142 953 288 1034; x_wconf 88' lang='lat' dir='ltr'>genitoris</span> <span class='ocrx_word' id='word_1_57' title='bbox 308 951 399 1012; x_wconf 85' lang='lat' dir='ltr'>irater</span> <span class='ocrx_word' id='word_1_58' title='bbox 419 949 519 1030; x_wconf 87' lang='lat' dir='ltr'>possit</span> <span class='ocrx_word' id='word_1_59' title='bbox 541 946 729 1011; x_wconf 78' lang='lat' dir='ltr'>existimari?</span> <span class='ocrx_word' id='word_1_60' title='bbox 772 949 804 1009; x_wconf 94' lang='lat' dir='ltr'>Si</span> <span class='ocrx_word' id='word_1_61' title='bbox 826 947 897 1010; x_wconf 85' lang='lat' dir='ltr'>item</span> <span class='ocrx_word' id='word_1_62' title='bbox 919 956 1020 1010; x_wconf 88' lang='lat' dir='ltr'>nostra</span> <span class='ocrx_word' id='word_1_63' title='bbox 1042 953 1116 1013; x_wconf 86' lang='lat' dir='ltr'>fides</span> <span class='ocrx_word' id='word_1_64' title='bbox 1139 964 1184 1016; x_wconf 89' lang='lat' dir='ltr'>est</span> <span class='ocrx_word' id='word_1_65' title='bbox 1201 957 1232 1017; x_wconf 92' lang='lat' dir='ltr'>in</span> <span class='ocrx_word' id='word_1_66' title='bbox 1248 957 1366 1022; x_wconf 82' lang='lat' dir='ltr'>Patrem</span> 
     </span>
     <span class='ocr_line' id='line_1_8' title="bbox 143 1049 1478 1140; baseline -0.001 -24"><span class='ocrx_word' id='word_1_67' title='bbox 143 1062 174 1116; x_wconf 91' lang='lat' dir='ltr'>ot</span> <span class='ocrx_word' id='word_1_68' title='bbox 193 1053 316 1128; x_wconf 85' lang='lat' dir='ltr'>Filium,</span> <span class='ocrx_word' id='word_1_69' title='bbox 344 1069 486 1132; x_wconf 86' lang='lat' dir='ltr'>quaenam</span> <span class='ocrx_word' id='word_1_70' title='bbox 508 1050 674 1114; x_wconf 86' lang='lat' dir='ltr'>interillos</span> <span class='ocrx_word' id='word_1_71' title='bbox 697 1049 854 1114; x_wconf 80' lang='lat' dir='ltr'>intercedit</span> <span class='ocrx_word' id='word_1_72' title='bbox 875 1052 1005 1113; x_wconf 77' lang='lat' dir='ltr'>fraterna</span> <span class='ocrx_word' id='word_1_73' title='bbox 1026 1055 1185 1132; x_wconf 81' lang='lat' dir='ltr'>cognatio?</span> <span class='ocrx_word' id='word_1_74' title='bbox 1217 1067 1267 1120; x_wconf 91' lang='lat' dir='ltr'>aut</span> <span class='ocrx_word' id='word_1_75' title='bbox 1287 1077 1365 1140; x_wconf 84' lang='lat' dir='ltr'>qno·</span> <span class='ocrx_word' id='word_1_76' title='bbox 1472 1093 1478 1114; x_wconf 45' lang='grc' dir='ltr'>ι.</span> 
     </span>
     <span class='ocr_line' id='line_1_9' title="bbox 144 1151 1365 1234; baseline 0.007 -18"><span class='ocrx_word' id='word_1_77' title='bbox 144 1155 235 1216; x_wconf 87' lang='lat' dir='ltr'>modo</span> <span class='ocrx_word' id='word_1_78' title='bbox 257 1163 357 1234; x_wconf 90' lang='lat' dir='ltr'>potest</span> <span class='ocrx_word' id='word_1_79' title='bbox 379 1152 507 1216; x_wconf 79' lang='lat' dir='ltr'>Verbum</span> <span class='ocrx_word' id='word_1_80' title='bbox 529 1153 594 1214; x_wconf 89' lang='lat' dir='ltr'>eins</span> <span class='ocrx_word' id='word_1_81' title='bbox 617 1152 674 1214; x_wconf 90' lang='lat' dir='ltr'>dici</span> <span class='ocrx_word' id='word_1_82' title='bbox 697 1155 803 1225; x_wconf 87' lang='lat' dir='ltr'>irater,</span> <span class='ocrx_word' id='word_1_83' title='bbox 833 1151 918 1214; x_wconf 89' lang='lat' dir='ltr'>euius</span> <span class='ocrx_word' id='word_1_84' title='bbox 946 1161 994 1214; x_wconf 90' lang='lat' dir='ltr'>est</span> <span class='ocrx_word' id='word_1_85' title='bbox 1015 1153 1166 1216; x_wconf 75' lang='lat' dir='ltr'>Verbum?</span> <span class='ocrx_word' id='word_1_86' title='bbox 1209 1157 1270 1218; x_wconf 87' lang='lat' dir='ltr'>Neo</span> <span class='ocrx_word' id='word_1_87' title='bbox 1296 1179 1365 1226; x_wconf 90' lang='lat' dir='ltr'>rero</span> 
     </span>
     <span class='ocr_line' id='line_1_10' title="bbox 142 1241 1366 1336; baseline 0.004 -19"><span class='ocrx_word' id='word_1_88' title='bbox 142 1257 218 1318; x_wconf 87' lang='lat' dir='ltr'>baec</span> <span class='ocrx_word' id='word_1_89' title='bbox 238 1255 296 1318; x_wconf 90' lang='lat' dir='ltr'>illis</span> <span class='ocrx_word' id='word_1_90' title='bbox 317 1255 415 1335; x_wconf 87' lang='lat' dir='ltr'>ignota</span> <span class='ocrx_word' id='word_1_91' title='bbox 438 1263 486 1316; x_wconf 89' lang='lat' dir='ltr'>est</span> <span class='ocrx_word' id='word_1_92' title='bbox 505 1255 716 1334; x_wconf 79' lang='lat' dir='ltr'>repugnantia,</span> <span class='ocrx_word' id='word_1_93' title='bbox 746 1271 815 1318; x_wconf 86' lang='lat' dir='ltr'>nant</span> <span class='ocrx_word' id='word_1_94' title='bbox 843 1254 997 1316; x_wconf 83' lang='lat' dir='ltr'>veritatem</span> <span class='ocrx_word' id='word_1_95' title='bbox 1025 1263 1055 1316; x_wconf 88' lang='lat' dir='ltr'>et</span> <span class='ocrx_word' id='word_1_96' title='bbox 1081 1253 1140 1335; x_wconf 91' lang='lat' dir='ltr'>ipsi</span> <span class='ocrx_word' id='word_1_97' title='bbox 1169 1241 1366 1336; x_wconf 75' lang='lat' dir='ltr'>perspiciunt3</span> 
     </span>
     <span class='ocr_line' id='line_1_11' title="bbox 134 1355 1368 1435; baseline 0.003 -17"><span class='ocrx_word' id='word_1_98' title='bbox 134 1355 195 1418; x_wconf 77' lang='lat' dir='ltr'>&#39;sed</span> <span class='ocrx_word' id='word_1_99' title='bbox 219 1364 267 1418; x_wconf 88' lang='lat' dir='ltr'>est</span> <span class='ocrx_word' id='word_1_100' title='bbox 289 1375 361 1418; x_wconf 87' lang='lat' dir='ltr'>sene</span> <span class='ocrx_word' id='word_1_101' title='bbox 382 1355 499 1418; x_wconf 87' lang='lat' dir='ltr'>iudaice</span> <span class='ocrx_word' id='word_1_102' title='bbox 522 1355 672 1418; x_wconf 83' lang='lat' dir='ltr'>excusatio</span> <span class='ocrx_word' id='word_1_103' title='bbox 695 1363 726 1416; x_wconf 91' lang='lat' dir='ltr'>et</span> <span class='ocrx_word' id='word_1_104' title='bbox 746 1355 916 1429; x_wconf 90' lang='lat' dir='ltr'>bominum,</span> <span class='ocrx_word' id='word_1_105' title='bbox 945 1355 1012 1435; x_wconf 89' lang='lat' dir='ltr'>qui,</span> <span class='ocrx_word' id='word_1_106' title='bbox 1043 1364 1076 1418; x_wconf 90' lang='lat' dir='ltr'>ut</span> <span class='ocrx_word' id='word_1_107' title='bbox 1103 1355 1143 1418; x_wconf 90' lang='lat' dir='ltr'>ait</span> <span class='ocrx_word' id='word_1_108' title='bbox 1164 1355 1322 1432; x_wconf 83' lang='lat' dir='ltr'>Salomon,</span> <span class='ocrx_word' id='word_1_109' title='bbox 1351 1379 1368 1422; x_wconf 88' lang='lat' dir='ltr'>a</span> 
     </span>
     <span class='ocr_line' id='line_1_12' title="bbox 141 1457 1367 1538; baseline 0.002 -18"><span class='ocrx_word' id='word_1_110' title='bbox 141 1457 263 1520; x_wconf 79' lang='lat' dir='ltr'>ueritate</span> <span class='ocrx_word' id='word_1_111' title='bbox 285 1459 386 1520; x_wconf 83' lang='lat' dir='ltr'>volunt</span> <span class='ocrx_word' id='word_1_112' title='bbox 409 1457 572 1520; x_wconf 78' lang='lat' dir='ltr'>discedere.</span> <span class='ocrx_word' id='word_1_113' title='bbox 615 1457 717 1536; x_wconf 88' lang='lat' dir='ltr'>Neque</span> <span class='ocrx_word' id='word_1_114' title='bbox 740 1457 818 1519; x_wconf 88' lang='lat' dir='ltr'>enirn</span> <span class='ocrx_word' id='word_1_115' title='bbox 842 1476 877 1519; x_wconf 86' lang='lat' dir='ltr'>ex</span> <span class='ocrx_word' id='word_1_116' title='bbox 899 1457 998 1538; x_wconf 86' lang='lat' dir='ltr'>aliquo</span> <span class='ocrx_word' id='word_1_117' title='bbox 1019 1457 1167 1538; x_wconf 90' lang='lat' dir='ltr'>principio</span> <span class='ocrx_word' id='word_1_118' title='bbox 1196 1459 1281 1538; x_wconf 90' lang='lat' dir='ltr'>prius</span> <span class='ocrx_word' id='word_1_119' title='bbox 1304 1459 1367 1522; x_wconf 85' lang='lat' dir='ltr'>exi-</span> 
     </span>
     <span class='ocr_line' id='line_1_13' title="bbox 142 1559 1368 1638; baseline 0.002 -17"><span class='ocrx_word' id='word_1_120' title='bbox 142 1565 240 1621; x_wconf 88' lang='lat' dir='ltr'>stente</span> <span class='ocrx_word' id='word_1_121' title='bbox 261 1559 349 1620; x_wconf 87' lang='lat' dir='ltr'>Pater</span> <span class='ocrx_word' id='word_1_122' title='bbox 370 1568 400 1622; x_wconf 88' lang='lat' dir='ltr'>et</span> <span class='ocrx_word' id='word_1_123' title='bbox 420 1559 513 1621; x_wconf 76' lang='lat' dir='ltr'>Silius</span> <span class='ocrx_word' id='word_1_124' title='bbox 536 1559 626 1638; x_wconf 88' lang='lat' dir='ltr'>geniti</span> <span class='ocrx_word' id='word_1_125' title='bbox 649 1559 785 1632; x_wconf 88' lang='lat' dir='ltr'>luerunt,</span> <span class='ocrx_word' id='word_1_126' title='bbox 814 1567 847 1622; x_wconf 89' lang='lat' dir='ltr'>ut</span> <span class='ocrx_word' id='word_1_127' title='bbox 868 1567 1046 1620; x_wconf 76' lang='lat' dir='ltr'>moneamur</span> <span class='ocrx_word' id='word_1_128' title='bbox 1068 1577 1138 1622; x_wconf 86' lang='lat' dir='ltr'>esse</span> <span class='ocrx_word' id='word_1_129' title='bbox 1158 1560 1283 1634; x_wconf 72' lang='lat' dir='ltr'>frames,</span> <span class='ocrx_word' id='word_1_130' title='bbox 1313 1561 1368 1624; x_wconf 86' lang='lat' dir='ltr'>esd</span> 
     </span>
     <span class='ocr_line' id='line_1_14' title="bbox 142 1659 1369 1741; baseline 0.004 -21"><span class='ocrx_word' id='word_1_131' title='bbox 142 1659 229 1723; x_wconf 84' lang='lat' dir='ltr'>Pater</span> <span class='ocrx_word' id='word_1_132' title='bbox 249 1659 368 1740; x_wconf 85' lang='lat' dir='ltr'>quidem</span> <span class='ocrx_word' id='word_1_133' title='bbox 391 1661 569 1740; x_wconf 86' lang='lat' dir='ltr'>principium</span> <span class='ocrx_word' id='word_1_134' title='bbox 592 1667 622 1722; x_wconf 92' lang='lat' dir='ltr'>et</span> <span class='ocrx_word' id='word_1_135' title='bbox 643 1661 761 1739; x_wconf 88' lang='lat' dir='ltr'>genitor</span> <span class='ocrx_word' id='word_1_136' title='bbox 783 1668 830 1721; x_wconf 87' lang='lat' dir='ltr'>est</span> <span class='ocrx_word' id='word_1_137' title='bbox 851 1660 933 1734; x_wconf 78' lang='lat' dir='ltr'>Filii,</span> <span class='ocrx_word' id='word_1_138' title='bbox 954 1669 984 1722; x_wconf 88' lang='lat' dir='ltr'>et</span> <span class='ocrx_word' id='word_1_139' title='bbox 1003 1661 1092 1724; x_wconf 90' lang='lat' dir='ltr'>Pater</span> <span class='ocrx_word' id='word_1_140' title='bbox 1112 1667 1198 1741; x_wconf 85' lang='lat' dir='ltr'>pater</span> <span class='ocrx_word' id='word_1_141' title='bbox 1218 1669 1279 1735; x_wconf 87' lang='lat' dir='ltr'>est,</span> <span class='ocrx_word' id='word_1_142' title='bbox 1313 1681 1369 1725; x_wconf 87' lang='lat' dir='ltr'>nee</span> 
     </span>
     <span class='ocr_line' id='line_1_15' title="bbox 142 1761 1451 1844; baseline 0.003 -20"><span class='ocrx_word' id='word_1_143' title='bbox 142 1761 266 1824; x_wconf 84' lang='lat' dir='ltr'>alicuius</span> <span class='ocrx_word' id='word_1_144' title='bbox 289 1762 342 1824; x_wconf 88' lang='lat' dir='ltr'>luit</span> <span class='ocrx_word' id='word_1_145' title='bbox 362 1761 469 1837; x_wconf 64' lang='lat' dir='ltr'>Filium</span> <span class='ocrx_word' id='word_1_146' title='bbox 491 1762 584 1824; x_wconf 81' lang='lat' dir='ltr'>Filius</span> <span class='ocrx_word' id='word_1_147' title='bbox 606 1771 705 1824; x_wconf 86' lang='lat' dir='ltr'>autern</span> <span class='ocrx_word' id='word_1_148' title='bbox 726 1761 804 1824; x_wconf 89' lang='lat' dir='ltr'>lilius</span> <span class='ocrx_word' id='word_1_149' title='bbox 827 1770 883 1835; x_wconf 89' lang='lat' dir='ltr'>est,</span> <span class='ocrx_word' id='word_1_150' title='bbox 906 1780 967 1824; x_wconf 91' lang='lat' dir='ltr'>nou</span> <span class='ocrx_word' id='word_1_151' title='bbox 988 1764 1087 1825; x_wconf 88' lang='lat' dir='ltr'>irater.</span> <span class='ocrx_word' id='word_1_152' title='bbox 1131 1763 1163 1824; x_wconf 93' lang='lat' dir='ltr'>Si</span> <span class='ocrx_word' id='word_1_153' title='bbox 1180 1763 1258 1824; x_wconf 89' lang='lat' dir='ltr'>idern</span> <span class='ocrx_word' id='word_1_154' title='bbox 1274 1779 1451 1844; x_wconf 70' lang='lat' dir='ltr'>perronem.</span> 
     </span>
     <span class='ocr_line' id='line_1_16' title="bbox 143 1863 1364 1946; baseline 0.004 -22"><span class='ocrx_word' id='word_1_155' title='bbox 143 1872 282 1925; x_wconf 87' lang='lat' dir='ltr'>aeternus</span> <span class='ocrx_word' id='word_1_156' title='bbox 297 1863 393 1924; x_wconf 86' lang='lat' dir='ltr'>Patris</span> <span class='ocrx_word' id='word_1_157' title='bbox 415 1863 493 1926; x_wconf 85' lang='lat' dir='ltr'>letus</span> <span class='ocrx_word' id='word_1_158' title='bbox 515 1863 633 1936; x_wconf 88' lang='lat' dir='ltr'>dicitur,</span> <span class='ocrx_word' id='word_1_159' title='bbox 655 1871 736 1925; x_wconf 87' lang='lat' dir='ltr'>reete</span> <span class='ocrx_word' id='word_1_160' title='bbox 758 1863 881 1924; x_wconf 87' lang='lat' dir='ltr'>omnino</span> <span class='ocrx_word' id='word_1_161' title='bbox 897 1863 1014 1925; x_wconf 89' lang='lat' dir='ltr'>dicitnr.</span> <span class='ocrx_word' id='word_1_162' title='bbox 1043 1865 1116 1926; x_wconf 87' lang='lat' dir='ltr'>Nam</span> <span class='ocrx_word' id='word_1_163' title='bbox 1132 1883 1193 1927; x_wconf 90' lang='lat' dir='ltr'>non</span> <span class='ocrx_word' id='word_1_164' title='bbox 1208 1865 1364 1946; x_wconf 87' lang='lat' dir='ltr'>aliquando</span> 
     </span>
    </p>
   </div>
   <div class='ocr_carea' id='block_1_3' title="bbox 26 1963 1364 2048">
    <p class='ocr_par' dir='ltr' id='par_1_3' title="bbox 26 1963 1364 2048">
     <span class='ocr_line' id='line_1_17' title="bbox 26 1963 1364 2048; baseline 0.004 -24"><span class='ocrx_word' id='word_1_165' title='bbox 26 1986 29 1994; x_wconf 92' lang='lat'>·</span> <span class='ocrx_word' id='word_1_166' title='bbox 143 1963 312 2044; x_wconf 88' lang='lat' dir='ltr'>imperieota</span> <span class='ocrx_word' id='word_1_167' title='bbox 334 1965 389 2027; x_wconf 89' lang='lat' dir='ltr'>init</span> <span class='ocrx_word' id='word_1_168' title='bbox 408 1965 504 2027; x_wconf 86' lang='lat' dir='ltr'>Patris</span> <span class='ocrx_word' id='word_1_169' title='bbox 528 1973 641 2039; x_wconf 88' lang='lat' dir='ltr'>natura,</span> <span class='ocrx_word' id='word_1_170' title='bbox 664 1972 697 2026; x_wconf 92' lang='lat' dir='ltr'>ut</span> <span class='ocrx_word' id='word_1_171' title='bbox 718 1964 796 2045; x_wconf 89' lang='lat' dir='ltr'>quod</span> <span class='ocrx_word' id='word_1_172' title='bbox 818 1964 897 2026; x_wconf 89' lang='lat' dir='ltr'>illius</span> <span class='ocrx_word' id='word_1_173' title='bbox 912 1964 1066 2044; x_wconf 90' lang='lat' dir='ltr'>proprium</span> <span class='ocrx_word' id='word_1_174' title='bbox 1082 1975 1171 2040; x_wconf 88' lang='lat' dir='ltr'>esset,</span> <span class='ocrx_word' id='word_1_175' title='bbox 1195 1966 1291 2028; x_wconf 89' lang='lat' dir='ltr'>eidem</span> <span class='ocrx_word' id='word_1_176' title='bbox 1306 1986 1364 2048; x_wconf 92' lang='lat' dir='ltr'>po-</span> 
     </span>
    </p>
   </div>
   <div class='ocr_carea' id='block_1_4' title="bbox 141 2065 1415 3874">
    <p class='ocr_par' dir='ltr' id='par_1_4' title="bbox 141 2065 1415 3874">
     <span class='ocr_line' id='line_1_18' title="bbox 144 2065 1366 2146; baseline 0.003 -20"><span class='ocrx_word' id='word_1_177' title='bbox 144 2073 207 2128; x_wconf 87' lang='lat' dir='ltr'>stea</span> <span class='ocrx_word' id='word_1_178' title='bbox 227 2067 389 2140; x_wconf 79' lang='lat' dir='ltr'>accederet,</span> <span class='ocrx_word' id='word_1_179' title='bbox 413 2084 516 2146; x_wconf 87' lang='lat' dir='ltr'>neque·</span> <span class='ocrx_word' id='word_1_180' title='bbox 531 2073 564 2128; x_wconf 91' lang='lat' dir='ltr'>ut</span> <span class='ocrx_word' id='word_1_181' title='bbox 585 2067 675 2128; x_wconf 89' lang='lat' dir='ltr'>horno</span> <span class='ocrx_word' id='word_1_182' title='bbox 700 2083 735 2126; x_wconf 89' lang='lat' dir='ltr'>ex</span> <span class='ocrx_word' id='word_1_183' title='bbox 757 2065 877 2127; x_wconf 88' lang='lat' dir='ltr'>homine</span> <span class='ocrx_word' id='word_1_184' title='bbox 900 2067 1014 2144; x_wconf 86' lang='lat' dir='ltr'>genitus</span> <span class='ocrx_word' id='word_1_185' title='bbox 1037 2077 1084 2128; x_wconf 89' lang='lat' dir='ltr'>est</span> <span class='ocrx_word' id='word_1_186' title='bbox 1105 2066 1208 2142; x_wconf 80' lang='lat' dir='ltr'>Filius,</span> <span class='ocrx_word' id='word_1_187' title='bbox 1231 2076 1264 2130; x_wconf 90' lang='lat' dir='ltr'>ut</span> <span class='ocrx_word' id='word_1_188' title='bbox 1280 2068 1366 2130; x_wconf 87' lang='lat' dir='ltr'>Patre</span> 
     </span>
     <span class='ocr_line' id='line_1_19' title="bbox 142 2165 1367 2249; baseline 0.002 -22"><span class='ocrx_word' id='word_1_189' title='bbox 142 2167 284 2229; x_wconf 76' lang='lat' dir='ltr'>existeret</span> <span class='ocrx_word' id='word_1_190' title='bbox 304 2167 465 2247; x_wconf 77' lang='lat' dir='ltr'>posterior,</span> <span class='ocrx_word' id='word_1_191' title='bbox 488 2167 540 2229; x_wconf 89' lang='lat' dir='ltr'>sed</span> <span class='ocrx_word' id='word_1_192' title='bbox 564 2168 615 2230; x_wconf 85' lang='lat' dir='ltr'>Dei</span> <span class='ocrx_word' id='word_1_193' title='bbox 640 2169 716 2230; x_wconf 87' lang='lat' dir='ltr'>letus</span> <span class='ocrx_word' id='word_1_194' title='bbox 739 2174 794 2240; x_wconf 87' lang='lat' dir='ltr'>est,</span> <span class='ocrx_word' id='word_1_195' title='bbox 817 2166 866 2246; x_wconf 88' lang='lat' dir='ltr'>qui</span> <span class='ocrx_word' id='word_1_196' title='bbox 890 2165 992 2247; x_wconf 85' lang='lat' dir='ltr'>utpote</span> <span class='ocrx_word' id='word_1_197' title='bbox 1013 2165 1153 2248; x_wconf 87' lang='lat' dir='ltr'>propriu&#39;s</span> <span class='ocrx_word' id='word_1_198' title='bbox 1172 2167 1226 2230; x_wconf 85' lang='lat' dir='ltr'>Dei</span> <span class='ocrx_word' id='word_1_199' title='bbox 1248 2187 1367 2249; x_wconf 91' lang='lat' dir='ltr'>semper</span> 
     </span>
     <span class='ocr_line' id='line_1_20' title="bbox 142 2255 1366 2348; baseline 0 -18"><span class='ocrx_word' id='word_1_200' title='bbox 142 2267 297 2330; x_wconf 78' lang='lat' dir='ltr'>existentis</span> <span class='ocrx_word' id='word_1_201' title='bbox 310 2255 410 2330; x_wconf 72' lang='lat' dir='ltr'>&#39;ribus</span> <span class='ocrx_word' id='word_1_202' title='bbox 432 2268 469 2330; x_wconf 90' lang='lat' dir='ltr'>ab</span> <span class='ocrx_word' id='word_1_203' title='bbox 491 2267 663 2330; x_wconf 89' lang='lat' dir='ltr'>aeternitate</span> <span class='ocrx_word' id='word_1_204' title='bbox 685 2268 801 2348; x_wconf 88' lang='lat' dir='ltr'>etipse</span> <span class='ocrx_word' id='word_1_205' title='bbox 823 2267 931 2329; x_wconf 80' lang='lat' dir='ltr'>existit</span> <span class='ocrx_word' id='word_1_206' title='bbox 976 2267 1136 2330; x_wconf 83' lang='lat' dir='ltr'>Hominum</span> <span class='ocrx_word' id='word_1_207' title='bbox 1152 2268 1271 2348; x_wconf 86' lang='lat' dir='ltr'>quidem</span> <span class='ocrx_word' id='word_1_208' title='bbox 1292 2284 1366 2347; x_wconf 92' lang='lat' dir='ltr'>pro-</span> 
     </span>
     <span class='ocr_line' id='line_1_21' title="bbox 141 2369 1367 2448; baseline 0 -18"><span class='ocrx_word' id='word_1_209' title='bbox 141 2369 240 2448; x_wconf 90' lang='lat' dir='ltr'>prium</span> <span class='ocrx_word' id='word_1_210' title='bbox 268 2377 316 2430; x_wconf 87' lang='lat' dir='ltr'>est</span> <span class='ocrx_word' id='word_1_211' title='bbox 342 2370 373 2430; x_wconf 93' lang='lat' dir='ltr'>in</span> <span class='ocrx_word' id='word_1_212' title='bbox 395 2379 529 2448; x_wconf 88' lang='lat' dir='ltr'>tempore</span> <span class='ocrx_word' id='word_1_213' title='bbox 551 2369 671 2448; x_wconf 79' lang='lat' dir='ltr'>gignere</span> <span class='ocrx_word' id='word_1_214' title='bbox 692 2377 816 2448; x_wconf 90' lang='lat' dir='ltr'>propter</span> <span class='ocrx_word' id='word_1_215' title='bbox 839 2375 961 2429; x_wconf 84' lang='lat' dir='ltr'>naturae</span> <span class='ocrx_word' id='word_1_216' title='bbox 983 2369 1144 2443; x_wconf 86' lang='lat' dir='ltr'>deiectum,</span> <span class='ocrx_word' id='word_1_217' title='bbox 1172 2377 1202 2430; x_wconf 93' lang='lat' dir='ltr'>at</span> <span class='ocrx_word' id='word_1_218' title='bbox 1230 2377 1367 2430; x_wconf 85' lang='lat' dir='ltr'>aeternus</span> 
     </span>
     <span class='ocr_line' id='line_1_22' title="bbox 142 2467 1368 2550; baseline 0.002 -20"><span class='ocrx_word' id='word_1_219' title='bbox 142 2477 189 2530; x_wconf 89' lang='lat' dir='ltr'>est</span> <span class='ocrx_word' id='word_1_220' title='bbox 210 2467 264 2528; x_wconf 83' lang='lat' dir='ltr'>Dei</span> <span class='ocrx_word' id='word_1_221' title='bbox 286 2469 373 2542; x_wconf 88' lang='lat' dir='ltr'>letus,</span> <span class='ocrx_word' id='word_1_222' title='bbox 395 2470 462 2548; x_wconf 86' lang='lat' dir='ltr'>quia</span> <span class='ocrx_word' id='word_1_223' title='bbox 485 2487 604 2550; x_wconf 87' lang='lat' dir='ltr'>semper</span> <span class='ocrx_word' id='word_1_224' title='bbox 625 2469 839 2549; x_wconf 80' lang='lat' dir='ltr'>perfectissima</span> <span class='ocrx_word' id='word_1_225' title='bbox 861 2468 916 2530; x_wconf 89' lang='lat' dir='ltr'>init</span> <span class='ocrx_word' id='word_1_226' title='bbox 930 2469 983 2530; x_wconf 84' lang='lat' dir='ltr'>Dei</span> <span class='ocrx_word' id='word_1_227' title='bbox 1006 2477 1119 2532; x_wconf 88' lang='lat' dir='ltr'>natura.</span> <span class='ocrx_word' id='word_1_228' title='bbox 1148 2469 1250 2548; x_wconf 86' lang='lat' dir='ltr'>ltaque</span> <span class='ocrx_word' id='word_1_229' title='bbox 1265 2467 1291 2532; x_wconf 88' lang='lat' dir='ltr'>si</span> <span class='ocrx_word' id='word_1_230' title='bbox 1307 2488 1368 2532; x_wconf 92' lang='lat' dir='ltr'>non</span> 
     </span>
     <span class='ocr_line' id='line_1_23' title="bbox 144 2567 1367 2651; baseline 0.003 -21"><span class='ocrx_word' id='word_1_231' title='bbox 144 2578 191 2630; x_wconf 88' lang='lat' dir='ltr'>est</span> <span class='ocrx_word' id='word_1_232' title='bbox 212 2567 314 2642; x_wconf 79' lang='lat' dir='ltr'>Filius,</span> <span class='ocrx_word' id='word_1_233' title='bbox 336 2570 389 2632; x_wconf 90' lang='lat' dir='ltr'>sed</span> <span class='ocrx_word' id='word_1_234' title='bbox 411 2590 427 2632; x_wconf 90' lang='lat' dir='ltr'>e</span> <span class='ocrx_word' id='word_1_235' title='bbox 450 2571 542 2633; x_wconf 90' lang='lat' dir='ltr'>nihilo</span> <span class='ocrx_word' id='word_1_236' title='bbox 564 2580 610 2634; x_wconf 87' lang='lat' dir='ltr'>est</span> <span class='ocrx_word' id='word_1_237' title='bbox 632 2574 741 2644; x_wconf 87' lang='lat' dir='ltr'>laetus,</span> <span class='ocrx_word' id='word_1_238' title='bbox 764 2570 793 2632; x_wconf 90' lang='lat' dir='ltr'>id</span> <span class='ocrx_word' id='word_1_239' title='bbox 817 2570 945 2651; x_wconf 86' lang='lat' dir='ltr'>primurn</span> <span class='ocrx_word' id='word_1_240' title='bbox 966 2568 1023 2649; x_wconf 90' lang='lat' dir='ltr'>ipsi</span> <span class='ocrx_word' id='word_1_241' title='bbox 1046 2571 1182 2650; x_wconf 84' lang='lat' dir='ltr'>probent,</span> <span class='ocrx_word' id='word_1_242' title='bbox 1205 2591 1240 2634; x_wconf 88' lang='lat' dir='ltr'>ac</span> <span class='ocrx_word' id='word_1_243' title='bbox 1260 2571 1367 2634; x_wconf 88' lang='lat' dir='ltr'>deinde</span> 
     </span>
     <span class='ocr_line' id='line_1_24' title="bbox 143 2668 1367 2752; baseline 0.004 -21"><span class='ocrx_word' id='word_1_244' title='bbox 143 2668 230 2732; x_wconf 89' lang='lat' dir='ltr'>lioeet</span> <span class='ocrx_word' id='word_1_245' title='bbox 250 2670 308 2732; x_wconf 90' lang='lat' dir='ltr'>illis</span> <span class='ocrx_word' id='word_1_246' title='bbox 330 2680 466 2752; x_wconf 73' lang='lat' dir='ltr'>munnam</span> <span class='ocrx_word' id='word_1_247' title='bbox 488 2673 525 2736; x_wconf 88' lang='lat' dir='ltr'>de</span> <span class='ocrx_word' id='word_1_248' title='bbox 547 2693 580 2736; x_wconf 92' lang='lat' dir='ltr'>re</span> <span class='ocrx_word' id='word_1_249' title='bbox 602 2676 676 2737; x_wconf 88' lang='lat' dir='ltr'>laeta</span> <span class='ocrx_word' id='word_1_250' title='bbox 698 2673 861 2736; x_wconf 85' lang='lat' dir='ltr'>clamitare:</span> <span class='ocrx_word' id='word_1_251' title='bbox 884 2671 951 2734; x_wconf 85' lang='lat' dir='ltr'>Fuit</span> <span class='ocrx_word' id='word_1_252' title='bbox 965 2672 1123 2752; x_wconf 87' lang='lat' dir='ltr'>aliqnando</span> <span class='ocrx_word' id='word_1_253' title='bbox 1144 2691 1211 2736; x_wconf 90' lang='lat' dir='ltr'>eum</span> <span class='ocrx_word' id='word_1_254' title='bbox 1232 2693 1293 2736; x_wconf 88' lang='lat' dir='ltr'>non</span> <span class='ocrx_word' id='word_1_255' title='bbox 1316 2691 1367 2736; x_wconf 87' lang='lat' dir='ltr'>es-</span> 
     </span>
     <span class='ocr_line' id='line_1_25' title="bbox 143 2773 1368 2854; baseline 0.003 -22"><span class='ocrx_word' id='word_1_256' title='bbox 143 2779 205 2844; x_wconf 82' lang='lat' dir='ltr'>set3</span> <span class='ocrx_word' id='word_1_257' title='bbox 234 2791 284 2833; x_wconf 90' lang='lat' dir='ltr'>res</span> <span class='ocrx_word' id='word_1_258' title='bbox 305 2773 413 2854; x_wconf 86' lang='lat' dir='ltr'>quippe</span> <span class='ocrx_word' id='word_1_259' title='bbox 435 2793 509 2854; x_wconf 90' lang='lat' dir='ltr'>quae</span> <span class='ocrx_word' id='word_1_260' title='bbox 531 2776 624 2837; x_wconf 85' lang='lat' dir='ltr'>laetae</span> <span class='ocrx_word' id='word_1_261' title='bbox 646 2782 730 2848; x_wconf 90' lang='lat' dir='ltr'>sunt,</span> <span class='ocrx_word' id='word_1_262' title='bbox 760 2782 845 2836; x_wconf 85' lang='lat' dir='ltr'>antea</span> <span class='ocrx_word' id='word_1_263' title='bbox 868 2783 947 2836; x_wconf 86' lang='lat' dir='ltr'>certe</span> <span class='ocrx_word' id='word_1_264' title='bbox 970 2793 1031 2836; x_wconf 90' lang='lat' dir='ltr'>non</span> <span class='ocrx_word' id='word_1_265' title='bbox 1053 2781 1144 2836; x_wconf 84' lang='lat' dir='ltr'>erant</span> <span class='ocrx_word' id='word_1_266' title='bbox 1191 2776 1250 2838; x_wconf 88' lang='lat' dir='ltr'>Sed</span> <span class='ocrx_word' id='word_1_267' title='bbox 1273 2775 1300 2838; x_wconf 91' lang='lat' dir='ltr'>si</span> <span class='ocrx_word' id='word_1_268' title='bbox 1322 2781 1368 2836; x_wconf 88' lang='lat' dir='ltr'>est</span> 
     </span>
     <span class='ocr_line' id='line_1_26' title="bbox 143 2853 1415 2954; baseline 0.002 -22"><span class='ocrx_word' id='word_1_269' title='bbox 143 2871 235 2933; x_wconf 82' lang='lat' dir='ltr'>Filius</span> <span class='ocrx_word' id='word_1_270' title='bbox 257 2873 311 2947; x_wconf 88' lang='lat' dir='ltr'>(uti</span> <span class='ocrx_word' id='word_1_271' title='bbox 333 2874 419 2933; x_wconf 87' lang='lat' dir='ltr'>Pater</span> <span class='ocrx_word' id='word_1_272' title='bbox 441 2882 567 2935; x_wconf 89' lang='lat' dir='ltr'>testatur</span> <span class='ocrx_word' id='word_1_273' title='bbox 590 2884 620 2934; x_wconf 86' lang='lat' dir='ltr'>et</span> <span class='ocrx_word' id='word_1_274' title='bbox 642 2873 813 2954; x_wconf 82' lang='lat' dir='ltr'>Scripturas</span> <span class='ocrx_word' id='word_1_275' title='bbox 834 2873 1031 2954; x_wconf 81' lang='lat' dir='ltr'>praedicant),</span> <span class='ocrx_word' id='word_1_276' title='bbox 1062 2875 1154 2938; x_wconf 81' lang='lat' dir='ltr'>Filius</span> <span class='ocrx_word' id='word_1_277' title='bbox 1175 2884 1272 2937; x_wconf 87' lang='lat' dir='ltr'>autem</span> <span class='ocrx_word' id='word_1_278' title='bbox 1295 2873 1368 2936; x_wconf 90' lang='lat' dir='ltr'>nibil</span> <span class='ocrx_word' id='word_1_279' title='bbox 1411 2853 1415 2866; x_wconf 50' lang='lat'>⁸</span> 
     </span>
     <span class='ocr_line' id='line_1_27' title="bbox 144 2971 1368 3054; baseline 0 -20"><span class='ocrx_word' id='word_1_280' title='bbox 144 2971 223 3034; x_wconf 87' lang='lat' dir='ltr'>aliud</span> <span class='ocrx_word' id='word_1_281' title='bbox 245 2981 291 3032; x_wconf 88' lang='lat' dir='ltr'>est</span> <span class='ocrx_word' id='word_1_282' title='bbox 312 2990 399 3050; x_wconf 89' lang='lat' dir='ltr'>quam</span> <span class='ocrx_word' id='word_1_283' title='bbox 420 2973 500 3050; x_wconf 88' lang='lat' dir='ltr'>quod</span> <span class='ocrx_word' id='word_1_284' title='bbox 522 2991 558 3034; x_wconf 85' lang='lat' dir='ltr'>ex</span> <span class='ocrx_word' id='word_1_285' title='bbox 579 2973 667 3034; x_wconf 86' lang='lat' dir='ltr'>Patre</span> <span class='ocrx_word' id='word_1_286' title='bbox 688 2974 826 3051; x_wconf 88' lang='lat' dir='ltr'>gignitur,</span> <span class='ocrx_word' id='word_1_287' title='bbox 849 2974 938 3054; x_wconf 90' lang='lat' dir='ltr'>idque</span> <span class='ocrx_word' id='word_1_288' title='bbox 960 2973 1039 3051; x_wconf 88' lang='lat' dir='ltr'>quod</span> <span class='ocrx_word' id='word_1_289' title='bbox 1062 2993 1097 3034; x_wconf 84' lang='lat' dir='ltr'>ex</span> <span class='ocrx_word' id='word_1_290' title='bbox 1120 2975 1205 3035; x_wconf 84' lang='lat' dir='ltr'>Patre</span> <span class='ocrx_word' id='word_1_291' title='bbox 1227 2973 1368 3052; x_wconf 90' lang='lat' dir='ltr'>gignitur,</span> 
     </span>
     <span class='ocr_line' id='line_1_28' title="bbox 145 3071 1369 3153; baseline -0.002 -19"><span class='ocrx_word' id='word_1_292' title='bbox 145 3074 209 3134; x_wconf 90' lang='lat' dir='ltr'>eius</span> <span class='ocrx_word' id='word_1_293' title='bbox 231 3079 280 3134; x_wconf 89' lang='lat' dir='ltr'>est</span> <span class='ocrx_word' id='word_1_294' title='bbox 301 3071 429 3134; x_wconf 82' lang='lat' dir='ltr'>Verbum</span> <span class='ocrx_word' id='word_1_295' title='bbox 451 3080 480 3133; x_wconf 90' lang='lat' dir='ltr'>et</span> <span class='ocrx_word' id='word_1_296' title='bbox 502 3071 653 3152; x_wconf 87' lang='lat' dir='ltr'>Sapientia</span> <span class='ocrx_word' id='word_1_297' title='bbox 675 3080 703 3132; x_wconf 89' lang='lat' dir='ltr'>et</span> <span class='ocrx_word' id='word_1_298' title='bbox 724 3073 885 3153; x_wconf 86' lang='lat' dir='ltr'>splendor,</span> <span class='ocrx_word' id='word_1_299' title='bbox 907 3071 976 3150; x_wconf 88' lang='lat' dir='ltr'>quid</span> <span class='ocrx_word' id='word_1_300' title='bbox 999 3073 1077 3134; x_wconf 91' lang='lat' dir='ltr'>aliud</span> <span class='ocrx_word' id='word_1_301' title='bbox 1099 3073 1166 3134; x_wconf 90' lang='lat' dir='ltr'>inde</span> <span class='ocrx_word' id='word_1_302' title='bbox 1189 3071 1369 3135; x_wconf 86' lang='lat' dir='ltr'>concluden-</span> 
     </span>
     <span class='ocr_line' id='line_1_29' title="bbox 146 3170 1369 3253; baseline -0.004 -18"><span class='ocrx_word' id='word_1_303' title='bbox 146 3175 215 3236; x_wconf 91' lang='lat' dir='ltr'>dum</span> <span class='ocrx_word' id='word_1_304' title='bbox 237 3181 294 3248; x_wconf 88' lang='lat' dir='ltr'>est,</span> <span class='ocrx_word' id='word_1_305' title='bbox 317 3191 404 3253; x_wconf 88' lang='lat' dir='ltr'>quern</span> <span class='ocrx_word' id='word_1_306' title='bbox 427 3191 490 3247; x_wconf 85' lang='lat' dir='ltr'>eoo,</span> <span class='ocrx_word' id='word_1_307' title='bbox 514 3172 564 3252; x_wconf 86' lang='lat' dir='ltr'>qni</span> <span class='ocrx_word' id='word_1_308' title='bbox 586 3171 703 3234; x_wconf 86' lang='lat' dir='ltr'>dieunt:</span> <span class='ocrx_word' id='word_1_309' title='bbox 725 3172 793 3233; x_wconf 86' lang='lat' dir='ltr'>Fuit</span> <span class='ocrx_word' id='word_1_310' title='bbox 814 3171 979 3251; x_wconf 86' lang='lat' dir='ltr'>aliquando,</span> <span class='ocrx_word' id='word_1_311' title='bbox 1003 3191 1069 3233; x_wconf 92' lang='lat' dir='ltr'>eum</span> <span class='ocrx_word' id='word_1_312' title='bbox 1091 3191 1152 3234; x_wconf 89' lang='lat' dir='ltr'>non</span> <span class='ocrx_word' id='word_1_313' title='bbox 1169 3180 1252 3233; x_wconf 87' lang='lat' dir='ltr'>esset</span> <span class='ocrx_word' id='word_1_314' title='bbox 1265 3170 1369 3241; x_wconf 78' lang='lat' dir='ltr'>Filius,</span> 
     </span>
     <span class='ocr_line' id='line_1_30' title="bbox 147 3273 1370 3354; baseline -0.003 -18"><span class='ocrx_word' id='word_1_315' title='bbox 147 3275 225 3338; x_wconf 84' lang='lat' dir='ltr'>velut</span> <span class='ocrx_word' id='word_1_316' title='bbox 246 3276 327 3336; x_wconf 85' lang='lat' dir='ltr'>lares</span> <span class='ocrx_word' id='word_1_317' title='bbox 350 3275 493 3354; x_wconf 86' lang='lat' dir='ltr'>quosdam</span> <span class='ocrx_word' id='word_1_318' title='bbox 509 3274 637 3337; x_wconf 83' lang='lat' dir='ltr'>Verbum</span> <span class='ocrx_word' id='word_1_319' title='bbox 659 3273 752 3336; x_wconf 82' lang='lat' dir='ltr'>olleo</span> <span class='ocrx_word' id='word_1_320' title='bbox 775 3273 941 3348; x_wconf 86' lang='lat' dir='ltr'>detrahere,</span> <span class='ocrx_word' id='word_1_321' title='bbox 963 3283 1121 3354; x_wconf 87' lang='lat' dir='ltr'>aperteque</span> <span class='ocrx_word' id='word_1_322' title='bbox 1143 3274 1286 3336; x_wconf 82' lang='lat' dir='ltr'>adversus</span> <span class='ocrx_word' id='word_1_323' title='bbox 1302 3289 1370 3333; x_wconf 88' lang='lat' dir='ltr'>eum</span> 
     </span>
     <span class='ocr_line' id='line_1_31' title="bbox 147 3371 1369 3457; baseline -0.002 -19"><span class='ocrx_word' id='word_1_324' title='bbox 147 3375 335 3450; x_wconf 85' lang='lat' dir='ltr'>contendere,</span> <span class='ocrx_word' id='word_1_325' title='bbox 358 3376 457 3456; x_wconf 92' lang='lat' dir='ltr'>ipsum</span> <span class='ocrx_word' id='word_1_326' title='bbox 477 3379 572 3440; x_wconf 87' lang='lat' dir='ltr'>luisse</span> <span class='ocrx_word' id='word_1_327' title='bbox 594 3376 751 3456; x_wconf 88' lang='lat' dir='ltr'>aliquando</span> <span class='ocrx_word' id='word_1_328' title='bbox 773 3377 839 3438; x_wconf 89' lang='lat' dir='ltr'>sine</span> <span class='ocrx_word' id='word_1_329' title='bbox 860 3376 983 3457; x_wconf 91' lang='lat' dir='ltr'>proprio</span> <span class='ocrx_word' id='word_1_330' title='bbox 1006 3393 1062 3439; x_wconf 90' lang='lat' dir='ltr'>suo</span> <span class='ocrx_word' id='word_1_331' title='bbox 1076 3375 1170 3438; x_wconf 89' lang='lat' dir='ltr'>Verbo</span> <span class='ocrx_word' id='word_1_332' title='bbox 1194 3383 1223 3438; x_wconf 90' lang='lat' dir='ltr'>et</span> <span class='ocrx_word' id='word_1_333' title='bbox 1243 3371 1369 3456; x_wconf 89' lang='lat' dir='ltr'>Sapien-</span> 
     </span>
     <span class='ocr_line' id='line_1_32' title="bbox 148 3477 1370 3559; baseline 0 -19"><span class='ocrx_word' id='word_1_334' title='bbox 148 3478 196 3554; x_wconf 84' lang='lat' dir='ltr'>tia,</span> <span class='ocrx_word' id='word_1_335' title='bbox 220 3478 314 3539; x_wconf 87' lang='lat' dir='ltr'>lucem</span> <span class='ocrx_word' id='word_1_336' title='bbox 338 3477 429 3540; x_wconf 86' lang='lat' dir='ltr'>inisse</span> <span class='ocrx_word' id='word_1_337' title='bbox 450 3479 606 3559; x_wconf 87' lang='lat' dir='ltr'>aliquando</span> <span class='ocrx_word' id='word_1_338' title='bbox 629 3479 694 3542; x_wconf 88' lang='lat' dir='ltr'>sine</span> <span class='ocrx_word' id='word_1_339' title='bbox 716 3479 893 3559; x_wconf 88' lang='lat' dir='ltr'>splendore,</span> <span class='ocrx_word' id='word_1_340' title='bbox 915 3481 1028 3540; x_wconf 89' lang='lat' dir='ltr'>iontem</span> <span class='ocrx_word' id='word_1_341' title='bbox 1051 3477 1182 3540; x_wconf 89' lang='lat' dir='ltr'>sterilem</span> <span class='ocrx_word' id='word_1_342' title='bbox 1204 3487 1234 3540; x_wconf 90' lang='lat' dir='ltr'>et</span> <span class='ocrx_word' id='word_1_343' title='bbox 1254 3477 1370 3540; x_wconf 88' lang='lat' dir='ltr'>aridum</span> 
     </span>
     <span class='ocr_line' id='line_1_33' title="bbox 148 3577 1369 3662; baseline 0 -20"><span class='ocrx_word' id='word_1_344' title='bbox 148 3577 238 3642; x_wconf 75' lang='lat' dir='ltr'>esse?</span> <span class='ocrx_word' id='word_1_345' title='bbox 282 3578 354 3640; x_wconf 90' lang='lat' dir='ltr'>Nam</span> <span class='ocrx_word' id='word_1_346' title='bbox 386 3581 502 3644; x_wconf 85' lang='lat' dir='ltr'>temetsi</span> <span class='ocrx_word' id='word_1_347' title='bbox 525 3581 669 3661; x_wconf 88' lang='lat' dir='ltr'>temporis</span> <span class='ocrx_word' id='word_1_348' title='bbox 691 3599 801 3644; x_wconf 88' lang='lat' dir='ltr'>nomen</span> <span class='ocrx_word' id='word_1_349' title='bbox 822 3589 903 3644; x_wconf 89' lang='lat' dir='ltr'>metu</span> <span class='ocrx_word' id='word_1_350' title='bbox 925 3581 954 3642; x_wconf 95' lang='lat' dir='ltr'>id</span> <span class='ocrx_word' id='word_1_351' title='bbox 976 3581 1033 3644; x_wconf 89' lang='lat' dir='ltr'>sibi</span> <span class='ocrx_word' id='word_1_352' title='bbox 1056 3581 1296 3662; x_wconf 85' lang='lat' dir='ltr'>exprobrantium</span> <span class='ocrx_word' id='word_1_353' title='bbox 1317 3597 1369 3642; x_wconf 93' lang='lat' dir='ltr'>re-</span> 
     </span>
     <span class='ocr_line' id='line_1_34' title="bbox 149 3679 1370 3763; baseline 0.002 -21"><span class='ocrx_word' id='word_1_354' title='bbox 149 3682 249 3762; x_wconf 87' lang='lat' dir='ltr'>ingere</span> <span class='ocrx_word' id='word_1_355' title='bbox 273 3679 446 3743; x_wconf 87' lang='lat' dir='ltr'>simulantes</span> <span class='ocrx_word' id='word_1_356' title='bbox 469 3683 614 3758; x_wconf 81' lang='lat' dir='ltr'>latentur,</span> <span class='ocrx_word' id='word_1_357' title='bbox 644 3703 711 3746; x_wconf 87' lang='lat' dir='ltr'>eum</span> <span class='ocrx_word' id='word_1_358' title='bbox 739 3691 807 3746; x_wconf 86' lang='lat' dir='ltr'>ante</span> <span class='ocrx_word' id='word_1_359' title='bbox 837 3692 971 3763; x_wconf 88' lang='lat' dir='ltr'>tempora</span> <span class='ocrx_word' id='word_1_360' title='bbox 1000 3684 1150 3758; x_wconf 75' lang='lat' dir='ltr'>extitisse3</span> <span class='ocrx_word' id='word_1_361' title='bbox 1185 3691 1280 3745; x_wconf 88' lang='lat' dir='ltr'>tamen</span> <span class='ocrx_word' id='word_1_362' title='bbox 1302 3681 1370 3762; x_wconf 83' lang='lat' dir='ltr'>quia</span> 
     </span>
     <span class='ocr_line' id='line_1_35' title="bbox 148 3780 1370 3874; baseline 0.004 -33"><span class='ocrx_word' id='word_1_363' title='bbox 148 3780 290 3859; x_wconf 84' lang='lat' dir='ltr'>quaedam</span> <span class='ocrx_word' id='word_1_364' title='bbox 313 3781 457 3874; x_wconf 87' lang='lat' dir='ltr'>deliniunt</span> <span class='ocrx_word' id='word_1_365' title='bbox 475 3783 637 3858; x_wconf 79' lang='lat' dir='ltr'>intervalla,</span> <span class='ocrx_word' id='word_1_366' title='bbox 660 3785 691 3846; x_wconf 90' lang='lat' dir='ltr'>in</span> <span class='ocrx_word' id='word_1_367' title='bbox 713 3785 821 3866; x_wconf 89' lang='lat' dir='ltr'>quibus</span> <span class='ocrx_word' id='word_1_368' title='bbox 842 3785 939 3865; x_wconf 90' lang='lat' dir='ltr'>ipsum</span> <span class='ocrx_word' id='word_1_369' title='bbox 961 3803 1022 3846; x_wconf 89' lang='lat' dir='ltr'>non</span> <span class='ocrx_word' id='word_1_370' title='bbox 1044 3785 1136 3848; x_wconf 89' lang='lat' dir='ltr'>luisse</span> <span class='ocrx_word' id='word_1_371' title='bbox 1152 3784 1264 3858; x_wconf 79' lang='lat' dir='ltr'>uolunt,</span> <span class='ocrx_word' id='word_1_372' title='bbox 1286 3783 1370 3846; x_wconf 84' lang='lat' dir='ltr'>vaide</span> 
     </span>
    </p>
   </div>
   <div class='ocr_carea' id='block_1_5' title="bbox 108 4028 1371 4578">
    <p class='ocr_par' dir='ltr' id='par_1_5' title="bbox 150 4028 1371 4240">
     <span class='ocr_line' id='line_1_36' title="bbox 183 4028 1371 4102; baseline 0.003 -18"><span class='ocrx_word' id='word_1_373' title='bbox 183 4049 204 4096; x_wconf 82' lang='lat' dir='ltr'>g.</span> <span class='ocrx_word' id='word_1_374' title='bbox 223 4030 424 4097; x_wconf 77' lang='lat' dir='ltr'>Seguerian.rtui</span> <span class='ocrx_word' id='word_1_375' title='bbox 441 4028 571 4092; x_wconf 72' lang='grc' dir='ltr'><strong><em>ὦςθεοῦ,</em></strong></span> <span class='ocrx_word' id='word_1_376' title='bbox 592 4043 617 4085; x_wconf 89' lang='lat' dir='ltr'>ut</span> <span class='ocrx_word' id='word_1_377' title='bbox 635 4037 733 4087; x_wconf 80' lang='lat' dir='ltr'>etllen·</span> <span class='ocrx_word' id='word_1_378' title='bbox 819 4038 841 4088; x_wconf 86' lang='lat' dir='ltr'>l.</span> <span class='ocrx_word' id='word_1_379' title='bbox 860 4037 900 4088; x_wconf 88' lang='lat' dir='ltr'>Sic</span> <span class='ocrx_word' id='word_1_380' title='bbox 924 4039 1063 4102; x_wconf 84' lang='lat' dir='ltr'>Seguerian.</span> <span class='ocrx_word' id='word_1_381' title='bbox 1092 4038 1149 4100; x_wconf 81' lang='lat' dir='ltr'>lleg.</span> <span class='ocrx_word' id='word_1_382' title='bbox 1179 4037 1317 4089; x_wconf 83' lang='lat' dir='ltr'>Gobierirn.</span> <span class='ocrx_word' id='word_1_383' title='bbox 1346 4045 1371 4088; x_wconf 83' lang='lat' dir='ltr'>et</span> 
     </span>
     <span class='ocr_line' id='line_1_37' title="bbox 150 4097 1370 4164; baseline 0.001 -13"><span class='ocrx_word' id='word_1_384' title='bbox 150 4103 203 4152; x_wconf 87' lang='lat' dir='ltr'>nius</span> <span class='ocrx_word' id='word_1_385' title='bbox 222 4103 288 4164; x_wconf 80' lang='lat' dir='ltr'>legit.</span> <span class='ocrx_word' id='word_1_386' title='bbox 325 4097 647 4154; x_wconf 67' lang='lat' dir='ltr'>interminacione.</span> <span class='ocrx_word' id='word_1_387' title='bbox 682 4103 734 4154; x_wconf 87' lang='lat' dir='ltr'>linx</span> <span class='ocrx_word' id='word_1_388' title='bbox 785 4105 921 4155; x_wconf 80' lang='lat' dir='ltr'>l&#39;elrirman.</span> <span class='ocrx_word' id='word_1_389' title='bbox 940 4107 960 4155; x_wconf 92' lang='lat' dir='ltr'>l.</span> <span class='ocrx_word' id='word_1_390' title='bbox 997 4107 1058 4156; x_wconf 82' lang='lat' dir='ltr'>Editi</span> <span class='ocrx_word' id='word_1_391' title='bbox 1083 4119 1138 4155; x_wconf 87' lang='lat' dir='ltr'>rere</span> <span class='ocrx_word' id='word_1_392' title='bbox 1164 4114 1188 4156; x_wconf 90' lang='lat' dir='ltr'>et</span> <span class='ocrx_word' id='word_1_393' title='bbox 1211 4106 1251 4156; x_wconf 83' lang='lat' dir='ltr'>aiii</span> <span class='ocrx_word' id='word_1_394' title='bbox 1274 4097 1303 4153; x_wconf 84' lang='lat' dir='ltr'>br</span> <span class='ocrx_word' id='word_1_395' title='bbox 1321 4102 1370 4153; x_wconf 79' lang='grc' dir='ltr'>τοῦ</span> 
     </span>
     <span class='ocr_line' id='line_1_38' title="bbox 150 4161 860 4240; baseline -0.001 -20"><span class='ocrx_word' id='word_1_396' title='bbox 150 4170 254 4221; x_wconf 75' lang='lat' dir='ltr'>ielcltm.</span> <span class='ocrx_word' id='word_1_397' title='bbox 266 4171 289 4220; x_wconf 79' lang='lat'>5.</span> <span class='ocrx_word' id='word_1_398' title='bbox 309 4161 405 4224; x_wconf 70' lang='lat' dir='ltr'>iretur</span> <span class='ocrx_word' id='word_1_399' title='bbox 421 4163 561 4240; x_wconf 63' lang='lat' dir='ltr'>buxipgmr.</span> <span class='ocrx_word' id='word_1_400' title='bbox 784 4170 860 4222; x_wconf 72' lang='lat' dir='ltr'>areo.</span> 
     </span>
    </p>

    <p class='ocr_par' dir='ltr' id='par_1_6' title="bbox 785 4237 1368 4358">
     <span class='ocr_line' id='line_1_39' title="bbox 820 4237 1368 4304; baseline -0.002 -15"><span class='ocrx_word' id='word_1_401' title='bbox 820 4243 835 4290; x_wconf 93' lang='lat' dir='ltr'>l.</span> <span class='ocrx_word' id='word_1_402' title='bbox 855 4241 895 4291; x_wconf 84' lang='lat' dir='ltr'>Sic</span> <span class='ocrx_word' id='word_1_403' title='bbox 914 4241 1022 4304; x_wconf 79' lang='lat' dir='ltr'>Segner,</span> <span class='ocrx_word' id='word_1_404' title='bbox 1042 4241 1097 4302; x_wconf 82' lang='lat' dir='ltr'>Reg.</span> <span class='ocrx_word' id='word_1_405' title='bbox 1117 4247 1141 4290; x_wconf 91' lang='lat' dir='ltr'>et</span> <span class='ocrx_word' id='word_1_406' title='bbox 1159 4241 1232 4292; x_wconf 85' lang='lat' dir='ltr'>editio</span> <span class='ocrx_word' id='word_1_407' title='bbox 1250 4237 1368 4289; x_wconf 85' lang='lat' dir='ltr'>Commel.</span> 
     </span>
     <span class='ocr_line' id='line_1_40' title="bbox 785 4298 1366 4358; baseline -0.009 -2"><span class='ocrx_word' id='word_1_408' title='bbox 785 4307 814 4357; x_wconf 76' lang='lat' dir='ltr'>bt</span> <span class='ocrx_word' id='word_1_409' title='bbox 832 4309 968 4357; x_wconf 82' lang='lat' dir='ltr'>Goblerion.</span> <span class='ocrx_word' id='word_1_410' title='bbox 995 4315 1018 4358; x_wconf 87' lang='lat' dir='ltr'>et</span> <span class='ocrx_word' id='word_1_411' title='bbox 1036 4309 1139 4358; x_wconf 78' lang='lat' dir='ltr'>i’elrbm.</span> <span class='ocrx_word' id='word_1_412' title='bbox 1152 4308 1173 4358; x_wconf 92' lang='lat' dir='ltr'>i.</span> <span class='ocrx_word' id='word_1_413' title='bbox 1192 4298 1366 4356; x_wconf 65' lang='lat' dir='ltr'>maculatae</span> 
     </span>
    </p>

    <p class='ocr_par' dir='ltr' id='par_1_7' title="bbox 150 4362 1369 4522">
     <span class='ocr_line' id='line_1_41' title="bbox 182 4362 1369 4436; baseline -0.001 -15"><span class='ocrx_word' id='word_1_414' title='bbox 182 4371 197 4421; x_wconf 91' lang='lat' dir='ltr'>i.</span> <span class='ocrx_word' id='word_1_415' title='bbox 216 4362 261 4420; x_wconf 74' lang='grc' dir='ltr'>ὅτι</span> <span class='ocrx_word' id='word_1_416' title='bbox 288 4371 356 4424; x_wconf 86' lang='lat' dir='ltr'>deest</span> <span class='ocrx_word' id='word_1_417' title='bbox 375 4375 397 4424; x_wconf 93' lang='lat' dir='ltr'>in</span> <span class='ocrx_word' id='word_1_418' title='bbox 417 4375 516 4436; x_wconf 82' lang='lat' dir='ltr'>Seguer.</span> <span class='ocrx_word' id='word_1_419' title='bbox 536 4375 682 4426; x_wconf 84' lang='lat' dir='ltr'>Gobleriaoo</span> <span class='ocrx_word' id='word_1_420' title='bbox 710 4383 733 4425; x_wconf 85' lang='lat' dir='ltr'>et</span> <span class='ocrx_word' id='word_1_421' title='bbox 786 4375 877 4424; x_wconf 86' lang='lat' dir='ltr'>ibidem</span> <span class='ocrx_word' id='word_1_422' title='bbox 897 4377 993 4425; x_wconf 86' lang='lat' dir='ltr'>Gobler.</span> <span class='ocrx_word' id='word_1_423' title='bbox 1019 4385 1042 4427; x_wconf 85' lang='lat' dir='ltr'>et</span> <span class='ocrx_word' id='word_1_424' title='bbox 1059 4376 1164 4426; x_wconf 78' lang='lat' dir='ltr'>Valcbm.</span> <span class='ocrx_word' id='word_1_425' title='bbox 1180 4375 1201 4424; x_wconf 92' lang='lat' dir='ltr'>l.</span> <span class='ocrx_word' id='word_1_426' title='bbox 1220 4365 1369 4436; x_wconf 81' lang='grc' dir='ltr'>τὸνλόγον</span> 
     </span>
     <span class='ocr_line' id='line_1_42' title="bbox 150 4432 932 4522; baseline 0.005 -36"><span class='ocrx_word' id='word_1_427' title='bbox 150 4437 253 4490; x_wconf 73' lang='lat' dir='ltr'>Feiclm,</span> <span class='ocrx_word' id='word_1_428' title='bbox 267 4441 288 4490; x_wconf 93' lang='lat' dir='ltr'>l.</span> <span class='ocrx_word' id='word_1_429' title='bbox 325 4441 376 4490; x_wconf 90' lang='lat' dir='ltr'>llox</span> <span class='ocrx_word' id='word_1_430' title='bbox 395 4444 534 4522; x_wconf 69' lang='lat' dir='ltr'>Segestica.</span> <span class='ocrx_word' id='word_1_431' title='bbox 555 4436 590 4490; x_wconf 75' lang='grc' dir='ltr'>τὰ</span> <span class='ocrx_word' id='word_1_432' title='bbox 606 4436 731 4506; x_wconf 71' lang='lat' dir='ltr'>penard.</span> <span class='ocrx_word' id='word_1_433' title='bbox 784 4432 839 4490; x_wconf 74' lang='lat' dir='ltr'>dut</span> <span class='ocrx_word' id='word_1_434' title='bbox 857 4441 932 4490; x_wconf 73' lang='grc' dir='ltr'><strong>θεοῦ.</strong></span> 
     </span>
    </p>

    <p class='ocr_par' dir='ltr' id='par_1_8' title="bbox 108 4502 1161 4578">
     <span class='ocr_line' id='line_1_43' title="bbox 108 4502 1161 4578; baseline 0.002 -22"><span class='ocrx_word' id='word_1_435' title='bbox 108 4507 113 4516; x_wconf 92' lang='grc'><strong>’</strong></span> <span class='ocrx_word' id='word_1_436' title='bbox 150 4505 215 4557; x_wconf 89' lang='lat' dir='ltr'>ldem</span> <span class='ocrx_word' id='word_1_437' title='bbox 234 4523 288 4558; x_wconf 90' lang='lat' dir='ltr'>mox</span> <span class='ocrx_word' id='word_1_438' title='bbox 306 4507 387 4558; x_wconf 79' lang='grc' dir='ltr'><em>τοῦτο</em></span> <span class='ocrx_word' id='word_1_439' title='bbox 404 4523 461 4578; x_wconf 78' lang='grc' dir='ltr'>γαρ</span> <span class='ocrx_word' id='word_1_440' title='bbox 479 4502 494 4558; x_wconf 78' lang='grc' dir='ltr'><strong>ὁ</strong></span> <span class='ocrx_word' id='word_1_441' title='bbox 512 4502 611 4576; x_wconf 64' lang='grc' dir='ltr'><em>πατέρ.</em></span> <span class='ocrx_word' id='word_1_442' title='bbox 818 4524 850 4559; x_wconf 89' lang='lat' dir='ltr'>m.</span> <span class='ocrx_word' id='word_1_443' title='bbox 868 4513 967 4573; x_wconf 76' lang='lat' dir='ltr'>Seguer.</span> <span class='ocrx_word' id='word_1_444' title='bbox 985 4507 1034 4570; x_wconf 67' lang='lat' dir='ltr'>rsit·</span> <span class='ocrx_word' id='word_1_445' title='bbox 1050 4503 1161 4574; x_wconf 70' lang='lat' dir='ltr'>raptae.</span> 
     </span>
    </p>
   </div>
   <div class='ocr_carea' id='block_1_6' title="bbox 177 4263 565 4335">
    <p class='ocr_par' dir='ltr' id='par_1_9' title="bbox 177 4263 565 4335">
     <span class='ocr_line' id='line_1_44' title="bbox 177 4263 565 4335; baseline 0.005 -15"><span class='ocrx_word' id='word_1_446' title='bbox 177 4271 204 4320; x_wconf 79' lang='lat' dir='ltr'>b.</span> <span class='ocrx_word' id='word_1_447' title='bbox 225 4263 257 4318; x_wconf 74' lang='lat' dir='ltr'>sd</span> <span class='ocrx_word' id='word_1_448' title='bbox 276 4271 343 4322; x_wconf 83' lang='lat' dir='ltr'>deest</span> <span class='ocrx_word' id='word_1_449' title='bbox 368 4274 390 4322; x_wconf 90' lang='lat' dir='ltr'>in</span> <span class='ocrx_word' id='word_1_450' title='bbox 409 4273 565 4335; x_wconf 80' lang='lat' dir='ltr'>Segnerienn.</span> 
     </span>
    </p>
   </div>
   <div class='ocr_carea' id='block_1_7' title="bbox 0 0 1627 5046">
    <p class='ocr_par' dir='ltr' id='par_1_10' title="bbox 0 0 1627 5046">
     <span class='ocr_line' id='line_1_45' title="bbox 0 0 1627 5046; baseline 0 0"><span class='ocrx_word' id='word_1_451' title='bbox 0 0 1627 5046; x_wconf 95' lang='lat' dir='ltr'> </span> 
     </span>
    </p>
   </div>
  </div>
 </body>
</html>
