3212 5060
284 258 348 320 564
680 266 704 310 s.
720 264 873 310 κτακαιειι
887 263 1111 312 ιασσῐυυιεσουι

198 420 324 490 κειται)
345 423 528 506 παραγίνῃ,·
563 409 674 484 ·εῖπεν
696 407 810 494 αὐτοῖς
831 413 1076 504 φανερώτερον·
1097 407 1156 498 οόχ
1177 409 1268 500 ἀμῶν
1290 415 1362 482 ἐστι
1377 417 1499 501 γνῶναι

209 545 215 560 ’
280 521 416 612 χρόνους
435 513 457 607 ἢ
477 516 619 603 καιρούς,
643 514 700 595 οῦς
722 512 740 582 6
762 514 872 602 πατὴρ
894 515 993 584 ἔθετο
1016 516 1049 584 έν
1071 519 1111 603 τῇ
1134 517 1205 604 ι’όίᾳ
1227 517 1358 605 ἐξουσίᾳ
1367 521 1401 598 ¹).
1425 523 1497 584 11καὶ

282 619 340 692 οῦκ
361 617 436 690 εἶπε
455 619 547 688 τότε·
571 613 647 686 οῦόὲ
669 613 688 682 6
709 615 790 698 υἱός,
814 612 923 703 ὥςπερ
940 611 1032 685 εἶπεν
1047 617 1116 702 πρὸ
1130 617 1249 686 τούτου
1264 613 1495 704 ἀνθρωπίνως,

281 710 350 792 ἀλλ’
373 718 464 807 ὑμῶν
487 716 545 788 οῦκ
566 721 638 788 έστι
658 721 789 805 γνῶναι.
826 717 946 784 λοιπόν
967 718 1030 805 γὰρ
1050 708 1090 807 ἧν
1111 715 1130 806 ἡ
1154 718 1238 806 σάρξ
1258 715 1434 790 ἀναστᾶσα
1447 721 1497 788 καί

280 819 473 910 ἀποθεμένη
505 821 564 912 τὴν
592 827 748 906 νέκρωσιν
775 820 831 886 καὶ
858 825 1125 908 θεοποιιγθεῖσα,
1158 825 1213 890 καὶ
1242 816 1351 889 οῦκέτι
1375 822 1496 906 ἔπρεπε

280 926 441 1013 σαρκικῶς
462 917 562 992 αῦτόν
577 917 828 1008 ἀποκρίνασθαι
843 915 1056 1006 ἀνερχόμενον
1071 922 1119 1002 είς
1131 921 1209 1002 τοὺς
1224 917 1395 1008 οῦρανοῦς,
1420 918 1496 990 ἀλλά

279 1025 403 1095 λοιπὸνΙ
420 1028 545 1105 θείκιῦς
566 1025 708 1104 διδάξαι,
731 1019 786 1090 ότι
805 1018 880 1106 “οῦχ
900 1019 991 1108 ὑμῶν
1014 1022 1087 1090 ἑστι
1106 1027 1228 1111 γνῶναι
1239 1025 1381 1112 χρόνους
1394 1019 1417 1114 ἢ
1430 1052 1494 1092 και·
1547 1017 1548 1050 6

279 1128 366 1216 ροός,
389 1125 446 1207 οὓς
468 1122 486 1194 ό
507 1125 617 1214 πατὴρ
640 1125 738 1193 ἔθετο
760 1124 794 1192 έν
815 1127 856 1213 τῇ
878 1125 947 1213 ίόίρ
968 1124 1115 1212 έξουσίᾳ,
1140 1121 1244 1194 ΙΙἀλλά
1265 1126 1425 1213 λήψεσθε
1445 1129 1494 1194 66-

278 1233 415 1316 ναμιν’).
463 1235 514 1308 τίς
546 1229 582 1295 όὲ
614 1223 634 1316 ἡ
669 1226 804 1312 όόναμις
834 1229 893 1292 τοῦ
915 1225 1042 1313 πατρὸς
1063 1221 1085 1314 ἢ
1107 1223 1125 1293 6
1147 1227 1235 1312 υλός,·
1266 1227 1420 1315 Χριστός
1439 1229 1490 1316 γὰρ

278 1333 363 1399 θεοῦ
386 1329 524 1416 όόναμις
544 1327 601 1397 καὶ
620 1331 704 1396 θεοῦ
727 1331 872 1416 σοφέα’).
1547 1359 1548 1420 φ

363 1438 415 1501 49.
464 1426 561 1500 Οῖόεν
584 1428 649 1517 ἀρα
672 1425 690 1496 6
711 1428 783 1509 υίὸς
804 1427 900 1516 λόγος
922 1427 985 1497 ἀν·
1013 1433 1111 1498 τοῦτο
1134 1431 1212 1518 ’γὰρ
1234 1433 1335 1518 λέγων
1361 1431 1487 1520 ἐσήμσι·
1547 1423 1548 1446 ’

277 1559 341 1616 νεν,
365 1530 419 1602 ότι
440 1532 503 1621 έγώ
525 1528 610 1615 οῖδα,
634 1525 702 1601 ἀλλ’
727 1527 785 1598 οῦκ
807 1531 896 1600 ἔστιν
917 1527 1008 1616 ὑμῶν
1028 1536 1160 1619 γνῶναι,
1184 1527 1227 1600 δι’
1246 1529 1333 1617 ,ἀμάς
1359 1533 1421 1620 γὰρ
1440 1532 1485 1601 καὶ

278 1637 313 1704 ἐν
334 1639 381 1721 τῷ
403 1633 474 1722 όρει
494 1635 681 1723 καθήμενος
703 1636 864 1722 σαρκικιῦς
886 1627 997 1700 εἶπον·
1021 1627 1098 1702 οόόὲ
1120 1630 1138 1702 6
1159 1634 1231 1714 υἱός
1253 1630 1354 1716 ολόεν,
1380 1636 1433 1704 όιά
1450 1635 1482 1702 τό

276 1733 368 1822 ῦμιῦν
400 1740 454 1826 καί
486 1736 622 1804 πάντων
654 1741 838 1824 συμφέρον·
870 1741 1031 1823 συμφέρει
1056 1735 1117 1823 γὰρ
1139 1731 1217 1821 ὑμῖν
1237 1739 1293 1804 καί
1314 1737 1398 1824 περὶ
1416 1740 1484 1804 ’νῦν

267 1832 421 1922 ’ἀγγέλων
447 1839 502 1902 καὶ
530 1837 608 1921 περί
636 1840 695 1902 τοῦ
723 1837 796 1903 υἱοῦ
823 1832 929 1914 οῦτως
955 1832 1095 1904 ἀκοῦσαι
1127 1837 1185 1904 όιά
1214 1837 1293 1917 τοῦς
1320 1837 1482 1924 ἐσομένους

275 1936 360 2022 μετὰ
381 1939 486 2004 ταῦτα
506 1935 662 2016 πλάνους,
685 1937 742 2002 ἵνα
754 1929 815 2024 κάν
831 1931 876 2015 ιῦς
890 1936 1023 2024 άγγελοι
1035 1946 1402 2027 ῑμετασχηματίσωνται
1416 1942 1478 2008 όσί-

275 2043 402 2124 μονεςἽ
424 2036 579 2124 καὶπερὶ
599 2041 658 2126 τῆς
680 2038 865 2116 συντελείας
887 2037 1124 2126 ἐπιχειρήσωσι
1145 2042 1265 2127 λέγειν,
1288 2042 1333 2131 μὴ
1355 2041 1473 2110 πισταλ

276 2163 356 2230 σφτε
377 2137 422 2220 ιῦς
443 2135 647 2227 ἀγνοούντων
669 2135 793 2208 αότιῦν
816 2133 856 2208 ἀν
878 2141 915 2208 όὲ
935 2140 992 2208 καὶ
1013 2136 1252 2227 όάντίχριστος
1266 2142 1469 2228 μετατσιόσσς

275 2241 414 2312 λὲαυτὸν
443 2243 534 2330 λέγῃ
563 2241 625 2330 έγώ
648 2242 717 2328 εἰμι
744 2237 762 2311 6
783 2241 947 2328 Χριστός,
975 2245 1031 2310 καὶ
1052 2241 1196 2332 πειράσῃ
1218 2247 1275 2311 καλ
1296 2239 1377 2320 σῦνός
1391 2241 1456 2322 περὶ

275 2347 334 2432 τῆς
353 2341 476 2432 ἡμέρας
496 2347 550 2412 καλ
573 2346 760 2423 συντελείας
780 2345 884 2430 λέγειν
906 2343 993 2431 πρὸς
1012 2342 1051 2412 τό
1074 2347 1244 2434 πλανῆσαι
1265 2345 1333 2424 τοὺς
1345 2336 1451 2410 ἀνιοῦσι-

275 2471 345 2527 τας,
374 2446 500 2530 ἔχοντες
527 2441 620 2531 ῦμεῖς
647 2442 725 2533 παρ’
749 2445 830 2531 ἐμοῦ
851 2445 910 2533 τὴν
932 2445 1054 2535 φωνήν,
1078 2443 1131 2514 ότι
1151 2442 1230 2514 οῦόὲ
1252 2444 1272 2514 ό
1294 2445 1374 2526 υἱός,
1396 2439 1455 2527 μηῦλ

276 2545 387 2632 ἐκείνῳ
415 2545 622 2633 πιστεύσητε.
660 2546 768 2626 ἀλλως
787 2572 824 2615 τε
852 2541 928 2614 οῦόὲ
956 2547 1082 2616 εἰδέναι
1106 2548 1210 2616 πάλιν
1232 2549 1316 2617 πότε
1335 2547 1373 2614 τό
1391 2543 1465 2618 τέλές

274 2639 297 2733 ἢ
327 2644 413 2714 πότε
442 2649 502 2712 τοῦ
532 2647 647 2726 τέλους
673 2645 693 2734 ἡ
719 2644 826 2735 ἡμέρα
854 2647 1015 2736 συμφέρει
1035 2659 1108 2729 τοῖς
1128 2637 1336 2737 ἀνθρώποις,
1365 2648 1416 2714 ἵνα
1433 2641 1472 2728 μὴ

273 2747 404 2834 γνόντες
430 2751 675 2836 καταφρονηταί
700 2751 759 2815 τοῦ
786 2747 907 2834 μεταξὺ
931 2750 1051 2836 χρόνου
1072 2757 1239 2837 γένωνται,
1258 2753 1477 2835 περιμένοντες

272 2846 334 2928 τάς
355 2847 446 2936 έγγῦς
466 2852 525 2916 τσῦ
547 2851 661 2944 τέλους
673 2846 810 2939 ἡμέρας·
832 2850 908 2918 τότε
921 2849 982 2939 γὰρ
996 2851 1098 2936 μόνον
1113 2853 1238 2922 ἑαυτῶν
1252 2851 1478 2936 ἐπιμελεῖσθαι

272 2951 567 3040 ἰπροφασίσονται.
615 2952 673 3020 διὰ
698 2955 795 3020 τοῦτο
824 2954 878 3021 καὶ
906 2951 946 3019 τὸ
974 2944 1112 3022 ἑκάστοῦ
1138 2955 1234 3035 τέλος
1260 2956 1317 3022 τοῦ
1337 2949 1480 3019 θανάτου

274 3052 494 3142 σεσιάπυκεν,
528 3053 584 3122 ἵνα
608 3053 654 3143 μὴ
682 3054 854 3144 προφάσει
874 3057 932 3142 τῆς
952 3056 1105 3142 γνώσεως
1126 3061 1355 3146 φυσιωθέντες
1376 3053 1409 3122 οί
1427 3050 1482 3119 ἀν-
1547 3079 1548 3104 6

271 3161 412 3243 θρωποι
439 3153 571 3241 ἀμελεῖν
600 3156 724 3225 ἑαυτῶν
751 3156 790 3224 τὸ
817 3158 976 3226 πλεῖστον
999 3155 1163 3244 ἀρξωνται
1183 3161 1242 3225 τοῦ
1261 3158 1390 3246 χρόνου.
1426 3150 1486 3240 ἀμ-

196 3317 199 3324 .
273 3257 400 3346 φότερα
430 3257 469 3344 όὴ
499 3246 572 3338 οῦν,
606 3259 724 3326 καὶτὸ
752 3256 902 3327 καθόλου
928 3259 1022 3338 τέλος
1048 3262 1102 3326 καὶ
1125 3259 1185 3326 ¹⁵16
1214 3258 1353 3328 ἑκάστου
1375 3263 1484 3345 πέρας,

272 3357 412 3443 ἔκρυψεν
434 3351 490 3445 ἀφ’
513 3354 606 3446 ἡμῶν
628 3355 647 3425 6
667 3358 764 3446 λόγος
785 3358 933 3447 (καὶγὰρ
955 3362 1010 3427 καὶ
1025 3359 1059 3429 έν
1073 3363 1120 3448 τῷ
1134 3359 1283 3429 καθόλου
1297 3360 1338 3428 τό
1353 3360 1488 3430 ἑκάστου
1547 3415 1548 3418 ,

198 3533 200 3538 ,
233 3547 235 3551 ,
271 3457 366 3536 τέλος
386 3456 473 3538 ἐστί,
500 3457 557 3525 καὶ
585 3457 619 3526 ἑν
639 3463 687 3547 τῷ
709 3460 846 3530 ἑκάστου
867 3463 956 3530 τέλει
975 3461 1014 3528 τό
1036 3461 1185 3531 καθόλου
1207 3461 1413 3550 συνάγεται),
1435 3461 1488 3530 ἰ’να
1547 3421 1548 3516 6

271 3551 394 3645 ἀδήλου
417 3553 532 3625 ἀὐτοῦ
561 3557 656 3640 ὄντος
677 3564 731 3628 καὶ
753 3556 805 3631 ἀεὶ
826 3563 1098 3649 προςόοκωμένου
1119 3559 1196 3632 καθ’
1219 3560 1344 3653 ἡμέραν
1368 3562 1415 3646 ὡς
1434 3587 1490 3630 κα-
1547 3587 1548 3606 6

270 3656 425 3746 λούμενοι
451 3659 706 3746 προκόπτωμεν,
739 3671 811 3741 τοῖς
840 3666 1032 3750 ἔμπροσθεν
1055 3663 1331 3752 έπεκτεινόμενοι,
1367 3669 1434 3734 τῶν
1456 3665 1489 3732 όὲ

270 3755 418 3829 ὄπισθεν
451 3761 791 3847 έπιλανθανόμενοιἿ.
834 3768 886 3842 τίς
913 3763 974 3852 γὰρ
999 3764 1172 3862 γινώσκων
1198 3769 1259 3854 μὲν
1285 3767 1346 3856 τὴν
1368 3763 1491 3857 ἡμέραν

337 3952 362 4014 1)
378 3952 461 4026 λείου.
481 3953 504 4014 1,
522 3954 545 4004 ”ί.
615 3953 737 4016 metor.
757 3953 823 4018 1,⁸.
891 3955 917 4019 3)
937 3957 958 4008 1.
973 3957 1029 4011 Cor.
1048 3958 1072 4020 1,
1090 3957 1132 4009 24.
1223 3957 1291 4021 έγλ.
1311 3957 1369 4010 Cor.
1391 3960 1432 4020 11.
1453 3956 1490 4008 14,

267 4017 294 4084 ὅ)
311 4021 416 4093 Philipp.
435 4020 460 4082 3,
480 4021 519 4073 14.

301 4172 323 4210 τ.
342 4159 398 4222 λιες.
421 4156 444 4208 1.
466 4159 566 4222 Sequor.
590 4165 614 4208 ει
636 4157 741 4210 Felckm.
758 4160 782 4210 5.
805 4153 852 4211 καί
901 4161 954 4212 Mox
971 4170 1072 4228 uterque
1089 4162 1146 4224 λος.
1169 4161 1241 4212 Βτείί.
1267 4169 1291 4211 εί
1306 4161 1401 4238 λαρΙίε.
1420 4149 1496 4210 εἶπεν

266 4228 379 4278 omittunt
416 4225 438 4275 ἰσ
454 4234 509 4278 ante
525 4213 613 4282 εἶπεν,
633 4227 696 4290 quod
715 4227 738 4278 in
756 4228 810 4279 ιΙίἰε
827 4236 852 4280 et
900 4223 954 4295 πρό
977 4223 1084 4280 τοῦτου.
1121 4230 1166 4280 Alii
1185 4238 1209 4280 et
1226 4231 1283 4280 editi
1300 4242 1355 4294 προ
1374 4223 1491 4278 τούτων.

266 4293 336 4344 edilis
354 4295 377 4346 Ιε
398 4300 453 4342 ιιυτ.
636 4347 637 4350 ,
920 4298 956 4346 ἐ.
974 4298 1065 4374 λυρΙὶε.
1084 4287 1133 4363 οῦχ
1155 4289 1234 4364 ὑμῶν
1256 4289 1411 4361 έπιγνιῦναι
1424 4289 1494 4363 γρό-

298 4362 322 4412 b.
341 4363 376 4415 Ηι
431 4361 501 4411 κενόν
524 4354 570 4411 καί
593 4352 641 4409 οῦκ
659 4370 703 4412 etc.
727 4363 851 4426 usquead
900 4377 964 4416 νουε
980 4377 1026 4413 και
1041 4358 1160 4430 καιροός.

261 4419 380 4484 ἔθιτοέ
419 4425 453 4494 τῇ
477 4421 534 4492 ίόίφ
550 4422 659 4493 ίξουσίρ
676 4429 789 4480 ἰυεΙαυίνε
807 4431 851 4480 έο-
933 4431 959 4481 ό.
976 4433 1017 4482 Sic
1034 4433 1089 4495 neg.
1104 4433 1125 4484 1.
1143 4435 1242 4496 διςτοι.
1262 4433 1360 4486 Gobler.
1379 4432 1492 4482 Felekm·

261 4501 360 4552 suavia
401 4498 539 4560 egwinna.
557 4497 654 4548 Gobler.
672 4506 696 4548 ιι
712 4497 816 4549 λελείαν.
828 4499 850 4549 1.
903 4497 926 4550 1.
951 4505 976 4550 ut
993 4509 1017 4551 ει
1034 4500 1091 4564 legit
1107 4501 1223 4554 Ναυτίου.
1258 4502 1287 4552 λι
1311 4499 1351 4552 ulii
1369 4507 1397 4550 ει
1415 4501 1495 4552 odino
