<?xml version="1.0" encoding="UTF-8"?>
<!DOCTYPE html PUBLIC "-//W3C//DTD XHTML 1.0 Transitional//EN"
    "http://www.w3.org/TR/xhtml1/DTD/xhtml1-transitional.dtd">
<html xmlns="http://www.w3.org/1999/xhtml" xml:lang="en" lang="en">
 <head>
  <title>
</title>
<meta http-equiv="Content-Type" content="text/html;charset=utf-8" />
  <meta name='ocr-system' content='tesseract 3.04.00' />
  <meta name='ocr-capabilities' content='ocr_page ocr_carea ocr_par ocr_line ocrx_word'/>
</head>
<body>
  <div class='ocr_page' id='page_1' title='image "./sanctiathanasii03athagoog_0840.png"; bbox 0 0 3014 5050; ppageno 0'>
   <div class='ocr_carea' id='block_1_1' title="bbox 420 235 1255 334">
    <p class='ocr_par' dir='ltr' id='par_1_1' title="bbox 420 235 1255 334">
     <span class='ocr_line' id='line_1_1' title="bbox 420 235 1255 334; baseline 0.008 -42"><span class='ocrx_word' id='word_1_1' title='bbox 420 249 567 293; x_wconf 73' lang='lat' dir='ltr'>missust</span> <span class='ocrx_word' id='word_1_2' title='bbox 581 249 619 291; x_wconf 82' lang='lat' dir='ltr'>m.</span> <span class='ocrx_word' id='word_1_3' title='bbox 635 247 882 294; x_wconf 69' lang='lat' dir='ltr'>sponsaturus.</span> <span class='ocrx_word' id='word_1_4' title='bbox 968 283 985 334; x_wconf 80' lang='lat'>&#39;.</span> <span class='ocrx_word' id='word_1_5' title='bbox 1193 235 1255 300; x_wconf 80' lang='lat' dir='ltr'>toa</span> 
     </span>
    </p>
   </div>
   <div class='ocr_carea' id='block_1_2' title="bbox 46 397 1369 1192">
    <p class='ocr_par' dir='ltr' id='par_1_2' title="bbox 51 397 1341 586">
     <span class='ocr_line' id='line_1_2' title="bbox 53 397 1341 482; baseline -0.005 -11"><span class='ocrx_word' id='word_1_6' title='bbox 53 407 163 470; x_wconf 79' lang='lat' dir='ltr'>lolitsr.</span> <span class='ocrx_word' id='word_1_7' title='bbox 207 401 244 464; x_wconf 85' lang='lat' dir='ltr'>lit</span> <span class='ocrx_word' id='word_1_8' title='bbox 265 419 333 463; x_wconf 85' lang='lat' dir='ltr'>oum</span> <span class='ocrx_word' id='word_1_9' title='bbox 354 397 492 462; x_wconf 75' lang='lat' dir='ltr'>dixisset:</span> <span class='ocrx_word' id='word_1_10' title='bbox 515 400 552 462; x_wconf 86' lang='lat' dir='ltr'>Si</span> <span class='ocrx_word' id='word_1_11' title='bbox 571 408 670 462; x_wconf 77' lang='lat' dir='ltr'>ostem</span> <span class='ocrx_word' id='word_1_12' title='bbox 692 404 797 480; x_wconf 77' lang='lat' dir='ltr'>spois</span> <span class='ocrx_word' id='word_1_13' title='bbox 818 399 939 482; x_wconf 85' lang='lat' dir='ltr'>Spiritu</span> <span class='ocrx_word' id='word_1_14' title='bbox 953 399 1011 462; x_wconf 85' lang='lat' dir='ltr'>Dsi</span> <span class='ocrx_word' id='word_1_15' title='bbox 1030 404 1113 464; x_wconf 76' lang='lat' dir='ltr'>sisio</span> <span class='ocrx_word' id='word_1_16' title='bbox 1136 402 1341 466; x_wconf 70' lang='lat' dir='ltr'>dms-mss</span> 
     </span>
     <span class='ocr_line' id='line_1_3' title="bbox 51 501 1259 586; baseline -0.003 -16"><span class='ocrx_word' id='word_1_17' title='bbox 51 513 105 579; x_wconf 83' lang='lat' dir='ltr'>sio,</span> <span class='ocrx_word' id='word_1_18' title='bbox 124 509 223 586; x_wconf 79' lang='lat' dir='ltr'>ipitur·</span> <span class='ocrx_word' id='word_1_19' title='bbox 234 505 377 586; x_wconf 78' lang='lat' dir='ltr'>porussis</span> <span class='ocrx_word' id='word_1_20' title='bbox 396 505 431 564; x_wconf 82' lang='lat' dir='ltr'>iss</span> <span class='ocrx_word' id='word_1_21' title='bbox 451 519 507 564; x_wconf 91' lang='lat' dir='ltr'>oos</span> <span class='ocrx_word' id='word_1_22' title='bbox 528 519 655 583; x_wconf 74' lang='lat' dir='ltr'>repostos</span> <span class='ocrx_word' id='word_1_23' title='bbox 676 501 740 574; x_wconf 79' lang='lat' dir='ltr'>liti,</span> <span class='ocrx_word' id='word_1_24' title='bbox 763 501 870 563; x_wconf 84' lang='lat' dir='ltr'>doiodo</span> <span class='ocrx_word' id='word_1_25' title='bbox 891 502 996 564; x_wconf 85' lang='lat' dir='ltr'>iniort:</span> <span class='ocrx_word' id='word_1_26' title='bbox 1023 501 1093 566; x_wconf 83' lang='lat' dir='ltr'>ldso</span> <span class='ocrx_word' id='word_1_27' title='bbox 1114 505 1180 566; x_wconf 82' lang='lat' dir='ltr'>diso</span> <span class='ocrx_word' id='word_1_28' title='bbox 1202 522 1259 566; x_wconf 88' lang='lat' dir='ltr'>oo-</span> 
     </span>
    </p>

    <p class='ocr_par' dir='ltr' id='par_1_3' title="bbox 50 599 1259 890">
     <span class='ocr_line' id='line_1_4' title="bbox 50 599 1259 686; baseline -0.002 -15"><span class='ocrx_word' id='word_1_29' title='bbox 50 611 106 672; x_wconf 88' lang='lat' dir='ltr'>dis:</span> <span class='ocrx_word' id='word_1_30' title='bbox 128 607 219 668; x_wconf 79' lang='lat' dir='ltr'>Omma</span> <span class='ocrx_word' id='word_1_31' title='bbox 237 609 392 685; x_wconf 81' lang='lat' dir='ltr'>parastum</span> <span class='ocrx_word' id='word_1_32' title='bbox 414 611 444 664; x_wconf 83' lang='lat' dir='ltr'>st</span> <span class='ocrx_word' id='word_1_33' title='bbox 466 599 650 683; x_wconf 74' lang='lat' dir='ltr'>blasphemio</span> <span class='ocrx_word' id='word_1_34' title='bbox 670 607 843 670; x_wconf 77' lang='lat' dir='ltr'>remittatur</span> <span class='ocrx_word' id='word_1_35' title='bbox 864 601 1032 666; x_wconf 76' lang='lat' dir='ltr'>doms‘sidsss</span> <span class='ocrx_word' id='word_1_36' title='bbox 1043 650 1053 681; x_wconf 89' lang='lat'>,</span> <span class='ocrx_word' id='word_1_37' title='bbox 1076 603 1259 686; x_wconf 82' lang='lat' dir='ltr'>llospismio</span> 
     </span>
     <span class='ocr_line' id='line_1_5' title="bbox 50 702 1259 786; baseline -0.001 -15"><span class='ocrx_word' id='word_1_38' title='bbox 50 719 140 770; x_wconf 84' lang='grc' dir='ltr'>οιιιοιιι</span> <span class='ocrx_word' id='word_1_39' title='bbox 165 711 198 767; x_wconf 85' lang='lat' dir='ltr'>is</span> <span class='ocrx_word' id='word_1_40' title='bbox 225 705 377 786; x_wconf 80' lang='lat' dir='ltr'>Spiritum</span> <span class='ocrx_word' id='word_1_41' title='bbox 404 721 468 766; x_wconf 80' lang='lat' dir='ltr'>sos</span> <span class='ocrx_word' id='word_1_42' title='bbox 496 707 677 766; x_wconf 80' lang='lat' dir='ltr'>remittatur.</span> <span class='ocrx_word' id='word_1_43' title='bbox 722 702 761 764; x_wconf 74' lang='lat' dir='ltr'>dt</span> <span class='ocrx_word' id='word_1_44' title='bbox 788 706 961 785; x_wconf 71' lang='lat' dir='ltr'><strong><em>quicumque</em></strong></span> <span class='ocrx_word' id='word_1_45' title='bbox 989 705 1102 768; x_wconf 71' lang='lat' dir='ltr'>damasit</span> <span class='ocrx_word' id='word_1_46' title='bbox 1133 705 1259 770; x_wconf 77' lang='lat' dir='ltr'>Verium</span> 
     </span>
     <span class='ocr_line' id='line_1_6' title="bbox 50 803 1258 890; baseline -0.002 -18"><span class='ocrx_word' id='word_1_47' title='bbox 50 819 148 874; x_wconf 80' lang='lat' dir='ltr'>costra</span> <span class='ocrx_word' id='word_1_48' title='bbox 169 803 278 868; x_wconf 80' lang='lat' dir='ltr'>Filium</span> <span class='ocrx_word' id='word_1_49' title='bbox 300 805 444 876; x_wconf 71' lang='lat' dir='ltr'>dominis,</span> <span class='ocrx_word' id='word_1_50' title='bbox 468 808 641 866; x_wconf 78' lang='lat' dir='ltr'>remittatur</span> <span class='ocrx_word' id='word_1_51' title='bbox 663 807 705 873; x_wconf 82' lang='lat' dir='ltr'>oi,</span> <span class='ocrx_word' id='word_1_52' title='bbox 728 807 781 884; x_wconf 80' lang='lat' dir='ltr'>qus·</span> <span class='ocrx_word' id='word_1_53' title='bbox 800 813 899 866; x_wconf 79' lang='grc' dir='ltr'>οιιιιοι</span> <span class='ocrx_word' id='word_1_54' title='bbox 920 807 1036 868; x_wconf 81' lang='lat' dir='ltr'>dissrit</span> <span class='ocrx_word' id='word_1_55' title='bbox 1058 817 1164 869; x_wconf 77' lang='lat' dir='ltr'>rostro</span> <span class='ocrx_word' id='word_1_56' title='bbox 1186 807 1258 890; x_wconf 82' lang='lat' dir='ltr'>Spi-</span> 
     </span>
    </p>

    <p class='ocr_par' dir='ltr' id='par_1_4' title="bbox 48 903 1258 989">
     <span class='ocr_line' id='line_1_7' title="bbox 48 903 1258 989; baseline -0.002 -16"><span class='ocrx_word' id='word_1_57' title='bbox 48 916 135 973; x_wconf 84' lang='lat' dir='ltr'>ritum</span> <span class='ocrx_word' id='word_1_58' title='bbox 155 917 301 983; x_wconf 78' lang='lat' dir='ltr'>sossium,</span> <span class='ocrx_word' id='word_1_59' title='bbox 323 923 387 969; x_wconf 81' lang='lat' dir='ltr'>stoss</span> <span class='ocrx_word' id='word_1_60' title='bbox 407 907 580 968; x_wconf 71' lang='lat' dir='ltr'>remittatur</span> <span class='ocrx_word' id='word_1_61' title='bbox 602 908 631 966; x_wconf 84' lang='lat' dir='ltr'>oi</span> <span class='ocrx_word' id='word_1_62' title='bbox 648 922 743 986; x_wconf 78' lang='lat' dir='ltr'>saepto</span> <span class='ocrx_word' id='word_1_63' title='bbox 763 907 796 966; x_wconf 81' lang='grc' dir='ltr'>ιἰι</span> <span class='ocrx_word' id='word_1_64' title='bbox 818 903 872 966; x_wconf 82' lang='lat' dir='ltr'>doo</span> <span class='ocrx_word' id='word_1_65' title='bbox 891 905 1013 968; x_wconf 75' lang='lat' dir='ltr'>soeculo</span> <span class='ocrx_word' id='word_1_66' title='bbox 1034 926 1128 989; x_wconf 78' lang='lat' dir='ltr'>usquo</span> <span class='ocrx_word' id='word_1_67' title='bbox 1149 912 1183 970; x_wconf 86' lang='lat' dir='ltr'>iss</span> <span class='ocrx_word' id='word_1_68' title='bbox 1202 909 1258 988; x_wconf 77' lang='lat' dir='ltr'>su-</span> 
     </span>
    </p>

    <p class='ocr_par' dir='ltr' id='par_1_5' title="bbox 46 1003 1369 1192">
     <span class='ocr_line' id='line_1_8' title="bbox 48 1003 1256 1086; baseline -0.001 -14"><span class='ocrx_word' id='word_1_69' title='bbox 48 1023 124 1074; x_wconf 85' lang='lat' dir='ltr'>toro.</span> <span class='ocrx_word' id='word_1_70' title='bbox 166 1009 211 1070; x_wconf 85' lang='lat' dir='ltr'>Tu</span> <span class='ocrx_word' id='word_1_71' title='bbox 233 1016 330 1070; x_wconf 88' lang='lat' dir='ltr'>autom</span> <span class='ocrx_word' id='word_1_72' title='bbox 350 1004 613 1086; x_wconf 82' lang='lat' dir='ltr'>porouootalaaris,</span> <span class='ocrx_word' id='word_1_73' title='bbox 635 1023 688 1067; x_wconf 88' lang='lat' dir='ltr'>our</span> <span class='ocrx_word' id='word_1_74' title='bbox 708 1003 891 1083; x_wconf 86' lang='lat' dir='ltr'>blasphemia</span> <span class='ocrx_word' id='word_1_75' title='bbox 913 1005 942 1067; x_wconf 89' lang='lat' dir='ltr'>in</span> <span class='ocrx_word' id='word_1_76' title='bbox 964 1004 1070 1068; x_wconf 80' lang='lat' dir='ltr'>Filium</span> <span class='ocrx_word' id='word_1_77' title='bbox 1091 1007 1256 1084; x_wconf 68' lang='lat' dir='ltr'>dimittitur,</span> 
     </span>
     <span class='ocr_line' id='line_1_9' title="bbox 46 1106 1369 1192; baseline -0.002 -18"><span class='ocrx_word' id='word_1_78' title='bbox 46 1110 219 1192; x_wconf 85' lang='lat' dir='ltr'>blasphemia</span> <span class='ocrx_word' id='word_1_79' title='bbox 241 1107 389 1172; x_wconf 74' lang='lat' dir='ltr'>autemid</span> <span class='ocrx_word' id='word_1_80' title='bbox 412 1107 556 1189; x_wconf 88' lang='lat' dir='ltr'>Spiritum</span> <span class='ocrx_word' id='word_1_81' title='bbox 577 1114 712 1168; x_wconf 74' lang='lat' dir='ltr'>sanmum</span> <span class='ocrx_word' id='word_1_82' title='bbox 733 1107 850 1168; x_wconf 86' lang='lat' dir='ltr'>vooiam</span> <span class='ocrx_word' id='word_1_83' title='bbox 877 1124 938 1168; x_wconf 87' lang='lat' dir='ltr'>uon</span> <span class='ocrx_word' id='word_1_84' title='bbox 968 1106 1082 1168; x_wconf 82' lang='lat' dir='ltr'>obtinet</span> <span class='ocrx_word' id='word_1_85' title='bbox 1109 1125 1205 1188; x_wconf 85' lang='lat' dir='ltr'>usqua</span> <span class='ocrx_word' id='word_1_86' title='bbox 1225 1111 1256 1172; x_wconf 91' lang='lat' dir='ltr'>io</span> <span class='ocrx_word' id='word_1_87' title='bbox 1368 1151 1369 1156; x_wconf 22' lang='grc' dir='ltr'><strong>κ</strong></span> 
     </span>
    </p>
   </div>
   <div class='ocr_carea' id='block_1_3' title="bbox 45 1205 643 1294">
    <p class='ocr_par' dir='ltr' id='par_1_6' title="bbox 45 1205 643 1294">
     <span class='ocr_line' id='line_1_10' title="bbox 45 1205 643 1294; baseline -0.005 -21"><span class='ocrx_word' id='word_1_88' title='bbox 45 1213 188 1294; x_wconf 74' lang='lat' dir='ltr'>praesenti</span> <span class='ocrx_word' id='word_1_89' title='bbox 209 1209 327 1286; x_wconf 70' lang='lat' dir='ltr'>maculo</span> <span class='ocrx_word' id='word_1_90' title='bbox 349 1227 445 1289; x_wconf 80' lang='lat' dir='ltr'>usquo</span> <span class='ocrx_word' id='word_1_91' title='bbox 467 1209 498 1270; x_wconf 90' lang='lat' dir='ltr'>in</span> <span class='ocrx_word' id='word_1_92' title='bbox 520 1205 643 1272; x_wconf 74' lang='lat' dir='ltr'>loturo?</span> 
     </span>
    </p>
   </div>
   <div class='ocr_carea' id='block_1_4' title="bbox 124 1465 1260 1595">
    <p class='ocr_par' dir='ltr' id='par_1_7' title="bbox 124 1465 1260 1595">
     <span class='ocr_line' id='line_1_11' title="bbox 124 1465 1260 1595; baseline -0.003 -16"><span class='ocrx_word' id='word_1_93' title='bbox 124 1517 154 1579; x_wconf 90' lang='grc'>9.</span> <span class='ocrx_word' id='word_1_94' title='bbox 197 1513 292 1576; x_wconf 77' lang='lat' dir='ltr'>Prisci</span> <span class='ocrx_word' id='word_1_95' title='bbox 314 1519 393 1576; x_wconf 83' lang='lat' dir='ltr'>oorto</span> <span class='ocrx_word' id='word_1_96' title='bbox 414 1511 479 1586; x_wconf 81' lang='lat' dir='ltr'>viri,</span> <span class='ocrx_word' id='word_1_97' title='bbox 503 1465 647 1590; x_wconf 60' lang='lat' dir='ltr'>origenes</span> <span class='ocrx_word' id='word_1_98' title='bbox 663 1509 882 1572; x_wconf 88' lang='lat' dir='ltr'>aruditissimus</span> <span class='ocrx_word' id='word_1_99' title='bbox 898 1518 928 1572; x_wconf 85' lang='lat' dir='ltr'>et</span> <span class='ocrx_word' id='word_1_100' title='bbox 941 1509 1108 1574; x_wconf 86' lang='lat' dir='ltr'>laboriosus</span> <span class='ocrx_word' id='word_1_101' title='bbox 1130 1514 1260 1595; x_wconf 81' lang='lat' dir='ltr'>scriptor</span> 
     </span>
    </p>
   </div>
   <div class='ocr_carea' id='block_1_5' title="bbox 33 1612 1312 2688">
    <p class='ocr_par' dir='ltr' id='par_1_8' title="bbox 33 1612 1312 2688">
     <span class='ocr_line' id='line_1_12' title="bbox 43 1612 1259 1696; baseline 0 -18"><span class='ocrx_word' id='word_1_102' title='bbox 43 1625 74 1678; x_wconf 86' lang='lat' dir='ltr'>ot</span> <span class='ocrx_word' id='word_1_103' title='bbox 94 1617 301 1696; x_wconf 73' lang='lat' dir='ltr'>Thoopnostus</span> <span class='ocrx_word' id='word_1_104' title='bbox 323 1613 513 1676; x_wconf 85' lang='lat' dir='ltr'>admirandus</span> <span class='ocrx_word' id='word_1_105' title='bbox 536 1613 585 1674; x_wconf 89' lang='lat' dir='ltr'>illo</span> <span class='ocrx_word' id='word_1_106' title='bbox 607 1612 810 1674; x_wconf 72' lang='lat' dir='ltr'>oststudiosus</span> <span class='ocrx_word' id='word_1_107' title='bbox 825 1612 916 1675; x_wconf 88' lang='lat' dir='ltr'>homo</span> <span class='ocrx_word' id='word_1_108' title='bbox 938 1613 1058 1688; x_wconf 89' lang='lat' dir='ltr'>(horum</span> <span class='ocrx_word' id='word_1_109' title='bbox 1073 1616 1152 1678; x_wconf 87' lang='lat' dir='ltr'>onim</span> <span class='ocrx_word' id='word_1_110' title='bbox 1168 1634 1259 1696; x_wconf 82' lang='lat' dir='ltr'>opera</span> 
     </span>
     <span class='ocr_line' id='line_1_13' title="bbox 42 1712 1258 1798; baseline 0 -20"><span class='ocrx_word' id='word_1_111' title='bbox 42 1717 187 1798; x_wconf 78' lang='lat' dir='ltr'>legebam,</span> <span class='ocrx_word' id='word_1_112' title='bbox 216 1716 282 1778; x_wconf 84' lang='lat' dir='ltr'>oum</span> <span class='ocrx_word' id='word_1_113' title='bbox 303 1713 468 1796; x_wconf 81' lang='lat' dir='ltr'>Epistulam</span> <span class='ocrx_word' id='word_1_114' title='bbox 490 1715 588 1794; x_wconf 82' lang='lat' dir='ltr'>aooepi</span> <span class='ocrx_word' id='word_1_115' title='bbox 617 1720 726 1792; x_wconf 87' lang='lat' dir='ltr'>tuam),</span> <span class='ocrx_word' id='word_1_116' title='bbox 753 1712 840 1774; x_wconf 88' lang='lat' dir='ltr'>ambo</span> <span class='ocrx_word' id='word_1_117' title='bbox 870 1713 978 1794; x_wconf 85' lang='lat' dir='ltr'>quippo</span> <span class='ocrx_word' id='word_1_118' title='bbox 1005 1734 1069 1779; x_wconf 83' lang='lat' dir='ltr'>sam</span> <span class='ocrx_word' id='word_1_119' title='bbox 1095 1735 1159 1778; x_wconf 86' lang='lat' dir='ltr'>rom</span> <span class='ocrx_word' id='word_1_120' title='bbox 1187 1736 1258 1797; x_wconf 87' lang='lat' dir='ltr'>por-</span> 
     </span>
     <span class='ocr_line' id='line_1_14' title="bbox 41 1814 1258 1895; baseline 0 -13"><span class='ocrx_word' id='word_1_121' title='bbox 41 1827 179 1892; x_wconf 87' lang='lat' dir='ltr'>traotaut,</span> <span class='ocrx_word' id='word_1_122' title='bbox 208 1819 291 1880; x_wconf 85' lang='lat' dir='ltr'>aiunt</span> <span class='ocrx_word' id='word_1_123' title='bbox 318 1817 398 1880; x_wconf 90' lang='lat' dir='ltr'>illam</span> <span class='ocrx_word' id='word_1_124' title='bbox 420 1835 488 1878; x_wconf 86' lang='lat' dir='ltr'>esso</span> <span class='ocrx_word' id='word_1_125' title='bbox 509 1816 540 1877; x_wconf 89' lang='lat' dir='ltr'>in</span> <span class='ocrx_word' id='word_1_126' title='bbox 561 1815 703 1894; x_wconf 84' lang='lat' dir='ltr'>Spisitum</span> <span class='ocrx_word' id='word_1_127' title='bbox 725 1823 859 1876; x_wconf 82' lang='lat' dir='ltr'>sanetum</span> <span class='ocrx_word' id='word_1_128' title='bbox 880 1814 1108 1895; x_wconf 79' lang='lat' dir='ltr'>blasphemiam,</span> <span class='ocrx_word' id='word_1_129' title='bbox 1138 1837 1203 1882; x_wconf 90' lang='lat' dir='ltr'>oum</span> <span class='ocrx_word' id='word_1_130' title='bbox 1226 1819 1258 1893; x_wconf 91' lang='lat' dir='ltr'>ii,</span> 
     </span>
     <span class='ocr_line' id='line_1_15' title="bbox 40 1915 1258 2002; baseline -0.002 -18"><span class='ocrx_word' id='word_1_131' title='bbox 40 1921 146 2002; x_wconf 83' lang='lat' dir='ltr'>quibus</span> <span class='ocrx_word' id='word_1_132' title='bbox 169 1920 199 1981; x_wconf 90' lang='lat' dir='ltr'>in</span> <span class='ocrx_word' id='word_1_133' title='bbox 221 1918 397 2000; x_wconf 79' lang='lat' dir='ltr'>baptismate</span> <span class='ocrx_word' id='word_1_134' title='bbox 418 1917 529 1980; x_wconf 76' lang='lat' dir='ltr'>domm</span> <span class='ocrx_word' id='word_1_135' title='bbox 552 1915 680 1996; x_wconf 88' lang='lat' dir='ltr'>Spiritus</span> <span class='ocrx_word' id='word_1_136' title='bbox 703 1916 795 1978; x_wconf 80' lang='lat' dir='ltr'>sanati</span> <span class='ocrx_word' id='word_1_137' title='bbox 817 1915 971 1990; x_wconf 84' lang='lat' dir='ltr'>tribuitur,</span> <span class='ocrx_word' id='word_1_138' title='bbox 1004 1917 1040 1980; x_wconf 90' lang='lat' dir='ltr'>ad</span> <span class='ocrx_word' id='word_1_139' title='bbox 1067 1927 1186 1998; x_wconf 84' lang='lat' dir='ltr'>poooata</span> <span class='ocrx_word' id='word_1_140' title='bbox 1207 1939 1258 1982; x_wconf 89' lang='lat' dir='ltr'>ro-</span> 
     </span>
     <span class='ocr_line' id='line_1_16' title="bbox 40 2019 1265 2101; baseline -0.002 -17"><span class='ocrx_word' id='word_1_141' title='bbox 40 2024 151 2085; x_wconf 89' lang='lat' dir='ltr'>oiduot.</span> <span class='ocrx_word' id='word_1_142' title='bbox 194 2021 323 2100; x_wconf 72' lang='lat' dir='ltr'>ideoque</span> <span class='ocrx_word' id='word_1_143' title='bbox 344 2020 411 2082; x_wconf 90' lang='lat' dir='ltr'>illos</span> <span class='ocrx_word' id='word_1_144' title='bbox 439 2019 648 2080; x_wconf 75' lang='lat' dir='ltr'>remissionom</span> <span class='ocrx_word' id='word_1_145' title='bbox 670 2036 732 2079; x_wconf 91' lang='lat' dir='ltr'>non</span> <span class='ocrx_word' id='word_1_146' title='bbox 760 2027 997 2097; x_wconf 78' lang='lat' dir='ltr'>consequuturos</span> <span class='ocrx_word' id='word_1_147' title='bbox 1026 2019 1123 2094; x_wconf 86' lang='lat' dir='ltr'>aiunt,</span> <span class='ocrx_word' id='word_1_148' title='bbox 1150 2039 1265 2101; x_wconf 56' lang='lat' dir='ltr'>quom-1</span> 
     </span>
     <span class='ocr_line' id='line_1_17' title="bbox 41 2118 1261 2200; baseline -0.002 -14"><span class='ocrx_word' id='word_1_149' title='bbox 41 2123 198 2186; x_wconf 84' lang='lat' dir='ltr'>admodum</span> <span class='ocrx_word' id='word_1_150' title='bbox 221 2131 252 2184; x_wconf 89' lang='lat' dir='ltr'>at</span> <span class='ocrx_word' id='word_1_151' title='bbox 271 2123 379 2185; x_wconf 84' lang='lat' dir='ltr'>Paulus</span> <span class='ocrx_word' id='word_1_152' title='bbox 400 2121 432 2182; x_wconf 89' lang='lat' dir='ltr'>iu</span> <span class='ocrx_word' id='word_1_153' title='bbox 453 2118 586 2198; x_wconf 83' lang='lat' dir='ltr'>Epistola</span> <span class='ocrx_word' id='word_1_154' title='bbox 608 2118 645 2179; x_wconf 92' lang='lat' dir='ltr'>ad</span> <span class='ocrx_word' id='word_1_155' title='bbox 667 2118 819 2179; x_wconf 82' lang='lat' dir='ltr'>Hebraeos</span> <span class='ocrx_word' id='word_1_156' title='bbox 843 2119 897 2179; x_wconf 85' lang='lat' dir='ltr'>ait:</span> <span class='ocrx_word' id='word_1_157' title='bbox 920 2118 1109 2200; x_wconf 75' lang='lat' dir='ltr'>Impossibile</span> <span class='ocrx_word' id='word_1_158' title='bbox 1123 2134 1169 2185; x_wconf 79' lang='lat' dir='ltr'>ost</span> <span class='ocrx_word' id='word_1_159' title='bbox 1182 2125 1261 2184; x_wconf 77' lang='lat' dir='ltr'>astas</span> 
     </span>
     <span class='ocr_line' id='line_1_18' title="bbox 40 2219 1262 2306; baseline -0.003 -18"><span class='ocrx_word' id='word_1_160' title='bbox 40 2245 100 2298; x_wconf 83' lang='lat' dir='ltr'>soa,</span> <span class='ocrx_word' id='word_1_161' title='bbox 123 2230 176 2306; x_wconf 77' lang='lat' dir='ltr'>qui</span> <span class='ocrx_word' id='word_1_162' title='bbox 194 2223 285 2287; x_wconf 82' lang='lat' dir='ltr'>ssossl</span> <span class='ocrx_word' id='word_1_163' title='bbox 306 2233 379 2285; x_wconf 79' lang='lat' dir='ltr'>suot</span> <span class='ocrx_word' id='word_1_164' title='bbox 400 2219 583 2290; x_wconf 79' lang='lat' dir='ltr'>illuminati,</span> <span class='ocrx_word' id='word_1_165' title='bbox 605 2227 806 2297; x_wconf 78' lang='lat' dir='ltr'>pssstoosrsust</span> <span class='ocrx_word' id='word_1_166' title='bbox 827 2222 915 2278; x_wconf 80' lang='lat' dir='ltr'>otioso</span> <span class='ocrx_word' id='word_1_167' title='bbox 936 2219 1048 2280; x_wconf 82' lang='lat' dir='ltr'>dossum</span> <span class='ocrx_word' id='word_1_168' title='bbox 1069 2219 1209 2293; x_wconf 75' lang='lat' dir='ltr'>ousiosis,</span> <span class='ocrx_word' id='word_1_169' title='bbox 1232 2231 1262 2284; x_wconf 85' lang='lat' dir='ltr'>ot</span> 
     </span>
     <span class='ocr_line' id='line_1_19' title="bbox 36 2319 1261 2408; baseline -0.004 -18"><span class='ocrx_word' id='word_1_170' title='bbox 36 2331 203 2408; x_wconf 83' lang='lat' dir='ltr'>portiaipss</span> <span class='ocrx_word' id='word_1_171' title='bbox 225 2326 303 2404; x_wconf 74' lang='lat' dir='ltr'>sacti</span> <span class='ocrx_word' id='word_1_172' title='bbox 322 2330 396 2384; x_wconf 85' lang='lat' dir='ltr'>suot</span> <span class='ocrx_word' id='word_1_173' title='bbox 418 2319 553 2402; x_wconf 80' lang='lat' dir='ltr'>Spiritus</span> <span class='ocrx_word' id='word_1_174' title='bbox 575 2322 681 2388; x_wconf 80' lang='lat' dir='ltr'>sanati,</span> <span class='ocrx_word' id='word_1_175' title='bbox 704 2329 734 2380; x_wconf 85' lang='lat' dir='ltr'>st</span> <span class='ocrx_word' id='word_1_176' title='bbox 755 2327 960 2396; x_wconf 75' lang='lat' dir='ltr'>postomium</span> <span class='ocrx_word' id='word_1_177' title='bbox 981 2319 1091 2382; x_wconf 82' lang='lat' dir='ltr'>dossum</span> <span class='ocrx_word' id='word_1_178' title='bbox 1106 2320 1165 2384; x_wconf 76' lang='lat' dir='ltr'>liti</span> <span class='ocrx_word' id='word_1_179' title='bbox 1189 2321 1261 2385; x_wconf 83' lang='lat' dir='ltr'>Vsa·-</span> 
     </span>
     <span class='ocr_line' id='line_1_20' title="bbox 36 2417 1312 2502; baseline -0.002 -12"><span class='ocrx_word' id='word_1_180' title='bbox 36 2430 109 2492; x_wconf 81' lang='lat' dir='ltr'>dum</span> <span class='ocrx_word' id='word_1_181' title='bbox 131 2419 456 2502; x_wconf 82' lang='lat' dir='ltr'>virtutsspuo&#39;sosassli-</span> <span class='ocrx_word' id='word_1_182' title='bbox 472 2423 604 2490; x_wconf 74' lang='lat' dir='ltr'>uenturi,</span> <span class='ocrx_word' id='word_1_183' title='bbox 626 2431 655 2482; x_wconf 84' lang='lat' dir='ltr'>st</span> <span class='ocrx_word' id='word_1_184' title='bbox 673 2417 818 2500; x_wconf 78' lang='lat' dir='ltr'>prolapsi</span> <span class='ocrx_word' id='word_1_185' title='bbox 832 2429 912 2490; x_wconf 81' lang='lat' dir='ltr'>suut,</span> <span class='ocrx_word' id='word_1_186' title='bbox 935 2438 1047 2483; x_wconf 84' lang='lat' dir='ltr'>rursus</span> <span class='ocrx_word' id='word_1_187' title='bbox 1063 2425 1211 2485; x_wconf 77' lang='lat' dir='ltr'>renouari</span> <span class='ocrx_word' id='word_1_188' title='bbox 1222 2424 1263 2488; x_wconf 84' lang='lat' dir='ltr'>sd</span> <span class='ocrx_word' id='word_1_189' title='bbox 1309 2485 1312 2496; x_wconf 85' lang='grc'><strong>,</strong></span> 
     </span>
     <span class='ocr_line' id='line_1_21' title="bbox 33 2517 1273 2611; baseline -0.001 -23"><span class='ocrx_word' id='word_1_190' title='bbox 33 2527 265 2608; x_wconf 75' lang='lat' dir='ltr'>poeniteutiam.</span> <span class='ocrx_word' id='word_1_191' title='bbox 314 2521 352 2583; x_wconf 83' lang='lat' dir='ltr'>lit</span> <span class='ocrx_word' id='word_1_192' title='bbox 379 2519 513 2602; x_wconf 88' lang='lat' dir='ltr'>&#39;idipsum</span> <span class='ocrx_word' id='word_1_193' title='bbox 542 2519 660 2600; x_wconf 85' lang='lat' dir='ltr'>quidem</span> <span class='ocrx_word' id='word_1_194' title='bbox 694 2517 780 2581; x_wconf 86' lang='lat' dir='ltr'>ambo</span> <span class='ocrx_word' id='word_1_195' title='bbox 809 2519 925 2594; x_wconf 76' lang='lat' dir='ltr'>diount3</span> <span class='ocrx_word' id='word_1_196' title='bbox 957 2521 1012 2584; x_wconf 83' lang='lat' dir='ltr'>sad</span> <span class='ocrx_word' id='word_1_197' title='bbox 1039 2541 1124 2586; x_wconf 90' lang='lat' dir='ltr'>suam</span> <span class='ocrx_word' id='word_1_198' title='bbox 1152 2523 1273 2611; x_wconf 35' lang='lat' dir='ltr'>singuli,</span> 
     </span>
     <span class='ocr_line' id='line_1_22' title="bbox 36 2623 390 2688; baseline -0.006 0"><span class='ocrx_word' id='word_1_199' title='bbox 36 2625 218 2688; x_wconf 81' lang='lat' dir='ltr'>sententiam</span> <span class='ocrx_word' id='word_1_200' title='bbox 240 2623 390 2687; x_wconf 81' lang='lat' dir='ltr'>adiiciunt.</span> 
     </span>
    </p>
   </div>
   <div class='ocr_carea' id='block_1_6' title="bbox 25 2823 1344 3720">
    <p class='ocr_par' dir='ltr' id='par_1_9' title="bbox 25 2823 1344 3720">
     <span class='ocr_line' id='line_1_23' title="bbox 127 2823 1260 2906; baseline -0.003 -14"><span class='ocrx_word' id='word_1_201' title='bbox 127 2833 176 2904; x_wconf 85' lang='lat'>10.</span> <span class='ocrx_word' id='word_1_202' title='bbox 220 2827 294 2888; x_wconf 87' lang='lat' dir='ltr'>Nam</span> <span class='ocrx_word' id='word_1_203' title='bbox 317 2827 460 2906; x_wconf 81' lang='lat' dir='ltr'>Origenes</span> <span class='ocrx_word' id='word_1_204' title='bbox 481 2825 601 2906; x_wconf 84' lang='lat' dir='ltr'>quidem</span> <span class='ocrx_word' id='word_1_205' title='bbox 628 2839 747 2886; x_wconf 87' lang='lat' dir='ltr'>causam</span> <span class='ocrx_word' id='word_1_206' title='bbox 775 2823 875 2886; x_wconf 84' lang='lat' dir='ltr'>iudicii</span> <span class='ocrx_word' id='word_1_207' title='bbox 895 2831 1006 2893; x_wconf 75' lang='lat' dir='ltr'>,canoa</span> <span class='ocrx_word' id='word_1_208' title='bbox 1034 2825 1180 2888; x_wconf 79' lang='lat' dir='ltr'>eiusmodi</span> <span class='ocrx_word' id='word_1_209' title='bbox 1201 2827 1260 2890; x_wconf 86' lang='lat' dir='ltr'>lao-</span> 
     </span>
     <span class='ocr_line' id='line_1_24' title="bbox 32 2924 1261 3006; baseline 0.002 -16"><span class='ocrx_word' id='word_1_210' title='bbox 32 2931 136 2990; x_wconf 87' lang='lat' dir='ltr'>minos</span> <span class='ocrx_word' id='word_1_211' title='bbox 158 2926 209 2988; x_wconf 86' lang='lat' dir='ltr'>lati</span> <span class='ocrx_word' id='word_1_212' title='bbox 231 2927 276 2988; x_wconf 89' lang='lat' dir='ltr'>sio</span> <span class='ocrx_word' id='word_1_213' title='bbox 298 2927 434 3006; x_wconf 82' lang='lat' dir='ltr'>explicat:</span> <span class='ocrx_word' id='word_1_214' title='bbox 466 2927 565 3000; x_wconf 74' lang='lat' dir='ltr'>,diam</span> <span class='ocrx_word' id='word_1_215' title='bbox 594 2933 625 2987; x_wconf 85' lang='lat' dir='ltr'>ot</span> <span class='ocrx_word' id='word_1_216' title='bbox 644 2925 731 2987; x_wconf 81' lang='lat' dir='ltr'>Pater</span> <span class='ocrx_word' id='word_1_217' title='bbox 758 2924 789 2986; x_wconf 90' lang='lat' dir='ltr'>in</span> <span class='ocrx_word' id='word_1_218' title='bbox 817 2925 915 2987; x_wconf 85' lang='lat' dir='ltr'>omnia</span> <span class='ocrx_word' id='word_1_219' title='bbox 943 2936 1079 3006; x_wconf 79' lang='lat' dir='ltr'>penetrat</span> <span class='ocrx_word' id='word_1_220' title='bbox 1105 2935 1134 2990; x_wconf 86' lang='lat' dir='ltr'>ot</span> <span class='ocrx_word' id='word_1_221' title='bbox 1162 2930 1261 2992; x_wconf 83' lang='lat' dir='ltr'>omnia</span> 
     </span>
     <span class='ocr_line' id='line_1_25' title="bbox 31 3027 1262 3104; baseline 0.003 -14"><span class='ocrx_word' id='word_1_222' title='bbox 31 3027 218 3102; x_wconf 86' lang='lat' dir='ltr'>„oontinot,</span> <span class='ocrx_word' id='word_1_223' title='bbox 240 3027 366 3089; x_wconf 88' lang='lat' dir='ltr'>animata</span> <span class='ocrx_word' id='word_1_224' title='bbox 387 3037 418 3088; x_wconf 86' lang='lat' dir='ltr'>et</span> <span class='ocrx_word' id='word_1_225' title='bbox 437 3027 606 3100; x_wconf 78' lang='lat' dir='ltr'>iouiimata,</span> <span class='ocrx_word' id='word_1_226' title='bbox 628 3027 781 3089; x_wconf 82' lang='lat' dir='ltr'>rationalia</span> <span class='ocrx_word' id='word_1_227' title='bbox 803 3035 833 3088; x_wconf 86' lang='lat' dir='ltr'>ot</span> <span class='ocrx_word' id='word_1_228' title='bbox 855 3027 1050 3104; x_wconf 72' lang='lat' dir='ltr'>irrationalia,</span> <span class='ocrx_word' id='word_1_229' title='bbox 1075 3029 1142 3091; x_wconf 84' lang='lat' dir='ltr'>Filii</span> <span class='ocrx_word' id='word_1_230' title='bbox 1163 3040 1262 3094; x_wconf 88' lang='lat' dir='ltr'>autam</span> 
     </span>
     <span class='ocr_line' id='line_1_26' title="bbox 34 3128 1261 3211; baseline 0.004 -21"><span class='ocrx_word' id='word_1_231' title='bbox 34 3136 205 3211; x_wconf 84' lang='lat' dir='ltr'>„potestas</span> <span class='ocrx_word' id='word_1_232' title='bbox 228 3129 265 3190; x_wconf 90' lang='lat' dir='ltr'>ad</span> <span class='ocrx_word' id='word_1_233' title='bbox 287 3128 351 3190; x_wconf 89' lang='lat' dir='ltr'>sola</span> <span class='ocrx_word' id='word_1_234' title='bbox 371 3129 525 3192; x_wconf 88' lang='lat' dir='ltr'>rationalia</span> <span class='ocrx_word' id='word_1_235' title='bbox 547 3149 615 3192; x_wconf 86' lang='lat' dir='ltr'>soso</span> <span class='ocrx_word' id='word_1_236' title='bbox 636 3129 783 3202; x_wconf 83' lang='lat' dir='ltr'>ostendit,</span> <span class='ocrx_word' id='word_1_237' title='bbox 813 3129 970 3208; x_wconf 88' lang='lat' dir='ltr'>inquibus</span> <span class='ocrx_word' id='word_1_238' title='bbox 993 3130 1261 3196; x_wconf 75' lang='lat' dir='ltr'>continenturlla·</span> 
     </span>
     <span class='ocr_line' id='line_1_27' title="bbox 31 3229 1260 3311; baseline 0.002 -17"><span class='ocrx_word' id='word_1_239' title='bbox 31 3231 240 3310; x_wconf 83' lang='lat' dir='ltr'>„teshumoui</span> <span class='ocrx_word' id='word_1_240' title='bbox 262 3239 292 3292; x_wconf 86' lang='lat' dir='ltr'>ot</span> <span class='ocrx_word' id='word_1_241' title='bbox 312 3230 444 3306; x_wconf 76' lang='lat' dir='ltr'>Ethoioi„</span> <span class='ocrx_word' id='word_1_242' title='bbox 474 3231 523 3311; x_wconf 86' lang='lat' dir='ltr'>qui</span> <span class='ocrx_word' id='word_1_243' title='bbox 553 3231 684 3295; x_wconf 86' lang='lat' dir='ltr'>noudum</span> <span class='ocrx_word' id='word_1_244' title='bbox 706 3229 902 3293; x_wconf 81' lang='lat' dir='ltr'>crediderunt</span> <span class='ocrx_word' id='word_1_245' title='bbox 947 3229 1075 3310; x_wconf 87' lang='lat' dir='ltr'>Spiritus</span> <span class='ocrx_word' id='word_1_246' title='bbox 1096 3251 1174 3294; x_wconf 34' lang='lat' dir='ltr'>soro,</span> <span class='ocrx_word' id='word_1_247' title='bbox 1189 3251 1260 3296; x_wconf 88' lang='lat' dir='ltr'>san-</span> 
     </span>
     <span class='ocr_line' id='line_1_28' title="bbox 30 3331 1261 3414; baseline 0 -16"><span class='ocrx_word' id='word_1_248' title='bbox 30 3344 135 3412; x_wconf 89' lang='lat' dir='ltr'>„otus</span> <span class='ocrx_word' id='word_1_249' title='bbox 164 3333 255 3395; x_wconf 89' lang='lat' dir='ltr'>iniis</span> <span class='ocrx_word' id='word_1_250' title='bbox 277 3333 350 3395; x_wconf 87' lang='lat' dir='ltr'>solis</span> <span class='ocrx_word' id='word_1_251' title='bbox 373 3342 437 3408; x_wconf 87' lang='lat' dir='ltr'>est,</span> <span class='ocrx_word' id='word_1_252' title='bbox 465 3334 515 3414; x_wconf 85' lang='lat' dir='ltr'>qui</span> <span class='ocrx_word' id='word_1_253' title='bbox 543 3334 591 3396; x_wconf 88' lang='lat' dir='ltr'>sui</span> <span class='ocrx_word' id='word_1_254' title='bbox 618 3332 775 3414; x_wconf 82' lang='lat' dir='ltr'>participes</span> <span class='ocrx_word' id='word_1_255' title='bbox 799 3331 895 3393; x_wconf 80' lang='lat' dir='ltr'>educti</span> <span class='ocrx_word' id='word_1_256' title='bbox 922 3340 992 3394; x_wconf 89' lang='lat' dir='ltr'>suot</span> <span class='ocrx_word' id='word_1_257' title='bbox 1020 3332 1051 3395; x_wconf 88' lang='lat' dir='ltr'>in</span> <span class='ocrx_word' id='word_1_258' title='bbox 1070 3333 1261 3414; x_wconf 84' lang='lat' dir='ltr'>Baptismatis</span> 
     </span>
     <span class='ocr_line' id='line_1_29' title="bbox 27 3431 1344 3515; baseline 0.001 -14"><span class='ocrx_word' id='word_1_259' title='bbox 27 3435 236 3515; x_wconf 74' lang='lat' dir='ltr'>„oollatiouu</span> <span class='ocrx_word' id='word_1_260' title='bbox 281 3433 355 3498; x_wconf 86' lang='lat' dir='ltr'>Cum</span> <span class='ocrx_word' id='word_1_261' title='bbox 383 3433 472 3515; x_wconf 74' lang='lat' dir='ltr'>igitur</span> <span class='ocrx_word' id='word_1_262' title='bbox 494 3435 701 3498; x_wconf 82' lang='lat' dir='ltr'>Gatoohumeni</span> <span class='ocrx_word' id='word_1_263' title='bbox 730 3441 761 3494; x_wconf 87' lang='lat' dir='ltr'>ot</span> <span class='ocrx_word' id='word_1_264' title='bbox 787 3431 904 3494; x_wconf 83' lang='lat' dir='ltr'>Ethnioi</span> <span class='ocrx_word' id='word_1_265' title='bbox 932 3444 1070 3513; x_wconf 84' lang='lat' dir='ltr'>paoosnt,</span> <span class='ocrx_word' id='word_1_266' title='bbox 1102 3436 1134 3498; x_wconf 90' lang='lat' dir='ltr'>in</span> <span class='ocrx_word' id='word_1_267' title='bbox 1155 3437 1344 3502; x_wconf 68' lang='lat' dir='ltr'>Filiomraoo.</span> 
     </span>
     <span class='ocr_line' id='line_1_30' title="bbox 27 3535 1259 3621; baseline 0.001 -20"><span class='ocrx_word' id='word_1_268' title='bbox 27 3544 208 3621; x_wconf 84' lang='lat' dir='ltr'>„poooant,</span> <span class='ocrx_word' id='word_1_269' title='bbox 232 3536 372 3616; x_wconf 88' lang='lat' dir='ltr'>quoniam</span> <span class='ocrx_word' id='word_1_270' title='bbox 393 3536 419 3598; x_wconf 86' lang='lat' dir='ltr'>is</span> <span class='ocrx_word' id='word_1_271' title='bbox 440 3543 488 3599; x_wconf 82' lang='lat' dir='ltr'>est</span> <span class='ocrx_word' id='word_1_272' title='bbox 507 3535 539 3598; x_wconf 88' lang='lat' dir='ltr'>in</span> <span class='ocrx_word' id='word_1_273' title='bbox 560 3536 635 3612; x_wconf 91' lang='lat' dir='ltr'>illis,</span> <span class='ocrx_word' id='word_1_274' title='bbox 664 3545 698 3598; x_wconf 91' lang='lat' dir='ltr'>ut</span> <span class='ocrx_word' id='word_1_275' title='bbox 718 3535 828 3598; x_wconf 78' lang='lat' dir='ltr'>dictum</span> <span class='ocrx_word' id='word_1_276' title='bbox 849 3541 910 3608; x_wconf 85' lang='lat' dir='ltr'>ost;</span> <span class='ocrx_word' id='word_1_277' title='bbox 929 3535 1067 3614; x_wconf 66' lang='lat' dir='ltr'>“possunt</span> <span class='ocrx_word' id='word_1_278' title='bbox 1088 3545 1186 3601; x_wconf 73' lang='lat' dir='ltr'>umen</span> <span class='ocrx_word' id='word_1_279' title='bbox 1206 3558 1259 3602; x_wconf 84' lang='lat' dir='ltr'>vo·</span> 
     </span>
     <span class='ocr_line' id='line_1_31' title="bbox 25 3635 1261 3720; baseline -0.002 -15"><span class='ocrx_word' id='word_1_280' title='bbox 25 3644 149 3720; x_wconf 82' lang='lat' dir='ltr'>„niam</span> <span class='ocrx_word' id='word_1_281' title='bbox 173 3638 333 3717; x_wconf 82' lang='lat' dir='ltr'>ooosaqui,</span> <span class='ocrx_word' id='word_1_282' title='bbox 361 3637 412 3700; x_wconf 91' lang='lat' dir='ltr'>ubi</span> <span class='ocrx_word' id='word_1_283' title='bbox 439 3639 606 3719; x_wconf 85' lang='lat' dir='ltr'>aoaaporiot</span> <span class='ocrx_word' id='word_1_284' title='bbox 632 3639 743 3701; x_wconf 88' lang='lat' dir='ltr'>donum</span> <span class='ocrx_word' id='word_1_285' title='bbox 772 3635 1016 3716; x_wconf 79' lang='lat' dir='ltr'>regenerationis.</span> <span class='ocrx_word' id='word_1_286' title='bbox 1060 3639 1133 3704; x_wconf 82' lang='lat' dir='ltr'>Cum</span> <span class='ocrx_word' id='word_1_287' title='bbox 1163 3647 1261 3703; x_wconf 82' lang='lat' dir='ltr'>autom</span> 
     </span>
    </p>
   </div>
   <div class='ocr_carea' id='block_1_7' title="bbox 21 3789 1264 4558">
    <p class='ocr_par' dir='ltr' id='par_1_10' title="bbox 21 3789 1263 3996">
     <span class='ocr_line' id='line_1_32' title="bbox 61 3789 1262 3858; baseline 0 -15"><span class='ocrx_word' id='word_1_288' title='bbox 61 3797 88 3847; x_wconf 86' lang='lat' dir='ltr'>d.</span> <span class='ocrx_word' id='word_1_289' title='bbox 111 3793 159 3843; x_wconf 85' lang='lat' dir='ltr'>Sic</span> <span class='ocrx_word' id='word_1_290' title='bbox 184 3789 242 3853; x_wconf 71' lang='lat' dir='ltr'>dog.</span> <span class='ocrx_word' id='word_1_291' title='bbox 267 3791 365 3852; x_wconf 74' lang='lat' dir='ltr'>Seguor.</span> <span class='ocrx_word' id='word_1_292' title='bbox 392 3791 463 3842; x_wconf 85' lang='lat' dir='ltr'>Basil.</span> <span class='ocrx_word' id='word_1_293' title='bbox 488 3792 585 3844; x_wconf 81' lang='lat' dir='ltr'>Goblor.</span> <span class='ocrx_word' id='word_1_294' title='bbox 604 3799 627 3843; x_wconf 82' lang='lat' dir='ltr'>et</span> <span class='ocrx_word' id='word_1_295' title='bbox 674 3803 763 3857; x_wconf 69' lang='grc' dir='ltr'>γουσι.</span> <span class='ocrx_word' id='word_1_296' title='bbox 799 3791 824 3840; x_wconf 90' lang='lat' dir='ltr'>ln</span> <span class='ocrx_word' id='word_1_297' title='bbox 849 3789 921 3840; x_wconf 86' lang='lat' dir='ltr'>Bssil.</span> <span class='ocrx_word' id='word_1_298' title='bbox 945 3790 1004 3841; x_wconf 82' lang='lat' dir='ltr'>lasso</span> <span class='ocrx_word' id='word_1_299' title='bbox 1027 3791 1114 3843; x_wconf 85' lang='lat' dir='ltr'>dasoot</span> <span class='ocrx_word' id='word_1_300' title='bbox 1137 3793 1262 3858; x_wconf 77' lang='lat' dir='ltr'>usquead</span> 
     </span>
     <span class='ocr_line' id='line_1_33' title="bbox 21 3847 1262 3922; baseline -0.005 -4"><span class='ocrx_word' id='word_1_301' title='bbox 21 3865 143 3918; x_wconf 81' lang='lat' dir='ltr'>Folclsm.</span> <span class='ocrx_word' id='word_1_302' title='bbox 166 3858 189 3910; x_wconf 89' lang='lat' dir='ltr'>l.</span> <span class='ocrx_word' id='word_1_303' title='bbox 233 3858 295 3908; x_wconf 82' lang='lat' dir='ltr'>llditi</span> <span class='ocrx_word' id='word_1_304' title='bbox 322 3872 377 3908; x_wconf 85' lang='lat' dir='ltr'>toro</span> <span class='ocrx_word' id='word_1_305' title='bbox 403 3851 533 3920; x_wconf 72' lang='grc' dir='ltr'>τοιαύτην</span> <span class='ocrx_word' id='word_1_306' title='bbox 557 3847 628 3910; x_wconf 71' lang='lat' dir='ltr'>alvos</span> <span class='ocrx_word' id='word_1_307' title='bbox 677 3873 758 3909; x_wconf 75' lang='lat' dir='ltr'>rosam</span> <span class='ocrx_word' id='word_1_308' title='bbox 776 3851 910 3907; x_wconf 76' lang='grc' dir='ltr'>διάνοιαν.</span> <span class='ocrx_word' id='word_1_309' title='bbox 945 3857 1262 3922; x_wconf 66' lang='lat' dir='ltr'>loirsllag.stl&#39;ololm.2.</span> 
     </span>
     <span class='ocr_line' id='line_1_34' title="bbox 21 3916 1263 3996; baseline 0.005 -20"><span class='ocrx_word' id='word_1_310' title='bbox 21 3929 80 3996; x_wconf 69' lang='grc' dir='ltr'>τὴν</span> <span class='ocrx_word' id='word_1_311' title='bbox 99 3923 143 3984; x_wconf 75' lang='grc' dir='ltr'>εἰς</span> <span class='ocrx_word' id='word_1_312' title='bbox 164 3920 195 3976; x_wconf 80' lang='grc' dir='ltr'>τὸ</span> <span class='ocrx_word' id='word_1_313' title='bbox 213 3923 319 3992; x_wconf 79' lang='grc' dir='ltr'>πνεῦμα</span> <span class='ocrx_word' id='word_1_314' title='bbox 337 3918 369 3974; x_wconf 81' lang='grc' dir='ltr'>τὸ</span> <span class='ocrx_word' id='word_1_315' title='bbox 385 3916 473 3991; x_wconf 74' lang='grc' dir='ltr'>ἅγιον.</span> <span class='ocrx_word' id='word_1_316' title='bbox 677 3920 808 3992; x_wconf 67' lang='lat' dir='ltr'>siparium</span> <span class='ocrx_word' id='word_1_317' title='bbox 826 3940 879 3976; x_wconf 85' lang='lat' dir='ltr'>cum</span> <span class='ocrx_word' id='word_1_318' title='bbox 893 3927 978 3976; x_wconf 82' lang='lat' dir='ltr'>dsoso.</span> <span class='ocrx_word' id='word_1_319' title='bbox 1006 3927 1081 3978; x_wconf 86' lang='lat' dir='ltr'>Psolo</span> <span class='ocrx_word' id='word_1_320' title='bbox 1091 3937 1147 3992; x_wconf 90' lang='lat' dir='ltr'>post</span> <span class='ocrx_word' id='word_1_321' title='bbox 1156 3931 1179 3980; x_wconf 90' lang='lat' dir='ltr'>io</span> <span class='ocrx_word' id='word_1_322' title='bbox 1189 3929 1263 3982; x_wconf 85' lang='lat' dir='ltr'>Bssil.</span> 
     </span>
    </p>

    <p class='ocr_par' dir='ltr' id='par_1_11' title="bbox 21 3986 1261 4334">
     <span class='ocr_line' id='line_1_35' title="bbox 60 3986 905 4058; baseline -0.005 -9"><span class='ocrx_word' id='word_1_323' title='bbox 60 4018 84 4052; x_wconf 86' lang='lat' dir='ltr'>a.</span> <span class='ocrx_word' id='word_1_324' title='bbox 108 4001 173 4058; x_wconf 77' lang='lat' dir='ltr'>lieg.</span> <span class='ocrx_word' id='word_1_325' title='bbox 201 3993 299 4057; x_wconf 73' lang='lat' dir='ltr'>Segoer.</span> <span class='ocrx_word' id='word_1_326' title='bbox 324 3995 421 4046; x_wconf 80' lang='lat' dir='ltr'>Gohlar.</span> <span class='ocrx_word' id='word_1_327' title='bbox 440 4002 464 4044; x_wconf 82' lang='lat' dir='ltr'>ot</span> <span class='ocrx_word' id='word_1_328' title='bbox 481 3993 585 4044; x_wconf 77' lang='lat' dir='ltr'>l&#39;ololam.</span> <span class='ocrx_word' id='word_1_329' title='bbox 603 3995 626 4045; x_wconf 91' lang='lat'>1.</span> <span class='ocrx_word' id='word_1_330' title='bbox 676 3986 810 4042; x_wconf 80' lang='grc' dir='ltr'>τοιούτων</span> <span class='ocrx_word' id='word_1_331' title='bbox 831 3995 905 4045; x_wconf 81' lang='lat' dir='ltr'>deest</span> 
     </span>
     <span class='ocr_line' id='line_1_36' title="bbox 21 4055 1261 4129; baseline 0.002 -19"><span class='ocrx_word' id='word_1_332' title='bbox 21 4069 75 4129; x_wconf 69' lang='lat' dir='ltr'>rtis·</span> <span class='ocrx_word' id='word_1_333' title='bbox 93 4060 184 4117; x_wconf 71' lang='grc' dir='ltr'><strong><em>θείας</em></strong></span> <span class='ocrx_word' id='word_1_334' title='bbox 201 4056 314 4128; x_wconf 73' lang='grc' dir='ltr'>δωρεᾶς.</span> <span class='ocrx_word' id='word_1_335' title='bbox 349 4063 375 4111; x_wconf 90' lang='lat' dir='ltr'>lo</span> <span class='ocrx_word' id='word_1_336' title='bbox 393 4062 447 4112; x_wconf 84' lang='lat' dir='ltr'>sliis</span> <span class='ocrx_word' id='word_1_337' title='bbox 464 4055 626 4115; x_wconf 73' lang='lat' dir='ltr'>oatoesoeast</span> <span class='ocrx_word' id='word_1_338' title='bbox 712 4064 734 4112; x_wconf 82' lang='lat' dir='ltr'>lt.</span> <span class='ocrx_word' id='word_1_339' title='bbox 755 4062 811 4125; x_wconf 68' lang='lat' dir='ltr'>lios.</span> <span class='ocrx_word' id='word_1_340' title='bbox 835 4063 934 4124; x_wconf 72' lang='lat' dir='ltr'>Sepnar.</span> <span class='ocrx_word' id='word_1_341' title='bbox 953 4061 1051 4112; x_wconf 85' lang='lat' dir='ltr'>Goblor.</span> <span class='ocrx_word' id='word_1_342' title='bbox 1074 4071 1098 4113; x_wconf 85' lang='lat' dir='ltr'>st</span> <span class='ocrx_word' id='word_1_343' title='bbox 1115 4064 1219 4115; x_wconf 73' lang='lat' dir='ltr'>Felsina.</span> <span class='ocrx_word' id='word_1_344' title='bbox 1240 4065 1261 4114; x_wconf 87' lang='lat'>1.</span> 
     </span>
     <span class='ocr_line' id='line_1_37' title="bbox 21 4119 952 4208; baseline -0.013 -20"><span class='ocrx_word' id='word_1_345' title='bbox 21 4139 79 4187; x_wconf 81' lang='lat' dir='ltr'>idox</span> <span class='ocrx_word' id='word_1_346' title='bbox 106 4137 172 4196; x_wconf 76' lang='lat' dir='ltr'>lisg.</span> <span class='ocrx_word' id='word_1_347' title='bbox 198 4138 222 4180; x_wconf 84' lang='lat' dir='ltr'>st</span> <span class='ocrx_word' id='word_1_348' title='bbox 245 4133 346 4193; x_wconf 73' lang='lat' dir='ltr'>Ssguor.</span> <span class='ocrx_word' id='word_1_349' title='bbox 368 4121 628 4208; x_wconf 74' lang='lat' dir='ltr'>nultrdpopsrioososr</span> <span class='ocrx_word' id='word_1_350' title='bbox 678 4123 770 4190; x_wconf 72' lang='grc' dir='ltr'>διήκει.</span> <span class='ocrx_word' id='word_1_351' title='bbox 807 4129 869 4180; x_wconf 79' lang='lat' dir='ltr'>Editi</span> <span class='ocrx_word' id='word_1_352' title='bbox 887 4119 952 4188; x_wconf 74' lang='grc' dir='ltr'>ἥκει.</span> 
     </span>
     <span class='ocr_line' id='line_1_38' title="bbox 21 4191 1259 4274; baseline -0.01 -18"><span class='ocrx_word' id='word_1_353' title='bbox 21 4221 71 4256; x_wconf 84' lang='lat' dir='ltr'>uns</span> <span class='ocrx_word' id='word_1_354' title='bbox 92 4217 177 4260; x_wconf 80' lang='lat' dir='ltr'>vose,</span> <span class='ocrx_word' id='word_1_355' title='bbox 197 4199 286 4250; x_wconf 77' lang='lat' dir='ltr'>restim</span> <span class='ocrx_word' id='word_1_356' title='bbox 304 4213 375 4264; x_wconf 86' lang='lat' dir='ltr'>quam</span> <span class='ocrx_word' id='word_1_357' title='bbox 394 4199 450 4250; x_wconf 79' lang='lat' dir='ltr'>editi</span> <span class='ocrx_word' id='word_1_358' title='bbox 467 4193 548 4247; x_wconf 77' lang='grc' dir='ltr'>πολιν</span> <span class='ocrx_word' id='word_1_359' title='bbox 566 4191 628 4264; x_wconf 76' lang='grc' dir='ltr'>δρο-</span> <span class='ocrx_word' id='word_1_360' title='bbox 713 4202 728 4249; x_wconf 90' lang='lat' dir='ltr'>i.</span> <span class='ocrx_word' id='word_1_361' title='bbox 752 4199 807 4260; x_wconf 67' lang='lat' dir='ltr'>lisa.</span> <span class='ocrx_word' id='word_1_362' title='bbox 832 4207 855 4248; x_wconf 85' lang='lat' dir='ltr'>ot</span> <span class='ocrx_word' id='word_1_363' title='bbox 872 4199 972 4260; x_wconf 74' lang='lat' dir='ltr'>Sopater.</span> <span class='ocrx_word' id='word_1_364' title='bbox 985 4193 1259 4274; x_wconf 69' lang='grc' dir='ltr'>μεταλαμβάνοντας.</span> 
     </span>
     <span class='ocr_line' id='line_1_39' title="bbox 21 4261 1067 4334; baseline -0.004 -16"><span class='ocrx_word' id='word_1_365' title='bbox 21 4265 175 4334; x_wconf 66' lang='lat' dir='ltr'>maiomam.</span> <span class='ocrx_word' id='word_1_366' title='bbox 678 4265 839 4316; x_wconf 68' lang='lat' dir='ltr'>diductio</span> <span class='ocrx_word' id='word_1_367' title='bbox 891 4261 1067 4328; x_wconf 73' lang='grc' dir='ltr'>τιτλαβοντας.</span> 
     </span>
    </p>

    <p class='ocr_par' dir='ltr' id='par_1_12' title="bbox 55 4325 1263 4398">
     <span class='ocr_line' id='line_1_40' title="bbox 55 4325 1263 4398; baseline -0.009 -7"><span class='ocrx_word' id='word_1_368' title='bbox 55 4343 75 4391; x_wconf 86' lang='lat' dir='ltr'>i.</span> <span class='ocrx_word' id='word_1_369' title='bbox 98 4341 145 4390; x_wconf 88' lang='lat' dir='ltr'>Sic</span> <span class='ocrx_word' id='word_1_370' title='bbox 154 4338 214 4398; x_wconf 62' lang='lat' dir='ltr'>llus.</span> <span class='ocrx_word' id='word_1_371' title='bbox 227 4341 251 4384; x_wconf 87' lang='lat' dir='ltr'>at</span> <span class='ocrx_word' id='word_1_372' title='bbox 260 4333 347 4398; x_wconf 71' lang='lat' dir='ltr'>Sogo.;</span> <span class='ocrx_word' id='word_1_373' title='bbox 364 4327 538 4386; x_wconf 68' lang='lat' dir='ltr'>auidssrttiu</span> <span class='ocrx_word' id='word_1_374' title='bbox 549 4335 628 4386; x_wconf 83' lang='lat' dir='ltr'>oditis.</span> <span class='ocrx_word' id='word_1_375' title='bbox 713 4335 735 4383; x_wconf 83' lang='lat' dir='ltr'>l.</span> <span class='ocrx_word' id='word_1_376' title='bbox 763 4333 826 4383; x_wconf 83' lang='lat' dir='ltr'>lisso</span> <span class='ocrx_word' id='word_1_377' title='bbox 869 4347 919 4382; x_wconf 82' lang='lat' dir='ltr'>sor</span> <span class='ocrx_word' id='word_1_378' title='bbox 940 4331 1134 4390; x_wconf 70' lang='grc' dir='ltr'>κατοξιοοθῶοτ</span> <span class='ocrx_word' id='word_1_379' title='bbox 1149 4325 1263 4397; x_wconf 58' lang='grc' dir='ltr'>δωρεᾶς</span> 
     </span>
    </p>

    <p class='ocr_par' dir='ltr' id='par_1_13' title="bbox 21 4396 1264 4558">
     <span class='ocr_line' id='line_1_41' title="bbox 55 4396 1264 4470; baseline -0.007 -14"><span class='ocrx_word' id='word_1_380' title='bbox 55 4425 81 4470; x_wconf 77' lang='lat' dir='ltr'>g.</span> <span class='ocrx_word' id='word_1_381' title='bbox 105 4408 144 4456; x_wconf 83' lang='lat' dir='ltr'>its</span> <span class='ocrx_word' id='word_1_382' title='bbox 168 4405 228 4464; x_wconf 66' lang='lat' dir='ltr'>llos.</span> <span class='ocrx_word' id='word_1_383' title='bbox 246 4403 345 4464; x_wconf 73' lang='lat' dir='ltr'>Sessar.</span> <span class='ocrx_word' id='word_1_384' title='bbox 369 4410 392 4452; x_wconf 85' lang='lat' dir='ltr'>st</span> <span class='ocrx_word' id='word_1_385' title='bbox 409 4403 499 4466; x_wconf 69' lang='lat' dir='ltr'>logiis</span> <span class='ocrx_word' id='word_1_386' title='bbox 534 4407 562 4453; x_wconf 85' lang='lat' dir='ltr'>tt</span> <span class='ocrx_word' id='word_1_387' title='bbox 579 4406 628 4454; x_wconf 84' lang='lat' dir='ltr'>Go—</span> <span class='ocrx_word' id='word_1_388' title='bbox 679 4399 728 4460; x_wconf 74' lang='grc' dir='ltr'>τοῖτ</span> <span class='ocrx_word' id='word_1_389' title='bbox 744 4396 950 4467; x_wconf 74' lang='grc' dir='ltr'>παλιγγενιοίας</span> <span class='ocrx_word' id='word_1_390' title='bbox 972 4403 1059 4452; x_wconf 80' lang='lat' dir='ltr'>dosunt</span> <span class='ocrx_word' id='word_1_391' title='bbox 1081 4397 1264 4452; x_wconf 69' lang='lat' dir='ltr'>mimatensi</span> 
     </span>
     <span class='ocr_line' id='line_1_42' title="bbox 21 4459 1247 4558; baseline -0.005 -35"><span class='ocrx_word' id='word_1_392' title='bbox 21 4475 87 4524; x_wconf 80' lang='lat' dir='ltr'>oter.</span> <span class='ocrx_word' id='word_1_393' title='bbox 109 4481 137 4522; x_wconf 82' lang='lat' dir='ltr'>at</span> <span class='ocrx_word' id='word_1_394' title='bbox 157 4469 268 4558; x_wconf 65' lang='lat' dir='ltr'>sotum</span> <span class='ocrx_word' id='word_1_395' title='bbox 286 4470 309 4520; x_wconf 90' lang='lat' dir='ltr'>l.</span> <span class='ocrx_word' id='word_1_396' title='bbox 325 4467 413 4522; x_wconf 76' lang='lat' dir='ltr'>suisa</span> <span class='ocrx_word' id='word_1_397' title='bbox 428 4463 481 4537; x_wconf 66' lang='grc' dir='ltr'>μὲν</span> <span class='ocrx_word' id='word_1_398' title='bbox 496 4469 574 4538; x_wconf 71' lang='grc' dir='ltr'>κοινῇ</span> <span class='ocrx_word' id='word_1_399' title='bbox 589 4465 632 4522; x_wconf 67' lang='lat' dir='ltr'>tas</span> <span class='ocrx_word' id='word_1_400' title='bbox 680 4470 783 4526; x_wconf 77' lang='lat' dir='ltr'>islolm.</span> <span class='ocrx_word' id='word_1_401' title='bbox 804 4469 825 4520; x_wconf 87' lang='lat' dir='ltr'>l&#39;.</span> <span class='ocrx_word' id='word_1_402' title='bbox 860 4471 926 4521; x_wconf 82' lang='lat' dir='ltr'>laiss</span> <span class='ocrx_word' id='word_1_403' title='bbox 943 4470 1015 4520; x_wconf 80' lang='lat' dir='ltr'>iidem</span> <span class='ocrx_word' id='word_1_404' title='bbox 1033 4459 1247 4535; x_wconf 71' lang='grc' dir='ltr'>ἁμαρτόντων.</span> 
     </span>
    </p>
   </div>
   <div class='ocr_carea' id='block_1_8' title="bbox 0 0 1512 5050">
    <p class='ocr_par' dir='ltr' id='par_1_14' title="bbox 0 0 1512 5050">
     <span class='ocr_line' id='line_1_43' title="bbox 0 0 1512 5050; baseline 0 7"><span class='ocrx_word' id='word_1_405' title='bbox 0 0 1512 5050; x_wconf 95' lang='lat' dir='ltr'> </span> 
     </span>
    </p>
   </div>
  </div>
 </body>
</html>
