3220 5046
223 258 282 322 1‘56
619 273 645 318 ε.
661 255 812 318 numan
828 271 1048 319 ικεειειιεεοει

135 445 209 490 ιιιιο.
217 417 312 508 ἡμεῖς
338 419 540 506 γινώσκομεν
569 419 652 488 κατὰ
678 419 736 508 τήν
765 419 853 490 ίδίαν
883 419 1031 505 δύναμιν.
1074 417 1130 486 καὶ
1157 417 1217 505 γὰρ
1239 418 1296 488 καὶ
1317 414 1335 485 δ
1358 418 1438 500 υίός,

219 529 330 609 φησίν,
354 515 393 590 οῦ
414 521 516 607 μόνον
537 520 594 588 τὸν
615 527 746 610 πατέρα
760 516 903 608 οάριβῶς
917 516 956 588 οδ
970 519 1131 607 γινώσκει,
1148 523 1258 588 λείπει
1270 519 1332 608 γὰρ
1350 515 1440 606 αὐτῷ

217 621 266 702 είς
286 621 325 690 τὸ
347 624 553 709 καταλαβεῖν,
576 619 753 692 ’ἀλλὰκαὶ
776 619 875 702 αῦτὸς
897 620 915 688 δ
937 618 1009 702 υἱὸς
1029 621 1088 710 τήν
1110 622 1227 690 έαυτοῦ
1250 617 1367 690 οῦσίαν
1382 617 1441 692 οῦκ

218 718 307 792 οἶδε·
335 729 388 792 καί
417 721 470 794 ὅτι
496 731 732 812 μεμερισμένοι
752 728 792 813 τῇ
815 723 915 812 φύσει
935 728 990 792 καί
1012 719 1259 808 ἀπεξενωμέναι
1278 721 1334 790 καὶ
1356 717 1441 792 άπε-

218 832 444 910 σχοινισμέναι
471 824 526 894 καί
547 819 792 911 ἀλλότριοικαὶ
816 822 971 910 άμέιοχοί
992 825 1077 894 είσιν
1099 819 1248 910 ἀλλήλων
1270 823 1305 891 αλ
1327 821 1439 893 οῦσίαι

217 930 276 994 τοῦ
298 925 426 1013 πατρὸς
447 925 581 994 καὶτοῦ
604 927 677 994 υίοῦ
698 929 752 994 καί
774 930 833 994 τοῦ
855 923 949 1014 ἆγίου
972 925 1168 1012 πνεύματος,
1190 932 1255 1006 καί,
1279 922 1324 1005 ῶς
1340 920 1440 1007 αῦτὸς

148 1033 154 1042 “
218 1027 413 1116 ἐφθέγξατο,
437 1023 590 1113 άνδμοιοι
612 1027 755 1113 πάμπαν
777 1023 925 1114 άλλήλων
946 1039 1021 1108 ταῖς
1041 1053 1078 1097 τε
1100 1026 1229 1107 οὐσίαις
1250 1033 1304 1094 καὶ
1327 1026 1441 1108 δόξαις

217 1128 301 1197 είσίν
323 1125 374 1198 ἐπ’
399 1127 548 1216 άπειρον.
592 1128 650 1196 τὸν
671 1133 749 1216 γοῦν
771 1129 868 1216 λόγον
891 1132 992 1218 φησίν
1015 1131 1063 1209 είς
1079 1125 1258 1216 ὁμοιότητα
1273 1127 1370 1215 δόξης
1383 1131 1438 1196 καὶ

217 1225 332 1310 οῦσίας
354 1226 527 1318 ἀλλότριον
550 1226 635 1299 εἶναι
656 1233 828 1311 παντελῶς
849 1231 1009 1319 ἑκατέρων
1030 1235 1089 1300 τοῦ
1111 1255 1147 1300 τε
1168 1229 1296 1317 πατρὸς
1310 1231 1438 1298 καὶτοῦ

217 1328 311 1418 άγίου
333 1332 536 1418 πνεύματος·
558 1330 689 1412 τούτοις
709 1333 771 1419 γὰρ
793 1333 980 1420 ἐφθέγξατο
1001 1345 1074 1412 τοῖς
1095 1331 1237 1421 ῥήμασιν
1260 1327 1278 1396 ὁ
1301 1325 1437 1418 ἀσεβής·

216 1437 270 1500 καί
294 1435 487 1522 διῃρημένον
510 1434 546 1501 δέ
568 1429 654 1502 εἶναι
674 1432 750 1501 καθ’
775 1433 891 1500 ἑαυτὸν
913 1438 967 1502 καί
982 1429 1141 1519 ἀμέτοχον
1156 1431 1239 1502 κατά
1253 1431 1364 1500 πάντα
1377 1435 1436 1500 τοῦ

216 1532 344 1622 πατρὸς
363 1534 421 1602 τὸν
442 1534 514 1602 υἱὸν
536 1534 647 1623 έφησε.
691 1537 795 1602 ταῦτα
820 1540 902 1623 μέρη
923 1538 990 1602 τῶν
1011 1535 1044 1604 ἐν
1066 1538 1113 1624 τῷ
1133 1537 1251 1622 γελοίῳ
1274 1533 1437 1622 συγγράμ-

215 1660 297 1720 ματι
318 1642 473 1721 κειμένων
494 1637 662 1719 μυδιδίων
684 1635 773 1728 έστίγ
791 1630 931 1721 Ἀρείου.

303 1743 332 1804 7.
379 1743 439 1815 Τίς
465 1733 575 1804 τοίνυν
602 1740 668 1806 τῶν
695 1735 855 1804 τοιούτων
884 1739 938 1804 καί
965 1739 1024 1811 τοῦ
1052 1740 1171 1822 μέλους
1199 1740 1257 1825 τῆς
1278 1738 1438 1818 1’έίιιλείας

218 1831 360 1915 ἀκούσας
381 1832 420 1903 οῦ
440 1836 610 1923 μισήσειεν
633 1837 666 1906 έν
689 1838 760 1926 δίκη
783 1838 945 1919 παίζοντα
966 1837 1023 1906 τὸν
1038 1836 1172 1926 ’Ἀρειον
1187 1835 1233 1918 ῶς
1248 1839 1304 1906 ἐπί
1321 1842 1437 1926 σκηνῆς

217 1939 295 2022 περὶ
323 1936 501 2020 τοιοῦτωνς
532 1945 583 2017 τίς
610 1933 648 2006 οῦ
676 1945 801 2025 θεωρεῖ
828 1943 944 2008 τοῦτον
975 1938 1031 2008 διὰ
1052 1945 1111 2006 τοῦ
1132 1942 1241 2018 δοκεῖν
1264 1937 1436 2024 ὀνομάζειν

216 2038 299 2108 θεὸν
321 2041 374 2106 καὶ
397 2041 474 2125 περί
496 2042 580 2108 θεοῦ
602 2040 715 2124 λέγειν,
740 2036 785 2120 ῶς
806 2039 863 2106 τὸν
875 2039 955 2128 δ’φιν
966 2041 1417 2128 συμβουλεύοντατῇγυναικί
1424 2071 1436 2124 ,·

216 2147 267 2219 τίς
289 2141 325 2211 δέ
346 2145 417 2220 τοῖς
439 2141 512 2228 ἑξῆς
533 2133 749 2226 εἐντυγχάνων
772 2136 810 2210 οῦ
832 2144 950 2228 βλέπει
971 2141 1029 2228 τὴν
1052 2139 1205 2229 ἀσέβειαν
1234 2138 1349 2224 αὐτοῦ,
1374 2139 1436 2221 ῶς-

216 2265 279 2328 περ
301 2241 435 2310 καὶτοῦ
459 2239 568 2330 δ’φεως
589 2240 647 2331 τήν
668 2242 752 2325 μετὰ
773 2247 876 2310 ταῦτα
898 2241 1035 2330 πλάνην,
1060 2243 1107 2322 είς
1128 2242 1166 2329 ἣν
1188 2243 1357 2331 παρήγαγε
1379 2267 1436 2310 σο-

216 2342 398 2431 φισάμενος
419 2343 497 2432 Ἰτήν
518 2355 654 2430 γυναῖκα
660 2375 672 2425 ,·
704 2351 755 2424 τίς
777 2344 833 2412 έπί
855 2355 929 2424 ταῖς
950 2343 1120 2423 τοιαύταις
1140 2341 1364 2432 βλαςφημίαις
1378 2339 1436 2412 οῦκ

216 2442 400 2528 ἐξίσταται,Ι
434 2441 452 2510 ὁ
479 2447 538 2528 μὲν
567 2435 625 2512 οῦν
647 2443 801 2533 οὐρανός,
825 2441 888 2524 εῶς
910 2439 929 2511 ὁ
951 2445 1125 2533 προφήτης
1147 2450 1287 2533 φησίν’),
1311 2447 1433 2542 ἐξέστη,

215 2548 269 2611 καί
291 2541 310 2630 ή
332 2549 372 2633 γῆ
396 2547 525 2633 ἔφριξεν
548 2547 605 2614 ἐπὶ
626 2549 666 2634 τῇ
689 2545 879 2632 παραβάσει
900 2550 959 2614 τοῦ
981 2545 1094 2630 νόμου,
1119 2541 1137 2613 ὃ
1160 2548 1196 2615 δὲ
1217 2543 1310 2634 ἥλιος
1332 2549 1434 2614 πλέον

216 2640 405 2732 ἀγανακτῶν
426 2649 479 2713 καί
501 2645 545 2732 μή
568 2652 678 2733 φέρων
699 2647 774 2716 τότε
795 2646 855 2728 τὰς
876 2647 959 2716 κατὰ
980 2653 1038 2714 τοῦ
1061 2653 1171 2717 κοινοῦ
1193 2647 1327 2714 πάντων
1342 2642 1434 2734 ήμῶν

216 2745 380 2814 δεσπότου
402 2750 591 2833 ’γενομένας
612 2750 800 2833 σωματικάς
821 2746 941 2838 ῦβρεις,
965 2748 1005 2830 ἃς
1027 2750 1107 2819 ἑκὼν
1130 2743 1228 2828 αὐτὸς
1242 2743 1326 2835 ὑπὲρ
1341 2743 1433 2834 ἡμῶν

215 2841 396 2932 ὑπέμεινεν,
421 2843 617 2938 ἀπεστράφη
640 2853 694 2919 καί
715 2850 775 2932 τὰς
796 2848 929 2931 άκτῖνας
950 2854 1123 2932 συστείλας
1143 2849 1201 2940 τήν
1215 2845 1337 2936 ἡμέραν
1352 2849 1435 2918 ἐκεί-

215 2975 272 3037 νην
300 2944 433 3036 άνήλιον
462 2950 598 3032 ἔδειξεν·
632 2951 689 3020 ἐπὶ
720 2954 756 3020 δέ
783 2965 858 3033 ταῖς
876 2949 1006 3039 Ἀρείου
1038 2954 1261 3040 βλαςφημίαις
1293 2953 1367 3030 πῶς
1395 2945 1434 3016 οῦ

131 3055 310 3119 υ.ιιι.πᾶσα
336 3055 402 3120 τῶν
434 3048 625 3139 ἀνθρώπων
647 3050 685 3142 Εἡ
715 3053 815 3142 φύσις
837 3049 967 3144 ἀφασίᾳ
989 3049 1206 3143 πληγήσεταλ,
1235 3053 1291 3122 καὶ
1311 3055 1434 3120 κλείσει

215 3155 274 3238 μὲν
302 3152 361 3233 τὰς
388 3149 501 3235 άκοάς,
530 3156 693 3242 καμμύσει
716 3157 752 3224 δὲ
773 3156 850 3235 τοὺς
872 3151 1085 3245 ὀφθαλμούς,
1115 3155 1171 3223 ἵνα
1191 3154 1272 3242 μήτε
1294 3149 1434 3222 ἀκοῦσαι

215 3255 392 3324 λτοιοῦτων
418 3251 491 3342 μήτ’
517 3256 599 3324 ἰδεῖν
628 3255 685 3322 τὸν
713 3260 817 3324 ταῦτα
843 3257 1018 3344 γράψαντα
1045 3259 1191 3344 δυνηθῇ,1
1225 3253 1303 3323 δδέ
1323 3253 1434 3341 κύριος

214 3351 312 3432 αὐτὸς
333 3360 409 3434 πῶς
430 3352 467 3422 οὗ
489 3358 614 3440 μᾶλλον
636 3358 771 3437 δικαίως
792 3357 888 3426 1’κατά
908 3358 1033 3428 τούτων
1057 3355 1102 3438 ὡς
1124 3355 1252 3444 ἀσεβῶν
1274 3352 1358 3424 ἀλλὰ
1378 3359 1432 3424 καί

214 3451 398 3541 ἀχαρίστων
429 3457 560 3542 βοήσει,
595 3457 617 3524 ά
646 3463 700 3528 καί
729 3459 786 3528 διὰ
812 3463 871 3527 τοῦ
900 3459 1075 3548 προφήτου
1101 3455 1196 3548 Ὠσηὲ
1223 3456 1432 3547 προείρηκεν·

214 3551 290 3623 οῦαὶ
311 3551 434 3636 αὐτοῖς,
459 3551 512 3624 ὅτι
533 3551 751 3650 ἀπεπήδησεν
773 3556 830 3630 ἀπ’
855 3561 950 3647 ἐμοῦ,
974 3562 1139 3630 ὶδείλαιοί
1160 3561 1260 3642 εἰσιν,
1284 3550 1337 3628 ὅτι
1356 3555 1434 3646 ήσέ

211 3664 317 3744 βησαν
340 3657 387 3736 είς
409 3657 474 3742 ἐμέ.
505 3657 567 3744 έγῶ
590 3662 626 3729 δέ
648 3661 878 3750 ίλυτρωσάμην
901 3657 1029 3743 αὐτούς,
1053 3658 1147 3730 αὐτοὶ
1163 3661 1432 3749 δέκατελάλησαν

211 3753 280 3824 κατ’
305 3758 384 3841 ἐμοῦ
406 3761 522 3848 ψευδῆ,
553 3766 621 3830 ικαί
642 3759 710 3847 μετ’
736 3760 845 3851 ὀλίγα·
867 3762 923 3831 καί
946 3764 992 3844 είς
1014 3764 1071 3850 έμὲ
1087 3761 1276 3849 ίλογίσαντο
1292 3760 1430 3851 πονηρά,

284 3951 307 4009 1)
324 3950 408 4000 Ιειειυ.
428 3949 452 4010 2,
472 3950 510 4000 12.

246 4099 268 4133 ε.
286 4085 385 4146 Seguer.
405 4076 471 4134 ιἰλλὰ
487 4079 542 4152 γάρ
560 4081 606 4136 καί
624 4078 706 4140 αὐτάς
717 4096 761 4138 etc.
882 4105 904 4140 ε.
923 4090 1022 4151 δεςιιει.
1041 4090 1113 4140 ΒιείΙ.
1126 4089 1220 4166 λιιηίίε.
1238 4087 1308 4138 ῦόίιί.
1327 4084 1432 4136 Felckm.

245 4153 269 4200 b.
288 4155 386 4214 ςεςσεε.
406 4155 503 4204 ῦοίιΙεε.
528 4164 552 4205 ει
576 4155 680 4204 ίεΙείιω.
702 4157 722 4204 l.
748 4151 796 4213 τῆς
850 4155 871 4204 1.
891 4165 915 4206 ει
932 4157 955 4206 δ.
980 4147 1017 4210 ῶς
1041 4147 1054 4202 ὃ
1080 4168 1233 4222 κρυφητηε.
1269 4154 1331 4204 Εδὶιί
1349 4159 1374 4200 ει
1390 4151 1431 4202 alii

211 4213 329 4272 θαλείας.
373 4221 444 4270 Βκείί.
473 4220 521 4282 τῆς
546 4216 653 4274 θαλίαι.
698 4222 743 4273 Alii
773 4230 796 4272 ει
847 4213 885 4276 ῶς
900 4214 1054 4290 προφήτης.
1094 4223 1153 4272 Ιυίδ.
1173 4223 1270 4274 Gobler.
1289 4217 1430 4270 ειῖείιίιοι.

212 4287 267 4336 editi
285 4282 390 4341 δειλίας.
847 4291 871 4340 1.
890 4281 905 4348 ἡ
926 4285 1008 4354 δὲγῆ
1025 4281 1145 4354 ἔφριξεν.
1185 4290 1259 4340 lidem
1286 4293 1309 4338 εί
1331 4288 1431 4350 Seguer.

246 4369 266 4402 ε.
285 4355 384 4416 δεςιιεε,
403 4347 531 4422 ἐντυχών.
844 4350 889 4406 ἐπὶ
905 4355 944 4420 τῷ
962 4349 1250 4437 παραβαθέντινδμηι.
1283 4357 1345 4408 Εδὶίί
1356 4364 1379 4405 εί
1390 4355 1432 4406 alii

244 4423 269 4472 δ.
287 4421 327 4471 Sic
344 4424 443 4484 seguer.
465 4424 535 4474 ΙίιιίΙ.
554 4421 652 4476 Gobler.
670 4432 694 4473 ει
713 4424 792 4476 Felck.
843 4416 889 4474 ἐπὶ
907 4423 938 4489 τῇ
956 4417 1112 4492 παραβάσει
1129 4423 1178 4474 τοῦ
1195 4437 1293 4490 νομιυ.
1424 4465 1430 4472 .

211 4490 235 4538 1.
269 4491 298 4538 λι
316 4489 356 4539 alii
375 4497 399 4540 ει
417 4489 473 4540 editi
490 4481 541 4548 τήν
558 4491 677 4542 omittunt.
876 4493 893 4543 ί.
911 4496 1011 4556 έεςαεε.
1022 4489 1178 4560 γινομένας.
1199 4489 1429 4560 Ηεςγεινσμίνοε·
