3216 5048
222 206 285 272 2⁸⁰
621 216 819 262 αιτιιειωειι
830 217 1056 264 nummum

133 365 299 436 τοιοῦτον
319 369 432 434 τοίνυν
454 357 674 442 ἀσθενοῦντες
695 363 747 430 ὀἱ
768 362 953 449 ἄνθρωποι
962 365 1211 450 παρακαλῶσιν,
1234 359 1315 434 ὅταν
1330 355 1454 436 διωκό-

216 491 313 556 μενοι
333 466 476 534 δέωνται
495 470 667 552 βοηθείας,
691 460 772 532 όταν
795 459 1007 551 ἀδικούμενοι
1020 463 1276 550 πρυςεῦχωνται,
1298 465 1376 536 τότε
1391 492 1452 556 φι-

216 569 422 655 λάνθρωπος
443 559 511 633 haffu
534 561 552 631 6
575 559 716 651 ἀόρατος
738 565 953 653 ἐπιφαίνεται
975 565 1032 633 διὰ
1045 569 1104 652 τῆς
1119 566 1236 634 ἑαυτοῦ
1252 561 1449 655 εῦεργεσίας,

216 670 256 759 ἣν
280 669 337 738 διά
357 671 417 736 τοῦ
440 669 526 736 ίόίσυ
549 661 650 734 αότοῦ
674 666 773 753 λόγου
794 666 851 736 καὶ
870 667 906 736 έν
934 661 1024 754 αότῷ
1052 677 1220 749 ποιεῖται·
1248 667 1306 736 καὶ
1326 668 1449 737 λοιπόν

216 771 304 860 πρὸς
324 769 383 859 τὴν
403 775 516 857 χρείαν
538 766 665 856 ἑκάστῳ
685 775 813 856 γίνεται
832 766 875 836 τά
901 771 961 857 τῆς
988 773 1207 858 θεοφανείας,
1239 771 1294 837 καί
1322 776 1451 856 γίνεται

215 883 289 954 τοῖς
309 873 370 959 μέν
385 865 588 939 ἀσθενοῦσιν
603 869 703 954 ἰσχῦς,
726 879 800 956 τοῖς
814 871 852 938 δέ
867 871 1081 956 διωκομένοις
1094 870 1265 960 καταφυγὴ
1287 873 1342 939 καί
1359 867 1451 954 οἶκος

217 981 390 1063 σωτηρίας,
413 982 487 1052 τοῖς
508 973 546 1040 δέ
567 966 796 1058 ἀδικουμένοις
817 973 919 1058 λέγει·
942 971 992 1040 ἔτι
1005 970 1185 1051 λαλοῦντός
1199 995 1261 1040 σου
1276 972 1351 1060 ἐρῶ,
1376 973 1449 1042 ἰδοῦ

216 1075 397 1161 πάρειμι).
443 1071 527 1161 όπερ
550 1064 609 1142 οῦν
631 1073 679 1153 εἷς
701 1069 879 1158 ἀντίληψιν
899 1072 1045 1160 ’ἑκάστῳ
1068 1071 1125 1141 διά
1145 1076 1205 1140 τοῦ
1222 1073 1296 1141 οἱοῦ
1310 1080 1449 1161 γίνεται,

215 1181 315 1246 τοῦτο
336 1175 395 1244 τὸν
416 1173 501 1243 θεὸν
523 1175 660 1254 ἕκαστος
681 1174 788 1262 ἑαυτῷ
810 1177 1010 1260 γεγενῆσθαι
1030 1175 1130 1260 λέγει,
1154 1173 1270 1262 έπειδι)
1292 1173 1349 1242 καὶ
1368 1178 1452 1265 βοή-

215 1285 299 1348 θεια
319 1271 398 1364 παρ’
423 1271 524 1344 αὐτοῦ
546 1279 605 1344 τοῦ
626 1279 712 1345 θεοῦ
734 1274 792 1343 διά
811 1278 871 1342 τοῦ
893 1274 992 1360 λόγου
1013 1280 1148 1361 γίνεται.
1192 1279 1292 1355 τοῦτο
1307 1271 1380 1346 οἶδε
1393 1281 1450 1348 καί

215 1376 236 1468 ἦ
259 1378 423 1468 συνήθεια
443 1380 510 1445 τῶν
532 1372 740 1464 ἀνθρώπων,
771 1378 846 1444 *καί
868 1379 967 1442 τοῦτο
989 1378 1044 1444 καί
1064 1379 1135 1455 πάς
1157 1371 1303 1456 όςτιςοῦν
1325 1374 1451 1465 όμαλο-

216 1479 310 1568 γήσει
331 1481 440 1559 καλῶς
462 1479 628 1568 εἰρῆσθαι.
673 1476 835 1557 πολλάκις
856 1480 909 1544 καί
929 1476 1024 1562 παρὰ
1038 1471 1231 1564 ἀνθρώπων
1245 1485 1375 1566 γέγονεν
1390 1475 1450 1549 ἀν-

216 1579 375 1668 θρώποις
395 1579 550 1667 βοήθεια,
573 1582 628 1648 καί
651 1576 670 1646 ό
690 1581 751 1665 μέν
766 1574 969 1665 ἀδικουμένῳ
986 1583 1173 1663 συνέκαμεν,
1196 1574 1275 1659 ὦςό
1294 1576 1450 1669 Ἀβραάμ

215 1685 263 1769 τῷ
284 1680 412 1762 Λώτ),
437 1678 455 1748 ὃ
478 1683 515 1750 δὲ
537 1683 727 1767 διωκομένῳ
749 1679 807 1746 τὸν
823 1674 913 1747 οἶκον
935 1673 1102 1766 ’ἠνέῳξεη
1126 1675 1172 1760 τός
1187 1676 1205 1747 6
1223 1676 1361 1768 Ἀβδίας
1375 1694 1450 1764 τοῖς

215 1784 302 1863 υἱοῖς
322 1786 389 1850 τῶν
410 1785 636 1870 προφητῶν),
659 1784 715 1849 καὶ
738 1777 756 1848 ό
777 1781 838 1867 μέν
858 1780 917 1848 τὸν
939 1782 1031 1860 ξένον
1047 1775 1242 1862 ἀνέπαυσεν,
1266 1778 1313 1864 ὥς
1327 1779 1346 1849 6
1361 1783 1450 1854 Λὼτ

215 1884 293 1964 τοῦς
313 1878 508 1970 ἀγγέλους),
531 1878 550 1949 ό
576 1883 613 1949 δέ
626 1891 700 1961 τοῖς
722 1882 891 1966 δεομένοις
913 1880 1153 1969 ῐυωγορήγηυιεν,
1177 1877 1223 1962 ὡς
1244 1877 1263 1949 ό
1282 1877 1355 1972 Ἰὼβ
1375 1896 1450 1968 τοῖς

216 1985 367 2055 αἰτοῦσιν
383 1979 528 2069 αὐτόν’).
566 1979 676 2070 ὥςπερ
693 1971 750 2049 οῦν
773 1983 909 2063 ἕκαστος
930 1986 998 2050 τῶν
1021 1972 1055 2051 εὖ
1083 1982 1268 2052 παθόντων
1289 1985 1320 2054 εί
1341 1987 1448 2074 λέγω·

217 2083 236 2156 6
258 2086 351 2156 δεῖνά
375 2110 437 2172 μοι
456 2091 568 2173 γέγονε
587 2083 733 2172 βοηθός,
767 2083 824 2152 καὶ
845 2081 945 2162 άλλος
968 2083 998 2151 εί
1020 2085 1126 2169 λέγοι·
1154 2078 1253 2172 κάμοί
1274 2088 1447 2176 καταφυγὴ

214 2192 270 2258 καὶ
290 2186 417 2276 Ιτοότην
437 2185 585 2274 χορηγός,
609 2187 757 2271 λέγοντες
779 2186 815 2252 δέ
835 2187 940 2252 ταῦτα
962 2178 999 2251 οῦ
1022 2184 1081 2270 τὴν
1104 2179 1203 2273 ἀρχὴν
1218 2189 1277 2273 τῆς
1290 2195 1447 2274 γενέσεως

135 2323 149 2362 .·
215 2285 292 2358 οὐδὲ
313 2288 372 2377 τὴν
395 2282 512 2356 σόσίαν
533 2291 600 2356 τῶν
622 2275 658 2354 εῦ
680 2285 894 2374 ποιησάντων
922 2292 1155 2374 σημαίνουσιν,
1185 2281 1270 2356 ἀλλὰ
1290 2287 1348 2374 τὴν
1373 2288 1442 2368 ἐίς
1481 2379 1483 2382 ¹

216 2387 335 2471 αὐτοὺς
349 2397 521 2478 γινομένην
535 2382 614 2476 παρ’
632 2384 763 2456 ἐκείνων
779 2382 981 2473 εὐεργεσίαν·
1004 2383 1110 2466 οῦτως
1131 2383 1210 2454 όταν
1233 2391 1353 2475 λέγωσι
1366 2391 1446 2478 περλ

163 2487 167 2496 “
214 2493 274 2558 τοῦ
295 2493 381 2558 θεοῦ
404 2492 437 2556 ol
458 2487 548 2574 άγισι
568 2488 608 2554 τὸ
630 2489 756 2576 ἐγένετο
778 2490 832 2554 καί
854 2487 893 2554 τὸ
914 2490 1024 2574 γενοῦ,
1055 2483 1113 2555 οῦκ
1140 2483 1240 2577 ἀρχήν
1260 2515 1337 2558 τινα
1357 2497 1449 2578 γενέ·

216 2611 301 2668 σεως
322 2595 549 2674 σημαίνουσιν,
574 2585 715 2672 ἀναργσς
735 2587 797 2674 γὰρ
818 2586 874 2655 καὶ
897 2583 936 2654 οά
957 2588 1091 2677 γενητὸς
1113 2584 1131 2655 ό
1153 2589 1249 2668 θεός,
1279 2585 1364 2658 ἀλλὰ
1385 2592 1446 2679 τὴν

217 2688 265 2767 είς
285 2683 491 2774 ἀνθρώπους
511 2682 590 2774 παρ’
615 2681 717 2754 αὐτοῦ
738 2693 926 2777 Ιγενομένην
949 2697 1122 2780 σωτηρίαν.

129 2821 206 2870 εισι.
301 2797 353 2859 64.
401 2787 529 2856 Τοότσυ
551 2790 588 2857 δέ
610 2785 716 2870 υῦτως
737 2797 930 2876 νοουμένου,
959 2785 1145 2860 ἀκόλουθον
1172 2782 1212 2857 ἀν
1235 2788 1284 2878 εἴη
1306 2791 1362 2858 καί
1385 2790 1446 2861 &ab

215 2895 275 2960 τοῦ
297 2892 380 2974 υἱοῦ,
405 2885 470 2958 ὅσα
492 2885 525 2960 δ’
550 2884 591 2958 ἀν
612 2889 668 2958 καὶ
690 2885 805 2971 ὁσάκις
827 2886 867 2960 ἀν
888 2894 1023 2982 λίγηται
1044 2893 1168 2980 ἐγένετο
1189 2893 1242 2960 καί
1257 2895 1363 2978 γενοῦ,
1386 2892 1446 2981 τὴν

215 2988 316 3085 αότὴν
338 2993 489 3062 διάνοιαν
511 2992 643 3076 σώζειν,
673 2989 756 3073 ὥςτε
783 2996 860 3061 ῑκαί
889 2993 929 3062 τὸ
951 2994 1126 3082 λεγόμενον
1145 2993 1448 3082 γενόμενοςκρείτ-

214 3123 282 3166 των
301 3099 368 3165 τάν
391 3092 535 3184 ἀγγέλων
556 3094 612 3164 καί
636 3095 762 3182 ἐγένετο
785 3089 964 3176 ἀκούοντας
984 3095 1029 3185 μὴ
1045 3091 1145 3185 ἀρχήν
1160 3121 1235 3164 τινα
1263 3099 1337 3164 ιτοῦ
1359 3103 1446 3182 γίνε-

215 3205 301 3268 σθαι
323 3197 471 3266 έπινοεῖν
492 3201 552 3265 τοῦ
575 3195 683 3282 λόγου,
706 3198 789 3285 μηδὲ
807 3193 893 3277 όλως
907 3197 941 3266 έκ
956 3196 1082 3264 τούτων
1095 3197 1230 3285 γενητόν
1245 3191 1345 3264 αῦτὸν
1360 3222 1447 3286 φάν·

213 3298 392 3379 τάζεσθαι,
423 3293 491 3365 ἀλλ’
523 3295 582 3364 ἐπὶ
610 3299 669 3381 τῆς
697 3295 866 3376 διακονίας
892 3300 948 3366 καὶ
977 3298 1183 3384 οίκονομίας,
1211 3293 1295 3367 “όιε
1314 3303 1446 3386 γέγονεν

213 3395 408 3481 ἄνθρωπος,
431 3407 519 3463 νοεῖν
541 3394 581 3462 τὸ
603 3393 777 3479 λεγόμενον
799 3397 893 3486 παρά
914 3401 973 3466 τοῦ
988 3398 1136 3468 Παύλου.
1167 3396 1224 3468 ὅτε
1236 3399 1300 3487 γὰρ
1315 3396 1333 3466 ό
1348 3398 1447 3487 λόγος

213 3494 298 3581 σάρξ
318 3496 444 3581 ἐγένετο
465 3498 521 3563 καί
543 3493 725 3583 ἐσκήνωσεν
748 3497 782 3566 έν
803 3495 924 3588 ἡμῖν),
947 3491 1034 3588 ἦλθέ
1054 3526 1091 3570 τε
1112 3501 1168 3570 ἵνα
1190 3500 1367 3590 διακονήση
1389 3503 1447 3570 καί
1536 3578 1542 3596 Ι

211 3598 300 3664 πᾶσι
321 3602 487 3685 σωτηρίαν
506 3604 700 3685 χαρίσηται,
722 3599 799 3668 τότε
820 3597 898 3686 ἡμῖν
921 3600 1048 3688 έγένετο
1070 3609 1217 3692 σωτηρία
1238 3602 1295 3671 καὶ
1317 3603 1444 3690 έγένετυ

282 3768 306 3828 1)
324 3769 380 3819 Eu.
399 3767 441 3824 58.
459 3769 483 3820 9.
553 3769 580 3826 2)
599 3771 687 3822 Genea.
707 3772 747 3832 14,
768 3771 806 3824 16.
859 3771 1261 3842 ³)1.[3.Lxx.]neg.1s‚4
1309 3775 1337 3838 ⁴)
1356 3777 1443 3830 ίὶυσει.

213 3835 253 3898 19,
272 3835 297 3887 3.
366 3837 393 3894 5)
411 3837 462 3888 lob.
480 3836 522 3898 29,
544 3837 582 3889 15.
652 3839 678 3901 θ)
696 3841 764 3891 ίοεο.
784 3842 807 3901 1,
828 3840 868 3892 14.

244 3969 266 4006 ε.
283 3945 314 4004 σί
330 3953 398 4006 δοιοί
413 3955 437 4006 in
455 3957 615 4020 δεςυευὶυοο.
656 3979 658 3984 ·
853 3965 877 4010 τί
900 3959 1005 4010 Felckm.
1023 3962 1047 4012 5.
1071 3953 1185 4017 ἕκαστος
1210 3955 1311 4017 αότιῦν.
1351 3962 1398 4015 Alii
1421 3970 1447 4015 τί

242 4022 266 4072 b.
285 4024 387 4081 saner.
410 4025 508 4075 Gohler.
534 4025 637 4075 θείοίιο.
657 4025 677 4075 ί.
703 4033 727 4075 εί
745 4027 801 4106 ίίερ.
852 4027 909 4078 edili
927 4019 1152 4095 ίκαστοιέαυιρί.
1242 4063 1255 4084 .

209 4081 250 4138 νῦν
267 4081 284 4137 ὃ
301 4081 429 4156 ἀόρατοι.
456 4093 570 4143 Galerio!
586 4093 643 4142 εδίιί
661 4083 701 4140 ιῦν
718 4084 801 4160 άυρα·
885 4096 909 4146 (ί.
927 4099 976 4144 καί
997 4099 1064 4147 dmi
1083 4101 1106 4146 in
1130 4101 1231 4158 ὃυςυετ.
1273 4095 1325 4144 Mox
1343 4095 1445 4155 εεςοου.

136 4215 142 4228 Ι
208 4171 271 4212 wc·
314 4159 375 4208 lbid.
400 4161 500 4221 seguer.
525 4161 623 4212 Goblvr.
654 4161 758 4211 λ’νΙιίιυι,
779 4163 799 4212 ί.
852 4163 950 4214 Gobler.
976 4174 999 4213 ει
1018 4164 1121 4213 θείείιω.
1142 4163 1162 4214 l.
1191 4153 1363 4228 ὁμολογήσει
1397 4159 1445 4210 Alii

208 4217 257 4274 διά
274 4223 323 4286 τῆς
338 4220 446 4276 ἑαυτοῦ.
485 4229 546 4278 edin
570 4221 617 4276 διά
640 4227 688 4287 τῆς
706 4220 800 4280 αἰτοῦ.
850 4239 875 4281 ει
892 4231 948 4280 edili
966 4223 1169 4296 ὁμολογεόντων.

243 4311 265 4344 ι.
281 4295 382 4358 θεςιιευ.
400 4287 515 4360 έκάστρι.
553 4293 614 4344 Enni
642 4305 665 4344 ει
684 4297 723 4344 alii
740 4289 801 4346 έκά-
885 4313 907 4348 ε.
925 4297 1025 4358 δεςοευ.
1043 4305 1066 4344 ει
1085 4296 1175 4358 λυρίίε.
1194 4286 1309 4355 ἤνοιξεν.

208 4373 283 4412 στου.
311 4363 370 4414 ibid.
389 4364 530 4414 ἙεΙιίιυυ.ῦ.
548 4362 649 4412 τοῦτον
665 4355 799 4420 τὸνθεόν.
884 4364 900 4413 ί.
918 4363 1072 4425 Sicsegurr.
1090 4364 1230 4416 Goblerinn.
1257 4374 1283 4416 εί
1300 4361 1444 4418 salomi.

207 4429 268 4480 ίιεω
285 4430 342 4482 ibid.
354 4433 455 4498 θεςυευ.
465 4423 578 4486 ἕκαστος
590 4422 671 4499 αότηῦ.
699 4435 798 4487 (ίουίεε.
849 4431 908 4482 hem
926 4431 999 4482 Βυυίί.
1018 4431 1074 4496 [τις.
1099 4440 1124 4484 τι
1140 4433 1234 4496 anglic„
1261 4436 1351 4486 Ιιιίιεοι
1367 4445 1445 4501 κεχο·
