3174 5082
668 323 843 372 mutan.
1327 308 1370 373 nt

136 483 204 551 siro
227 482 315 546 decet
335 494 490 548 nouare,
511 493 574 540 nou
595 474 751 554 exegere.
794 473 854 535 Sed
876 472 1018 554 pleraque
1036 471 1112 536 haee
1133 472 1164 536 in
1180 471 1372 538 Athanasium

139 593 263 667 pnooeta
294 599 366 646 esse
398 575 655 658 appareretis,
689 576 740 656 qui
768 593 829 638 non
863 574 1075 654 intelligerent,
1110 574 1140 636 in
1170 576 1374 638 controversie

139 685 251 749 Minna
270 690 368 746 auum
391 695 458 740 esse
478 677 515 738 de
537 695 641 740 errore
668 676 842 756 perusino
866 686 896 740 et
917 675 1192 756 peroieiosiesinno‚
1223 695 1282 756 qino
1310 676 1375 756 ipse

140 784 251 862 religio
273 778 435 846 christiane
462 776 492 838 in
515 777 676 839 diserimen
703 787 873 851 inuretur,
901 795 997 857 neque
1024 777 1102 840 illam
1131 786 1263 840 veterum
1285 777 1374 840 Chri-

142 884 311 950 stienorum
336 881 454 944 πίστιν
484 887 514 940 et
534 869 705 958 ὑπομονὴν
723 867 824 959 Ἰησοῦ
855 877 1002 958 Χριστοῦ
1030 877 1179 958 martyriis
1212 885 1374 958 specialem

142 984 249 1048 animo
278 979 433 1062 eompleoti
462 986 599 1058 possent.
656 975 774 1052 Etenim
803 977 848 1038 sie
875 979 1036 1040 sentientes
1063 987 1093 1040 et
1119 979 1218 1042 omnia
1247 999 1285 1042 ex
1311 981 1375 1044 suis

142 1082 341 1165 opinionibus
363 1079 559 1158 moribusque
573 1077 731 1140 metientes
754 1076 841 1140 dietis
865 1087 896 1140 et
916 1077 1000 1138 laetis
1021 1080 1116 1156 anagni
1136 1082 1191 1142 riri
1212 1089 1376 1162 pometum

142 1183 259 1258 indnei,
282 1191 426 1262 atquem
448 1180 496 1242 alii
519 1178 657 1244 erinium
680 1177 750 1240 fidei
780 1187 810 1240 et
831 1177 1017 1240 eonstontiee
1037 1181 1201 1258 exemplum
1220 1184 1375 1262 praediea·

145 1291 261 1358 nerent,
284 1283 343 1363 ipsi
363 1281 547 1360 arrogantiae
570 1285 599 1340 et
621 1278 804 1358 perrioeeiae
833 1279 1055 1353 insimularent,
1086 1279 1189 1360 etqui
1210 1281 1378 1363 olimpro

144 1383 354 1468 proruentium
375 1385 514 1446 oerimtit
538 1389 569 1442 et
591 1380 732 1444 antenna
755 1380 896 1446 eadam
918 1387 1040 1442 vontus
1056 1389 1129 1454 erat,
1152 1398 1220 1442 enm
1243 1399 1377 1444 mumu-

150 1504 221 1560 nem
250 1483 481 1547 Clrristianorunr
510 1482 558 1544 sui
593 1479 738 1561 temporis
767 1489 976 1561 tempestatem
1004 1480 1259 1562 calamitatemque
1288 1483 1381 1548 luisse

153 1587 292 1651 dieerent.
308 1583 336 1660 ⁴¹)
379 1582 534 1646 Eiusmodi
557 1581 779 1646 criminationes
802 1582 846 1644 rel
863 1582 964 1662 potius
986 1582 1087 1662 iniqua
1102 1581 1150 1646 ille
1166 1583 1208 1646 de
1218 1583 1381 1647 Athanasio

148 1686 287 1767 theologo
310 1683 580 1764 eiusquesoriptie
602 1683 709 1746 iudioia
730 1683 859 1748 vicissim
888 1683 965 1746 hano
992 1683 1160 1746 hahuerunt
1187 1684 1262 1759 rior,
1293 1693 1327 1746 nt
1348 1685 1379 1748 in

144 1789 275 1854 historia
296 1787 467 1865 dogmatum
490 1784 639 1864 theologie
661 1784 755 1864 patris
770 1785 965 1848 orthodoxiae
980 1785 1032 1848 diu
1045 1785 1244 1865 negligentius
1267 1793 1379 1869 paeta-

145 1897 230 1954 retur
252 1906 309 1950 nee
329 1893 443 1950 tanturn
475 1893 618 1966 quantum
639 1904 694 1966 par
715 1893 797 1960 eret,
831 1905 919 1950 turae
940 1895 971 1950 et
992 1885 1158 1965 diligentiae
1179 1887 1301 1967 seriptis
1324 1906 1378 1948 en-

147 1989 298 2056 eutiondis
319 1997 350 2050 et
370 1986 527 2050 sententiis
548 1985 800 2050 reeenditiorihus
821 1987 963 2050 eruendis
984 1987 1217 2068 impenderetur.
1260 1987 1379 2050 Nostris

145 2109 219 2154 vero
245 2087 429 2172 temporibus
457 2087 564 2150 studiis
587 2087 730 2150 lloehleri
751 2088 881 2168 primunr
908 2107 943 2150 ee
963 2087 1110 2159 Mandri,
1137 2087 1206 2175 dein
1226 2087 1381 2152 Bourii‘et

145 2191 276 2258 iiorneri
299 2189 465 2269 theologice
486 2188 640 2252 Athanasii
661 2188 798 2268 dogmata
820 2187 945 2252 clariora
967 2188 998 2250 in
1018 2186 1084 2250 tuee
1105 2189 1202 2269 posita
1224 2197 1304 2264 eunt
1326 2207 1379 2252 ee·

146 2313 206 2377 ipre
228 2291 346 2354 ratione
358 2290 463 2357 laudes
484 2289 583 2370 magni
599 2289 654 2352 riri
669 2307 730 2366 non
752 2289 850 2354 solum
872 2289 908 2352 nh
931 2289 1195 2352 ohtreetationihus
1216 2297 1248 2352 et
1268 2289 1379 2369 iniqiu-

146 2377 261 2458 tatihns
283 2391 455 2464 vindicatae,
479 2392 533 2454 sed
557 2390 645 2453 etiam
668 2409 704 2452 ex
733 2389 889 2452 subtiliore
916 2409 1018 2450 rernm
1040 2390 1209 2466 cognitione
1229 2397 1332 2452 anone
1353 2399 1383 2452 et

148 2495 324 2560 illustratae.
368 2474 510 2556 Fateatur
530 2491 620 2554 hodie
643 2507 749 2552 omnes
771 2490 822 2570 qui
843 2489 972 2570 sapiunt,
992 2487 1156 2552 Athanasio
1177 2507 1245 2552 mm
1264 2489 1382 2554 Ananis

150 2613 214 2658 non
236 2594 275 2656 de
296 2591 471 2672 pandone
492 2591 669 2672 philosopha
691 2590 736 2654 rel
758 2591 944 2672 problemate
965 2589 1166 2671 metaphyeioo
1189 2589 1284 2654 luisse
1306 2607 1380 2652 eon-
1451 2609 1455 2618 ·

152 2693 338 2768 tranensium,
354 2693 407 2758 sed
423 2693 461 2756 de
475 2693 667 2758 fundamento
685 2693 775 2758 tetius
790 2692 945 2773 religionis
960 2692 1139 2756 ohristionee
1153 2703 1242 2773 etque
1254 2691 1329 2754 adeo
1345 2691 1382 2753 de

150 2794 307 2876 prindpsli
330 2793 434 2858 salutis
456 2802 576 2858 nostrae
598 2811 706 2868 musa,
734 2793 972 2875 quandoquidem
996 2793 1054 2874 ipsi
1076 2793 1106 2856 id
1121 2793 1300 2866 mastiterit,
1322 2791 1380 2855 nisi

111 2951 116 2959 .
153 2897 233 2958 lilius
256 2896 298 2956 sit
317 2895 407 2956 unius
431 2893 623 2972 eiusdemque
646 2894 829 2958 substantiae
852 2891 918 2956 euni
940 2902 1035 2974 patre,
1057 2911 1112 2974 per
1133 2912 1200 2956 eunt
1215 2911 1273 2960 neo
1292 2893 1381 2959 detto

155 2991 329 3056 hominihus
351 2992 483 3072 perioete
505 2991 685 3063 innotuisse,
707 3011 763 3052 neo
776 2994 916 3056 homines
939 3011 1005 3054 oum
1027 2993 1084 3054 deo
1099 3011 1169 3054 rere
1184 3011 1251 3056 ease
1273 3009 1382 3054 reeen-

160 3089 276 3152 eilietos
298 3097 329 3148 et
354 3089 390 3148 eh
424 3087 593 3150 edversario
626 3097 773 3166 potestate
804 3091 994 3167 redemptos:
1028 3090 1086 3150 nisi
1117 3090 1206 3168 igitur
1238 3091 1385 3161 enodetur,

157 3188 240 3270 quod
262 3185 390 3250 lormule
404 3185 532 3248 Nioeena
548 3185 669 3250 neuere
691 3187 800 3262 iubeat,
824 3196 936 3250 tamem
958 3187 1095 3250 fiduciam
1111 3205 1229 3250 omnent
1252 3196 1283 3248 et
1302 3206 1386 3268 meto

156 3288 298 3354 eelloeari
318 3288 351 3350 in
374 3285 504 3354 Christo.
555 3285 589 3350 ld
611 3295 710 3353 autem
734 3289 783 3369 qui
809 3297 928 3362 tenent,
961 3285 1100 3354 iudieiurn
1133 3303 1220 3350 suunt
1242 3288 1279 3352 ed
1301 3287 1387 3354 etho

156 3391 288 3471 dirigunt
308 3406 456 3462 normann,
479 3395 567 3468 etque
582 3406 623 3461 ¹ee
646 3389 710 3463 suit,
734 3407 790 3470 qua
813 3388 1029 3474 ehueuatgges
1051 3389 1150 3470 magni
1165 3388 1307 3455 eoelssine
1329 3389 1385 3454 do-

157 3492 249 3556 otoris
281 3509 355 3554 usos
389 3488 630 3564 assentiemus,
664 3507 721 3552 neo
747 3498 891 3570 pessunt,
911 3489 953 3566 lsi
980 3489 1099 3570 quidem
1121 3489 1281 3554 Christiani
1302 3499 1385 3565 eunt,

157 3593 287 3656 minum
318 3589 475 3663 inducere,
495 3597 542 3652 ¹ut
573 3593 699 3670 quaein
721 3589 780 3656 elio
811 3590 916 3670 quovis
949 3591 1066 3657 ruwds
1089 3601 1120 3656 et
1150 3593 1385 3672 magnifieentiee

156 3695 243 3774 signa
257 3691 433 3774 probantur,
448 3689 551 3752 eedem
562 3689 592 3752 in
608 3691 668 3752 hoo
681 3693 892 3771 vituperentur.
938 3691 1038 3756 Virum
1055 3693 1179 3759 enimin
1194 3695 1386 3775 episcopatos

127 3793 276 3874 „lastigie
308 3791 439 3873 positum
462 3790 493 3852 in
524 3789 708 3854 defendenda
736 3809 775 3870 aq
799 3791 975 3856 stabilienda
1007 3793 1066 3856 fide
1086 3794 1228 3870 Nicaeae,
1262 3814 1298 3858 ex
1327 3811 1384 3876 qua

226 4025 252 4088 *i
269 4026 344 4089 tetigi
362 4025 401 4075 hie
417 4024 495 4076 nerhle
512 4025 692 4090 iniquissimam
710 4033 735 4076 et
752 4027 905 4079 lunationum
923 4029 1048 4094 iudicium,
1066 4029 1132 4093 prod
1149 4029 1255 4082 lleohlot
1274 4029 1304 4080 de
1311 4029 1384 4080 Atha·
1420 4053 1424 4062 -

156 4111 228 4165 nasio
254 4109 415 4176 pronuntiarit
442 4111 466 4160 ln
484 4110 675 4162 liut'nnirera.
703 4110 819 4162 missiae
845 4111 989 4166 christianae
1007 4113 1045 4164 ed
1064 4113 1101 4164 li.
1121 4113 1170 4164 llol.
1187 4113 1204 4164 l.
1228 4128 1251 4177 p.
1271 4111 1329 4164 tet.
1348 4125 1386 4175 sq.

156 4195 253 4262 „liena
270 4196 409 4248 Athanasius
436 4195 516 4258 sethe
534 4197 655 4258 pistorien
672 4201 747 4260 utre,
775 4212 801 4246 ro
818 4197 896 4250 ente
919 4199 980 4248 uoitl
1003 4199 1083 4262 {ether
1099 4199 1162 4250 dede
1183 4199 1304 4261 generden
1322 4197 1387 4256 sein

158 4281 220 4332 deno
239 4281 315 4330 dieser
333 4280 492 4342 hoclmttltige
513 4279 641 4344 Staniops,
663 4281 706 4329 den
723 4282 785 4330 Alter
801 4281 849 4330 end
867 4281 951 4332 leidm
964 4296 1009 4332 nur
1025 4284 1104 4334 innuen
1115 4284 1275 4345 undirpaonrer
1286 4279 1389 4343 gemacht

159 4365 253 4428 italien,
278 4379 326 4414 eor
344 4364 417 4414 darei
440 4363 490 4413 rein
514 4363 691 4426 oetgeireiteten
714 4365 858 4429 gedictendee
880 4365 971 4416 larcin
996 4367 1037 4415 der
1053 4365 1227 4430 lioupterinder
1248 4377 1291 4412 oon
1315 4359 1389 4409 alelen

157 4449 334 4513 immanere
350 4447 400 4499 und
416 4461 461 4498 eon
479 4447 529 4497 den
541 4445 644 4511 ilngitele
658 4447 729 4498 nieler
739 4449 836 4499 teueend
849 4447 970 4499 limtelen
988 4447 1118 4512 genesen.“
1153 4445 1302 4498 Sententiam
1320 4432 1388 4488 totth

158 4532 191 4584 de
207 4533 370 4586 controversia
386 4532 473 4582 nnana
488 4527 525 4580 rel
544 4529 574 4580 de
592 4530 701 4595 dogmate
718 4533 824 4585 Nieaeno
842 4537 912 4584 antea
928 4545 953 4597 p.
971 4531 1029 4582 tlt.
1047 4545 1084 4595 aq.
1101 4529 1227 4594 ominans
1245 4529 1290 4573 eet.
