3220 5046
551 293 829 341 omrreuconrm
842 295 978 342 munos.
1319 285 1377 354 101

152 448 249 529 ipsum
270 446 360 510 ειιιιιι
381 445 499 508 Patrem
514 445 628 524 profert
641 443 865 527 blasphemiam,
887 449 989 512 eedem
1012 447 1049 512 de
1070 448 1121 512 illo
1136 451 1283 526 sentiens,
1307 469 1467 532 quaeum.

152 551 189 613 de
209 549 275 614 eiua
297 549 359 612 letu
380 547 455 610 lelsc
476 544 719 610 comminiscitur.
1023 544 1030 557 '

192 787 196 794 -
239 755 290 816 Π.
334 749 367 810 ld
390 765 463 810 sane
477 765 570 810 unum
592 748 664 828 satis
687 749 776 810 luerit
790 749 826 810 ad
840 749 977 812 brionam
991 751 1139 816 mecerin
1153 756 1274 835 penitus
1290 773 1380 818 ever·

152 852 290 926 madente
318 855 519 911 roeumtamen
542 867 629 928 quem
651 867 668 910 a
690 857 770 912 recte
791 849 850 911 lide
870 849 964 912 aliena
985 851 1033 914 illa
1054 854 1111 927 eit,
1142 854 1210 920 licet
1231 857 1319 920 etiam
1343 875 1381 922 ex

151 953 212 1016 boc
232 949 391 1014 ratiocinio
412 949 595 1030 perspicere.
638 949 670 1012 Si
684 937 910 1012 neoe'omuor
931 959 961 1012 ει
982 961 1097 1014 creater
1118 964 1173 1028 est,
1196 959 1223 1019 si
1244 959 1316 1022 item
1329 977 1380 1024 ree

154 1055 247 1142 iactas
269 1052 378 1115 creauit
397 1069 452 1132 per
472 1050 588 1126 Filium,
610 1051 748 1132 nullaque
770 1069 821 1114 rus
843 1053 918 1114 lecla
940 1059 997 1125 est,
1021 1071 1096 1132 quae
1116 1047 1174 1133 per¹
1191 1057 1296 1122 Filium
1317 1077 1380 1124 non

153 1155 195 1217 sit
215 1156 307 1232 lacta3
334 1167 371 1217 an
399 1171 461 1215 non
482 1153 608 1216 maximo
629 1154 753 1233 impium
775 1161 837 1228 est,
868 1171 935 1216 oum
955 1155 1037 1218 Deus
1059 1154 1100 1216 sit
1127 1173 1229 1218 rerum
1249 1160 1380 1236 ellector,

151 1254 345 1330 contendere,
367 1253 463 1335 opilex
485 1253 551 1316 eius
573 1253 702 1317 Verbum
724 1263 755 1316 et
775 1255 957 1340 Sapientiam
984 1255 1144 1336 aliquando
1172 1275 1234 1318 non
1265 1257 1382 1322 luisset

151 1357 234 1420 idem
256 1356 335 1418 em'm
356 1355 513 1436 planeest
533 1375 568 1418 ac
588 1356 613 1418 si
636 1357 803 1430 diceretur,
825 1355 919 1420 Deum
942 1370 1043 1419 rerum
1066 1359 1239 1420 effectorem
1261 1357 1383 1420 omnino

150 1477 213 1520 nen
235 1475 313 1531 eree,
335 1458 444 1538 quippe
465 1476 532 1519 urm
553 1457 704 1538 propriam
727 1477 763 1520 ex
785 1458 888 1538 seipso
910 1458 1047 1538 opificem
1061 1459 1216 1522 Rationem
1238 1477 1293 1522 seu
1309 1458 1383 1530 Ver·

103 1603 106 1608 -
149 1559 221 1623 bern
244 1577 305 1622 con
326 1559 442 1632 habeat,
465 1559 519 1620 sed
541 1559 734 1634 adventitium
755 1565 848 1639 atque‘
865 1559 902 1622 ab
923 1579 959 1624 eo
982 1560 1110 1624 alienum
1128 1569 1292 1646 naturaque
1313 1559 1380 1624 dis·

150 1661 247 1724 simile
269 1662 311 1724 eit
331 1659 460 1723 Verbum
484 1658 572 1733 illud,
604 1661 635 1722 in
663 1677 722 1740 quo
750 1679 801 1722 res
829 1669 918 1724 creet.
962 1661 1075 1724 Deinde
1102 1661 1193 1723 nobis
1223 1660 1382 1742 explicent,
1440 1679 1445 1692 ·

150 1763 211 1825 imo
233 1781 316 1826 uuam
339 1761 408 1824 iude
429 1770 593 1841 mutescant
613 1761 805 1841 impietatem,
827 1781 884 1841 qua
906 1763 1024 1838 dicunt;
1045 1762 1113 1825 Fuit
1133 1761 1290 1842 aliquando
1312 1781 1380 1828 cum

150 1881 212 1928 nen
234 1871 326 1938 aocet,
350 1873 380 1924 et
400 1863 467 1924 Non
489 1863 544 1925 luit
564 1871 721 1942 antequem
745 1871 831 1924 uatus
853 1871 911 1924 est.
954 1863 1100 1928 Nimirum
1123 1863 1149 1925 si
1169 1862 1295 1928 Verbum
1310 1883 1379 1930 cum
1444 1851 1464 1916 '-

148 1965 237 2029 Patre
257 1983 320 2026 non
342 1973 388 2027 eet
408 1964 446 2026 ab
469 1963 549 2026 omni
571 1961 756 2037 eetemitate,
778 1981 839 2044 noq
862 1973 909 2028 eet
929 1966 1063 2044 prolecto
1086 1973 1206 2028 aeterna
1228 1965 1378 2042 Trinitas3

149 2068 204 2130 sed
225 2065 321 2147 primo
342 2065 460 2146 quidem
482 2065 538 2128 luit
559 2065 668 2136 unitae,
689 2073 793 2144 postea
816 2083 887 2126 uero
910 2084 946 2128 ex
967 2066 1140 2128 comesione
1154 2067 1229 2128 lacta
1247 2066 1378 2130 Trinitas

150 2178 207 2244 εει,
229 2187 264 2232 ac
283 2185 448 2248 progressu
465 2167 616 2245 temporis
638 2165 731 2228 creuit
752 2184 789 2227 ex
803 2165 921 2228 illorum
937 2167 1084 2230 sententia
1099 2165 1317 2245 constitutaque
1333 2173 1380 2228 est

147 2271 315 2350 &eulogiae
336 2269 476 2348 cognitio.
521 2269 648 2347 insuper
670 2268 697 2330 si
718 2267 809 2330 Filius
828 2285 892 2330 non
915 2275 961 2330 est
982 2267 1122 2346 proprius
1144 2274 1267 2329 naturae
1281 2263 1379 2328 Patria

149 2373 241 2443 lours,
263 2370 317 2430 sed
340 2387 357 2430 e
378 2367 470 2429 nihilo
493 2375 540 2430 est
561 2369 664 2440 laetus,
688 2387 722 2429 ex
746 2367 838 2428 nihilo
859 2367 951 2446 igitur
972 2365 1122 2428 constabit
1143 2383 1261 2444 quoque
1275 2363 1464 2432 Trici-nur.

150 2479 214 2542 tas,
243 2469 355 2547 fuitque
389 2466 566 2545 aliquando,
588 2485 655 2530 cum
683 2485 744 2530 non
774 2477 858 2530 esset
879 2467 997 2530 trinitas
1019 2466 1073 2530 sed
1095 2458 1207 2539 unitas,
1230 2465 1286 2530 luit
1306 2465 1379 2530 item

152 2569 284 2634 Trinitas
305 2567 461 2647 aliquando
483 2567 651 2648 importem
674 2569 880 2651 utaliquando
901 2570 1043 2650 perlecta,
1065 2569 1236 2650 imperfecta
1258 2567 1379 2648 quidem

149 2679 307 2750 autmuam
327 2667 413 2732 lieret
424 2668 529 2742 Filius,
550 2673 678 2750 perlecta
700 2681 798 2734 autem
820 2679 978 2754 postquam
999 2671 1078 2734 idem
1100 2673 1193 2734 lactus
1210 2678 1266 2743 est,
1289 2676 1377 2750 alque

149 2771 257 2836 exinde
279 2789 328 2833 res
351 2771 426 2833 lacta
448 2771 546 2849 coepit
566 2771 693 2834 creatori
714 2773 916 2847 annumerari,
939 2781 970 2834 ει
989 2773 1034 2846 is,
1064 2772 1115 2851 qul
1136 2769 1292 2851 aliquando
1315 2785 1378 2832 non

150 2874 216 2948 luit,
238 2891 305 2934 cum
328 2890 375 2948 eo,
398 2871 448 2951 qui
470 2889 588 2950 semper
609 2874 674 2946 licit,
696 2870 775 2932 Deus
790 2873 910 2952 agnosci
927 2880 957 2934 et
977 2872 1061 2935 coli·
1081 2871 1161 2944 Qun
1176 2871 1274 2946 etiam,
1296 2869 1379 2950 quod

149 2973 277 3054 gratim.
291 2981 348 3046 est,
370 2973 434 3053 ipsa
456 2970 587 3034 Trinitas
608 2972 656 3034 sui
677 2970 771 3050 ipsius
794 2973 851 3034 erit
865 2971 1029 3044 dissimilis,
1052 2971 1162 3050 quippe
1183 2988 1257 3049 quae
1272 2988 1309 3030 er
1324 2985 1378 3030 ex·

149 3073 245 3136 ternis
263 3072 430 3152 'alienisque
451 3072 565 3136 naturis
588 3079 618 3134 et
638 3070 813 3132 substantiis
836 3071 877 3132 sit
898 3071 1077 3144 consutum
1105 3068 1185 3147 quod
1214 3085 1286 3128 sene
1306 3065 1380 3128 nibil
1472 3126 1476 3132 .

150 3175 229 3239 aliud
251 3181 296 3237 est
323 3191 412 3254 quam
433 3174 540 3236 tactam
568 3171 631 3234 siue
659 3177 786 3242 creatam
815 3170 969 3232 Trinitatis
998 3167 1241 3232 constitutionem
1269 3165 1378 3232 dicere.

151 3275 326 3340 Cuiusmodi
350 3274 439 3354 igitur
459 3273 508 3368 illa
531 3273 681 3336 censenda
703 3279 750 3334 est
771 3271 892 3352 religio,
925 3289 1001 3351 quae
1026 3288 1084 3332 nee
1110 3267 1158 3332 sui
1187 3267 1292 3332 similis
1321 3274 1378 3341 est,
1468 3313 1471 3322 .

151 3377 204 3440 sed
224 3361 392 3458 temporum
412 3393 575 3456 progressu
597 3373 768 3454 perlinitur,
795 3391 929 3453 quaeque
956 3373 1046 3436 modo
1075 3389 1137 3434 non
1163 3367 1204 3434 ita
1224 3367 1314 3432 modu
1337 3367 1377 3430 ita

150 3473 212 3540 siti
255 3477 407 3558 Siquidem
428 3476 587 3538 consimile
608 3485 670 3550 mt,
698 3475 776 3538 illam
805 3475 914 3538 iterum
935 3473 1151 3537 incrementum
1179 3477 1375 3550 accepturam,

150 3577 238 3659 idque
259 3579 388 3653 infinite,
418 3571 666 3659 quemadmodum
694 3577 823 3657 primurn
852 3595 888 3640 ex
914 3576 1113 3640 additamento
1136 3574 1296 3636 constitute
1317 3577 1375 3638 est.
1461 3620 1467 3633 .

149 3679 211 3743 Nee
230 3699 301 3770 yero
323 3679 446 3742 dubium
467 3689 522 3754 est,
544 3677 739 3760 qutn'oadom
760 3679 858 3760 possit
878 3679 1067 3752 decrescer03
1089 3677 1207 3738 masur
1228 3673 1306 3737 enim
1329 3691 1374 3748 ea,

150 3799 225 3861 quae
246 3781 403 3854 adduntur,
426 3781 490 3843 tolli
513 3779 651 3842 similiter
670 3799 771 3860 posse.

238 3883 287 3946 18.
330 3880 441 3944 Verum
462 3882 502 3944 ita
523 3899 584 3943 non
607 3889 670 3956 est3
702 3881 789 3944 obsit.
833 3879 901 3942 Non
926 3888 974 3943 est
994 3877 1115 3959 inquam
1135 3877 1211 3938 laeta
1232 3871 1393 3948 Trinitas..

150 4032 256 4084 Telcbm.
272 4034 295 4082 i.
309 4041 332 4083 et
343 4033 368 4084 5.
385 4027 419 4082 τὸ
436 4026 569 4099 γεννητὸν
585 4030 625 4097 uqi
642 4025 737 4100 nlorp
787 4025 871 4098 lausqi
889 4022 981 4097 ipen.
1016 4029 1089 4080 iterii.
1107 4029 1165 4090 lien.
1184 4033 1208 4078 et
1224 4025 1331 4078 Telolm.
1348 4023 1376 4076 d·
1508 4082 1512 4092 Ι

148 4109 174 4152 et
191 4101 254 4152 lnlra
272 4091 288 4160 ἢ
306 4096 443 4165 γεννητὴν
457 4095 510 4161 τὴν
526 4097 575 4160 τῆς
591 4092 711 4166 τριάδος.
788 4100 879 4149 babent
896 4099 952 4148 item
969 4092 1113 4162 &iunipero
1130 4089 1146 4155 ἦ
1163 4087 1242 4160 μηδὲ.
1274 4092 1338 4144 Editl
1351 4099 1376 4142 et

182 4181 205 4230 q.
223 4166 364 4230 Sequerian.
379 4162 431 4218 σὺν
447 4167 487 4236 τῷ
504 4159 548 4218 o'rel
564 4158 625 4216 dm
641 4161 736 4218 θεολο-
786 4167 830 4218 elii
847 4161 990 4228 θεοσιρεια
1006 4157 1077 4230 μηδὲ
1094 4153 1178 4222 αὐτῆς
1194 4153 1210 4210 d

147 4233 241 4299 reisue
821 4235 837 4283 i.
861 4233 961 4294 Sequar.
976 4232 1115 4283 (tellesino.
1133 4239 1158 4281 et
1172 4173 1318 4282 Teldlblll.
1333 4216 1373 4288 til

182 4302 207 4353 b.
224 4303 366 4365 Sequeriau.
385 4295 437 4363 triv
453 4303 561 4368 omittit..
586 4301 639 4353 lior
662 4301 736 4362 idem,
787 4285 867 4356 ndum
886 4293 953 4349 morl
970 4293 1001 4350 di
1018 4308 1065 4351 ete.
1296 4327 1302 4342 ·

149 4369 247 4420 cocto.
267 4377 290 4420 a
309 4370 414 4422 neroum.
429 4371 451 4420 1.
469 4355 647 4431 nonnata
671 4369 736 4420 satu
821 4369 844 4418 r.
862 4367 963 4429 squar.
981 4365 1072 4428 segur..
1084 4363 1182 4416 conto
1196 4359 1336 4440 egrotum.
1351 4354 1374 4406 t.

146 4436 237 4489 etalii
259 4431 369 4498 mermi
394 4431 432 4490 dd.
473 4439 565 4490 ibidem
594 4436 735 4499 Sequerian.
786 4427 824 4490 alc
841 4425 921 4490 ἅπαξ.
956 4433 1020 4484 Ειιιι
1038 4439 1063 4482 ει
1079 4431 1121 4482 alii
1137 4421 1190 4480 itur
1206 4421 1287 4481 nuel.

146 4503 286 4558 conteneo.
305 4505 448 4558 Toletani.
472 4500 616 4570 θεοσέβεια
631 4496 648 4564 d
665 4496 735 4570 prot
820 4501 837 4552 l.
855 4497 995 4552 iolcumlc
1012 4506 1036 4550 et
1054 4496 1127 4548 editio
1142 4491 1261 4548 Commel·
1276 4477 1373 4554 witi
