<?xml version="1.0" encoding="UTF-8"?>
<!DOCTYPE html PUBLIC "-//W3C//DTD XHTML 1.0 Transitional//EN"
    "http://www.w3.org/TR/xhtml1/DTD/xhtml1-transitional.dtd">
<html xmlns="http://www.w3.org/1999/xhtml" xml:lang="en" lang="en">
 <head>
  <title>
</title>
<meta http-equiv="Content-Type" content="text/html;charset=utf-8" />
  <meta name='ocr-system' content='tesseract 3.04.00' />
  <meta name='ocr-capabilities' content='ocr_page ocr_carea ocr_par ocr_line ocrx_word'/>
</head>
<body>
  <div class='ocr_page' id='page_1' title='image "./sanctiathanasii03athagoog_0101.png"; bbox 0 0 3176 5058; ppageno 0'>
   <div class='ocr_carea' id='block_1_1' title="bbox 407 343 1342 406">
    <p class='ocr_par' dir='ltr' id='par_1_1' title="bbox 407 343 1342 406">
     <span class='ocr_line' id='line_1_1' title="bbox 407 343 1342 406; baseline 0.017 -16"><span class='ocrx_word' id='word_1_1' title='bbox 407 347 550 392; x_wconf 66' lang='lat' dir='ltr'>unierunt</span> <span class='ocrx_word' id='word_1_2' title='bbox 567 349 604 392; x_wconf 80' lang='lat' dir='ltr'>nu</span> <span class='ocrx_word' id='word_1_3' title='bbox 619 349 762 396; x_wconf 73' lang='lat' dir='ltr'>secueris</span> <span class='ocrx_word' id='word_1_4' title='bbox 777 353 921 396; x_wconf 69' lang='lat' dir='ltr'>metentis</span> <span class='ocrx_word' id='word_1_5' title='bbox 938 353 1054 399; x_wconf 73' lang='lat' dir='ltr'>studui.</span> <span class='ocrx_word' id='word_1_6' title='bbox 1302 343 1342 406; x_wconf 76' lang='grc'>53</span> 
     </span>
    </p>
   </div>
   <div class='ocr_carea' id='block_1_2' title="bbox 111 498 1427 1084">
    <p class='ocr_par' dir='ltr' id='par_1_2' title="bbox 111 498 1427 1084">
     <span class='ocr_line' id='line_1_2' title="bbox 115 498 1427 588; baseline 0.007 -29"><span class='ocrx_word' id='word_1_7' title='bbox 115 517 209 579; x_wconf 88' lang='lat' dir='ltr'>supra</span> <span class='ocrx_word' id='word_1_8' title='bbox 230 498 397 572; x_wconf 82' lang='lat' dir='ltr'>retulimus,</span> <span class='ocrx_word' id='word_1_9' title='bbox 420 498 519 560; x_wconf 90' lang='grc'>1311133</span> <span class='ocrx_word' id='word_1_10' title='bbox 544 509 573 560; x_wconf 83' lang='grc'>31</span> <span class='ocrx_word' id='word_1_11' title='bbox 594 519 683 562; x_wconf 87' lang='grc'>33333</span> <span class='ocrx_word' id='word_1_12' title='bbox 704 503 824 564; x_wconf 82' lang='grc'>3333133</span> <span class='ocrx_word' id='word_1_13' title='bbox 847 505 928 566; x_wconf 91' lang='grc'>31331</span> <span class='ocrx_word' id='word_1_14' title='bbox 950 523 1076 583; x_wconf 90' lang='lat' dir='ltr'>prorsus</span> <span class='ocrx_word' id='word_1_15' title='bbox 1099 515 1169 568; x_wconf 87' lang='lat' dir='ltr'>eunt</span> <span class='ocrx_word' id='word_1_16' title='bbox 1190 507 1342 588; x_wconf 89' lang='lat' dir='ltr'>impietate</span> <span class='ocrx_word' id='word_1_17' title='bbox 1353 521 1427 568; x_wconf 81' lang='grc'>3331.</span> 
     </span>
     <span class='ocr_line' id='line_1_3' title="bbox 112 601 1341 688; baseline 0.007 -26"><span class='ocrx_word' id='word_1_18' title='bbox 112 601 236 681; x_wconf 81' lang='lat' dir='ltr'><strong>plenae,</strong></span> <span class='ocrx_word' id='word_1_19' title='bbox 265 601 308 661; x_wconf 89' lang='lat' dir='ltr'>uti</span> <span class='ocrx_word' id='word_1_20' title='bbox 338 609 424 660; x_wconf 88' lang='grc'>33133</span> <span class='ocrx_word' id='word_1_21' title='bbox 453 609 483 660; x_wconf 86' lang='grc'>31</span> <span class='ocrx_word' id='word_1_22' title='bbox 506 601 594 662; x_wconf 86' lang='lat' dir='ltr'>modo</span> <span class='ocrx_word' id='word_1_23' title='bbox 617 613 717 664; x_wconf 86' lang='lat' dir='ltr'>nostra</span> <span class='ocrx_word' id='word_1_24' title='bbox 742 605 875 667; x_wconf 89' lang='grc'>33311333</span> <span class='ocrx_word' id='word_1_25' title='bbox 899 607 1094 668; x_wconf 80' lang='lat' dir='ltr'><strong>ostendimus.</strong></span> <span class='ocrx_word' id='word_1_26' title='bbox 1140 609 1341 688; x_wconf 78' lang='grc'>81331333-</span> 
     </span>
     <span class='ocr_line' id='line_1_4' title="bbox 112 701 1344 788; baseline 0.008 -26"><span class='ocrx_word' id='word_1_27' title='bbox 112 711 175 762; x_wconf 89' lang='grc'>1331</span> <span class='ocrx_word' id='word_1_28' title='bbox 198 721 242 774; x_wconf 91' lang='grc'>33,</span> <span class='ocrx_word' id='word_1_29' title='bbox 266 719 342 780; x_wconf 87' lang='lat' dir='ltr'>quae</span> <span class='ocrx_word' id='word_1_30' title='bbox 365 708 467 762; x_wconf 89' lang='lat' dir='ltr'>contra</span> <span class='ocrx_word' id='word_1_31' title='bbox 488 701 555 764; x_wconf 91' lang='grc'>11133</span> <span class='ocrx_word' id='word_1_32' title='bbox 577 721 592 763; x_wconf 91' lang='grc'>3</span> <span class='ocrx_word' id='word_1_33' title='bbox 615 705 742 783; x_wconf 80' lang='lat' dir='ltr'>Synodo‘</span> <span class='ocrx_word' id='word_1_34' title='bbox 757 707 864 785; x_wconf 86' lang='lat' dir='ltr'>scripta</span> <span class='ocrx_word' id='word_1_35' title='bbox 888 716 918 766; x_wconf 88' lang='lat' dir='ltr'>et</span> <span class='ocrx_word' id='word_1_36' title='bbox 939 707 1055 768; x_wconf 89' lang='lat' dir='ltr'>decreta</span> <span class='ocrx_word' id='word_1_37' title='bbox 1078 719 1161 781; x_wconf 91' lang='lat' dir='ltr'>sunt,</span> <span class='ocrx_word' id='word_1_38' title='bbox 1184 709 1344 788; x_wconf 76' lang='lat' dir='ltr'><strong>diligenter</strong></span> 
     </span>
     <span class='ocr_line' id='line_1_5' title="bbox 111 799 1339 882; baseline 0.009 -20"><span class='ocrx_word' id='word_1_39' title='bbox 111 801 326 882; x_wconf 89' lang='lat' dir='ltr'>perpenderit,</span> <span class='ocrx_word' id='word_1_40' title='bbox 361 799 433 860; x_wconf 83' lang='lat' dir='ltr'>nihil</span> <span class='ocrx_word' id='word_1_41' title='bbox 456 801 515 861; x_wconf 87' lang='lat' dir='ltr'>nisi</span> <span class='ocrx_word' id='word_1_42' title='bbox 539 805 824 866; x_wconf 79' lang='grc'>31333313331131313</span> <span class='ocrx_word' id='word_1_43' title='bbox 847 806 876 866; x_wconf 92' lang='lat' dir='ltr'>iu</span> <span class='ocrx_word' id='word_1_44' title='bbox 900 807 958 867; x_wconf 87' lang='lat' dir='ltr'>illis</span> <span class='ocrx_word' id='word_1_45' title='bbox 981 809 1125 870; x_wconf 78' lang='lat' dir='ltr'>contineri</span> <span class='ocrx_word' id='word_1_46' title='bbox 1148 811 1339 872; x_wconf 89' lang='lat' dir='ltr'>hauddubie</span> 
     </span>
     <span class='ocr_line' id='line_1_6' title="bbox 112 902 1339 984; baseline 0.009 -21"><span class='ocrx_word' id='word_1_47' title='bbox 112 903 262 982; x_wconf 79' lang='lat' dir='ltr'>reperiet,</span> <span class='ocrx_word' id='word_1_48' title='bbox 292 902 418 964; x_wconf 83' lang='lat' dir='ltr'>maxime</span> <span class='ocrx_word' id='word_1_49' title='bbox 447 903 472 962; x_wconf 88' lang='lat' dir='ltr'>si</span> <span class='ocrx_word' id='word_1_50' title='bbox 502 903 638 964; x_wconf 80' lang='lat' dir='ltr'>studiose</span> <span class='ocrx_word' id='word_1_51' title='bbox 661 905 730 964; x_wconf 83' lang='lat' dir='ltr'>velit</span> <span class='ocrx_word' id='word_1_52' title='bbox 751 906 921 984; x_wconf 86' lang='lat' dir='ltr'>inquirere,</span> <span class='ocrx_word' id='word_1_53' title='bbox 954 927 1041 984; x_wconf 88' lang='lat' dir='ltr'>quam</span> <span class='ocrx_word' id='word_1_54' title='bbox 1061 913 1228 974; x_wconf 87' lang='lat' dir='ltr'>necessaria</span> <span class='ocrx_word' id='word_1_55' title='bbox 1249 912 1339 975; x_wconf 89' lang='grc'>133311</span> 
     </span>
     <span class='ocr_line' id='line_1_7' title="bbox 113 1003 1001 1084; baseline 0.002 -20"><span class='ocrx_word' id='word_1_56' title='bbox 113 1021 206 1064; x_wconf 86' lang='grc'>33333</span> <span class='ocrx_word' id='word_1_57' title='bbox 228 1005 282 1064; x_wconf 88' lang='grc'>1133</span> <span class='ocrx_word' id='word_1_58' title='bbox 305 1021 394 1065; x_wconf 83' lang='lat' dir='ltr'>voces</span> <span class='ocrx_word' id='word_1_59' title='bbox 416 1003 584 1076; x_wconf 87' lang='lat' dir='ltr'>adhibendi,</span> <span class='ocrx_word' id='word_1_60' title='bbox 608 1021 683 1083; x_wconf 85' lang='lat' dir='ltr'>quae</span> <span class='ocrx_word' id='word_1_61' title='bbox 705 1005 824 1084; x_wconf 90' lang='lat' dir='ltr'>quidem</span> <span class='ocrx_word' id='word_1_62' title='bbox 845 1005 1001 1068; x_wconf 80' lang='grc'>13331311.</span> 
     </span>
    </p>
   </div>
   <div class='ocr_carea' id='block_1_3' title="bbox 56 1205 1426 4207">
    <p class='ocr_par' dir='ltr' id='par_1_3' title="bbox 56 1205 1426 4207">
     <span class='ocr_line' id='line_1_8' title="bbox 205 1205 1340 1292; baseline 0.011 -27"><span class='ocrx_word' id='word_1_63' title='bbox 205 1209 254 1272; x_wconf 83' lang='lat'>19.</span> <span class='ocrx_word' id='word_1_64' title='bbox 300 1205 372 1266; x_wconf 83' lang='lat' dir='ltr'>Cum</span> <span class='ocrx_word' id='word_1_65' title='bbox 394 1205 481 1268; x_wconf 84' lang='grc'>331131</span> <span class='ocrx_word' id='word_1_66' title='bbox 502 1205 637 1286; x_wconf 83' lang='lat' dir='ltr'>Synodus</span> <span class='ocrx_word' id='word_1_67' title='bbox 660 1207 748 1286; x_wconf 91' lang='lat' dir='ltr'>impia</span> <span class='ocrx_word' id='word_1_68' title='bbox 771 1207 948 1270; x_wconf 83' lang='lat' dir='ltr'>Arienorum</span> <span class='ocrx_word' id='word_1_69' title='bbox 970 1207 1111 1272; x_wconf 78' lang='lat' dir='ltr'>vocabula</span> <span class='ocrx_word' id='word_1_70' title='bbox 1143 1209 1283 1292; x_wconf 76' lang='lat' dir='ltr'>abrogare</span> <span class='ocrx_word' id='word_1_71' title='bbox 1309 1223 1340 1277; x_wconf 86' lang='lat' dir='ltr'>et</span> 
     </span>
     <span class='ocr_line' id='line_1_9' title="bbox 111 1307 1340 1392; baseline 0.006 -24"><span class='ocrx_word' id='word_1_72' title='bbox 111 1317 212 1368; x_wconf 88' lang='lat' dir='ltr'>certas</span> <span class='ocrx_word' id='word_1_73' title='bbox 241 1325 275 1368; x_wconf 89' lang='lat' dir='ltr'>ac</span> <span class='ocrx_word' id='word_1_74' title='bbox 302 1308 455 1369; x_wconf 89' lang='grc'>333133333</span> <span class='ocrx_word' id='word_1_75' title='bbox 478 1307 696 1388; x_wconf 83' lang='lat' dir='ltr'>Scripturaruna</span> <span class='ocrx_word' id='word_1_76' title='bbox 724 1327 813 1370; x_wconf 81' lang='grc'>33333</span> <span class='ocrx_word' id='word_1_77' title='bbox 835 1309 991 1384; x_wconf 86' lang='lat' dir='ltr'>adbibere,</span> <span class='ocrx_word' id='word_1_78' title='bbox 1020 1329 1128 1392; x_wconf 86' lang='lat' dir='ltr'>nempe</span> <span class='ocrx_word' id='word_1_79' title='bbox 1149 1313 1227 1390; x_wconf 87' lang='lat' dir='ltr'>quod</span> <span class='ocrx_word' id='word_1_80' title='bbox 1249 1313 1340 1378; x_wconf 85' lang='lat' dir='ltr'>Filius</span> 
     </span>
     <span class='ocr_line' id='line_1_10' title="bbox 112 1407 1341 1492; baseline 0.006 -24"><span class='ocrx_word' id='word_1_81' title='bbox 112 1407 410 1469; x_wconf 87' lang='grc'>333311333111113</span> <span class='ocrx_word' id='word_1_82' title='bbox 433 1407 496 1469; x_wconf 84' lang='grc'>3133</span> <span class='ocrx_word' id='word_1_83' title='bbox 519 1427 553 1470; x_wconf 87' lang='grc'>33</span> <span class='ocrx_word' id='word_1_84' title='bbox 576 1427 637 1470; x_wconf 90' lang='grc'>333</span> <span class='ocrx_word' id='word_1_85' title='bbox 661 1409 868 1484; x_wconf 82' lang='grc'>331313311133,</span> <span class='ocrx_word' id='word_1_86' title='bbox 891 1412 944 1472; x_wconf 87' lang='lat' dir='ltr'>sed</span> <span class='ocrx_word' id='word_1_87' title='bbox 967 1431 1001 1474; x_wconf 88' lang='grc'>33</span> <span class='ocrx_word' id='word_1_88' title='bbox 1024 1412 1097 1486; x_wconf 88' lang='grc'>1133,</span> <span class='ocrx_word' id='word_1_89' title='bbox 1120 1413 1200 1492; x_wconf 91' lang='lat' dir='ltr'>quod</span> <span class='ocrx_word' id='word_1_90' title='bbox 1211 1413 1341 1475; x_wconf 89' lang='lat' dir='ltr'>Verbum</span> 
     </span>
     <span class='ocr_line' id='line_1_11' title="bbox 112 1495 1340 1594; baseline 0.007 -26"><span class='ocrx_word' id='word_1_91' title='bbox 112 1509 185 1570; x_wconf 90' lang='lat' dir='ltr'>item</span> <span class='ocrx_word' id='word_1_92' title='bbox 208 1509 248 1570; x_wconf 88' lang='grc'>311</span> <span class='ocrx_word' id='word_1_93' title='bbox 271 1495 300 1570; x_wconf 79' lang='lat' dir='ltr'>e&#39;t</span> <span class='ocrx_word' id='word_1_94' title='bbox 322 1509 482 1588; x_wconf 81' lang='lat' dir='ltr'>Sapientia,</span> <span class='ocrx_word' id='word_1_95' title='bbox 506 1528 565 1570; x_wconf 93' lang='lat' dir='ltr'>non</span> <span class='ocrx_word' id='word_1_96' title='bbox 588 1529 659 1571; x_wconf 89' lang='lat' dir='ltr'>vero</span> <span class='ocrx_word' id='word_1_97' title='bbox 682 1529 732 1571; x_wconf 90' lang='lat' dir='ltr'>res</span> <span class='ocrx_word' id='word_1_98' title='bbox 755 1521 851 1573; x_wconf 86' lang='lat' dir='ltr'>creata</span> <span class='ocrx_word' id='word_1_99' title='bbox 875 1520 925 1572; x_wconf 87' lang='lat' dir='ltr'>eut</span> <span class='ocrx_word' id='word_1_100' title='bbox 946 1513 1032 1586; x_wconf 88' lang='grc'>13313,</span> <span class='ocrx_word' id='word_1_101' title='bbox 1057 1514 1108 1575; x_wconf 91' lang='lat' dir='ltr'>sed</span> <span class='ocrx_word' id='word_1_102' title='bbox 1124 1515 1265 1594; x_wconf 83' lang='lat' dir='ltr'>proprius</span> <span class='ocrx_word' id='word_1_103' title='bbox 1280 1497 1340 1576; x_wconf 81' lang='lat' dir='ltr'>Pa-</span> 
     </span>
     <span class='ocr_line' id='line_1_12' title="bbox 110 1610 1341 1693; baseline 0.006 -23"><span class='ocrx_word' id='word_1_104' title='bbox 110 1610 168 1670; x_wconf 88' lang='lat' dir='ltr'>tris</span> <span class='ocrx_word' id='word_1_105' title='bbox 191 1610 286 1684; x_wconf 79' lang='lat' dir='ltr'>setus3</span> <span class='ocrx_word' id='word_1_106' title='bbox 315 1610 475 1672; x_wconf 86' lang='lat' dir='ltr'>Eusebiani</span> <span class='ocrx_word' id='word_1_107' title='bbox 502 1629 591 1690; x_wconf 85' lang='lat' dir='ltr'>prava</span> <span class='ocrx_word' id='word_1_108' title='bbox 620 1629 673 1672; x_wconf 90' lang='lat' dir='ltr'>sue</span> <span class='ocrx_word' id='word_1_109' title='bbox 696 1612 854 1673; x_wconf 86' lang='grc'>1333133313</span> <span class='ocrx_word' id='word_1_110' title='bbox 878 1613 1017 1691; x_wconf 91' lang='lat' dir='ltr'>opinione</span> <span class='ocrx_word' id='word_1_111' title='bbox 1039 1613 1174 1693; x_wconf 87' lang='lat' dir='ltr'>impulsi,</span> <span class='ocrx_word' id='word_1_112' title='bbox 1199 1615 1341 1678; x_wconf 78' lang='grc'>13131133</span> 
     </span>
     <span class='ocr_line' id='line_1_13' title="bbox 109 1711 1338 1792; baseline 0.003 -19"><span class='ocrx_word' id='word_1_113' title='bbox 109 1711 286 1775; x_wconf 85' lang='grc'>1133331113</span> <span class='ocrx_word' id='word_1_114' title='bbox 310 1729 467 1772; x_wconf 90' lang='lat' dir='ltr'>commune</span> <span class='ocrx_word' id='word_1_115' title='bbox 490 1729 568 1786; x_wconf 90' lang='grc'>3333,</span> <span class='ocrx_word' id='word_1_116' title='bbox 591 1712 723 1792; x_wconf 85' lang='lat' dir='ltr'>nihilque</span> <span class='ocrx_word' id='word_1_117' title='bbox 744 1713 799 1774; x_wconf 91' lang='grc'>1133</span> <span class='ocrx_word' id='word_1_118' title='bbox 820 1713 849 1774; x_wconf 93' lang='grc'>13</span> <span class='ocrx_word' id='word_1_119' title='bbox 871 1732 905 1774; x_wconf 88' lang='grc'>33</span> <span class='ocrx_word' id='word_1_120' title='bbox 927 1733 942 1775; x_wconf 92' lang='grc'>3</span> <span class='ocrx_word' id='word_1_121' title='bbox 966 1715 1052 1776; x_wconf 87' lang='lat' dir='ltr'>nobis</span> <span class='ocrx_word' id='word_1_122' title='bbox 1075 1715 1195 1778; x_wconf 79' lang='lat' dir='ltr'>differre</span> <span class='ocrx_word' id='word_1_123' title='bbox 1210 1715 1338 1777; x_wconf 82' lang='lat' dir='ltr'>Verbum</span> 
     </span>
     <span class='ocr_line' id='line_1_14' title="bbox 109 1811 1338 1898; baseline 0.006 -26"><span class='ocrx_word' id='word_1_124' title='bbox 109 1813 164 1873; x_wconf 83' lang='grc'>1131</span> <span class='ocrx_word' id='word_1_125' title='bbox 187 1811 336 1884; x_wconf 83' lang='grc'>33131331,</span> <span class='ocrx_word' id='word_1_126' title='bbox 358 1811 468 1874; x_wconf 88' lang='lat' dir='ltr'>idcirco</span> <span class='ocrx_word' id='word_1_127' title='bbox 492 1813 620 1887; x_wconf 88' lang='lat' dir='ltr'>scilicet,</span> <span class='ocrx_word' id='word_1_128' title='bbox 644 1815 721 1893; x_wconf 87' lang='lat' dir='ltr'>quod</span> <span class='ocrx_word' id='word_1_129' title='bbox 744 1813 886 1894; x_wconf 87' lang='lat' dir='ltr'>scriptum</span> <span class='ocrx_word' id='word_1_130' title='bbox 908 1815 962 1876; x_wconf 90' lang='lat' dir='ltr'>sit:</span> <span class='ocrx_word' id='word_1_131' title='bbox 991 1816 1074 1878; x_wconf 85' lang='grc'>11333</span> <span class='ocrx_word' id='word_1_132' title='bbox 1098 1817 1193 1890; x_wconf 73' lang='lat' dir='ltr'>unes,</span> <span class='ocrx_word' id='word_1_133' title='bbox 1217 1835 1256 1878; x_wconf 82' lang='grc'>33</span> <span class='ocrx_word' id='word_1_134' title='bbox 1278 1835 1338 1898; x_wconf 80' lang='lat' dir='ltr'>quo</span> 
     </span>
     <span class='ocr_line' id='line_1_15' title="bbox 56 1912 1336 1996; baseline 0.005 -22"><span class='ocrx_word' id='word_1_135' title='bbox 56 1933 67 1942; x_wconf 93' lang='lat'><strong>·</strong></span> <span class='ocrx_word' id='word_1_136' title='bbox 110 1917 230 1988; x_wconf 83' lang='grc'>313313,</span> <span class='ocrx_word' id='word_1_137' title='bbox 260 1912 431 1974; x_wconf 86' lang='lat' dir='ltr'>etiterum:</span> <span class='ocrx_word' id='word_1_138' title='bbox 468 1913 571 1976; x_wconf 85' lang='lat' dir='ltr'>Vetera</span> <span class='ocrx_word' id='word_1_139' title='bbox 600 1919 808 1988; x_wconf 61' lang='lat' dir='ltr'>transientem</span> <span class='ocrx_word' id='word_1_140' title='bbox 840 1919 1336 1996; x_wconf 67' lang='grc'>33331331333313333133333.</span> 
     </span>
     <span class='ocr_line' id='line_1_16' title="bbox 114 2013 1336 2100; baseline 0.005 -26"><span class='ocrx_word' id='word_1_141' title='bbox 114 2015 346 2076; x_wconf 79' lang='grc'>0331333133</span> <span class='ocrx_word' id='word_1_142' title='bbox 367 2033 405 2076; x_wconf 76' lang='grc'>333</span> <span class='ocrx_word' id='word_1_143' title='bbox 429 2013 499 2077; x_wconf 87' lang='grc'>1133.</span> <span class='ocrx_word' id='word_1_144' title='bbox 545 2016 608 2087; x_wconf 82' lang='lat' dir='ltr'>Qua</span> <span class='ocrx_word' id='word_1_145' title='bbox 631 2015 747 2076; x_wconf 90' lang='lat' dir='ltr'>illorum</span> <span class='ocrx_word' id='word_1_146' title='bbox 769 2017 874 2078; x_wconf 89' lang='lat' dir='ltr'>astutia</span> <span class='ocrx_word' id='word_1_147' title='bbox 888 2026 917 2078; x_wconf 91' lang='grc'>31</span> <span class='ocrx_word' id='word_1_148' title='bbox 926 2019 1015 2096; x_wconf 84' lang='lat' dir='ltr'>impia</span> <span class='ocrx_word' id='word_1_149' title='bbox 1028 2017 1159 2079; x_wconf 88' lang='lat' dir='ltr'>callidate</span> <span class='ocrx_word' id='word_1_150' title='bbox 1171 2027 1336 2100; x_wconf 88' lang='lat' dir='ltr'>perspecte,</span> 
     </span>
     <span class='ocr_line' id='line_1_17' title="bbox 109 2114 1337 2198; baseline 0.004 -23"><span class='ocrx_word' id='word_1_151' title='bbox 109 2115 215 2176; x_wconf 87' lang='lat' dir='ltr'>Patres</span> <span class='ocrx_word' id='word_1_152' title='bbox 231 2114 338 2176; x_wconf 89' lang='lat' dir='ltr'>clarius</span> <span class='ocrx_word' id='word_1_153' title='bbox 361 2115 506 2195; x_wconf 83' lang='lat' dir='ltr'>explicare</span> <span class='ocrx_word' id='word_1_154' title='bbox 529 2116 621 2176; x_wconf 90' lang='grc'>333311</span> <span class='ocrx_word' id='word_1_155' title='bbox 645 2124 725 2188; x_wconf 87' lang='grc'>3331,</span> <span class='ocrx_word' id='word_1_156' title='bbox 748 2116 815 2194; x_wconf 90' lang='lat' dir='ltr'>quid</span> <span class='ocrx_word' id='word_1_157' title='bbox 837 2135 891 2196; x_wconf 87' lang='lat' dir='ltr'>per</span> <span class='ocrx_word' id='word_1_158' title='bbox 913 2135 1014 2178; x_wconf 85' lang='grc'>333331</span> <span class='ocrx_word' id='word_1_159' title='bbox 1037 2120 1152 2181; x_wconf 85' lang='grc'>331133</span> <span class='ocrx_word' id='word_1_160' title='bbox 1168 2119 1337 2198; x_wconf 85' lang='lat' dir='ltr'>intelligen-</span> 
     </span>
     <span class='ocr_line' id='line_1_18' title="bbox 107 2215 1338 2296; baseline 0.002 -19"><span class='ocrx_word' id='word_1_161' title='bbox 107 2215 182 2277; x_wconf 89' lang='lat' dir='ltr'>dum</span> <span class='ocrx_word' id='word_1_162' title='bbox 215 2225 306 2278; x_wconf 83' lang='grc'>33331</span> <span class='ocrx_word' id='word_1_163' title='bbox 353 2217 497 2289; x_wconf 83' lang='lat' dir='ltr'>Quocirca</span> <span class='ocrx_word' id='word_1_164' title='bbox 532 2215 696 2296; x_wconf 90' lang='lat' dir='ltr'>scripsere,</span> <span class='ocrx_word' id='word_1_165' title='bbox 725 2216 831 2278; x_wconf 84' lang='lat' dir='ltr'>Filium</span> <span class='ocrx_word' id='word_1_166' title='bbox 860 2237 928 2280; x_wconf 89' lang='lat' dir='ltr'>esse</span> <span class='ocrx_word' id='word_1_167' title='bbox 958 2217 1066 2280; x_wconf 84' lang='grc'>331131</span> <span class='ocrx_word' id='word_1_168' title='bbox 1090 2218 1270 2293; x_wconf 86' lang='lat' dir='ltr'>substantia,</span> <span class='ocrx_word' id='word_1_169' title='bbox 1304 2225 1338 2279; x_wconf 89' lang='lat' dir='ltr'>ut</span> 
     </span>
     <span class='ocr_line' id='line_1_19' title="bbox 107 2317 1337 2397; baseline 0.002 -19"><span class='ocrx_word' id='word_1_170' title='bbox 107 2335 218 2397; x_wconf 86' lang='lat' dir='ltr'>nempe</span> <span class='ocrx_word' id='word_1_171' title='bbox 247 2317 319 2380; x_wconf 90' lang='lat' dir='ltr'>illud</span> <span class='ocrx_word' id='word_1_172' title='bbox 348 2317 470 2380; x_wconf 78' lang='grc'>331113</span> <span class='ocrx_word' id='word_1_173' title='bbox 493 2337 554 2378; x_wconf 92' lang='lat' dir='ltr'>non</span> <span class='ocrx_word' id='word_1_174' title='bbox 576 2337 733 2380; x_wconf 90' lang='lat' dir='ltr'>commune</span> <span class='ocrx_word' id='word_1_175' title='bbox 755 2318 821 2379; x_wconf 81' lang='lat' dir='ltr'>Filii</span> <span class='ocrx_word' id='word_1_176' title='bbox 844 2327 873 2379; x_wconf 92' lang='lat' dir='ltr'>et</span> <span class='ocrx_word' id='word_1_177' title='bbox 894 2318 994 2382; x_wconf 87' lang='lat' dir='ltr'>&#39;rerum</span> <span class='ocrx_word' id='word_1_178' title='bbox 1016 2322 1157 2381; x_wconf 84' lang='grc'>133133313</span> <span class='ocrx_word' id='word_1_179' title='bbox 1180 2337 1250 2380; x_wconf 87' lang='grc'>3333</span> <span class='ocrx_word' id='word_1_180' title='bbox 1272 2319 1337 2380; x_wconf 87' lang='grc'>331-</span> 
     </span>
     <span class='ocr_line' id='line_1_20' title="bbox 109 2417 1339 2498; baseline 0.001 -20"><span class='ocrx_word' id='word_1_181' title='bbox 109 2419 294 2491; x_wconf 84' lang='grc'>31131333133,</span> <span class='ocrx_word' id='word_1_182' title='bbox 318 2418 370 2479; x_wconf 88' lang='lat' dir='ltr'>sed</span> <span class='ocrx_word' id='word_1_183' title='bbox 393 2426 426 2479; x_wconf 92' lang='lat' dir='ltr'>ut</span> <span class='ocrx_word' id='word_1_184' title='bbox 448 2419 627 2491; x_wconf 83' lang='lat' dir='ltr'>crederetur,</span> <span class='ocrx_word' id='word_1_185' title='bbox 651 2425 749 2480; x_wconf 88' lang='grc'>331333</span> <span class='ocrx_word' id='word_1_186' title='bbox 771 2417 890 2498; x_wconf 88' lang='lat' dir='ltr'>quidem</span> <span class='ocrx_word' id='word_1_187' title='bbox 913 2419 1012 2481; x_wconf 90' lang='lat' dir='ltr'>omnia</span> <span class='ocrx_word' id='word_1_188' title='bbox 1031 2427 1216 2490; x_wconf 88' lang='lat' dir='ltr'>creataesee,</span> <span class='ocrx_word' id='word_1_189' title='bbox 1240 2417 1339 2480; x_wconf 88' lang='lat' dir='ltr'>solum</span> 
     </span>
     <span class='ocr_line' id='line_1_21' title="bbox 108 2519 1337 2596; baseline 0.002 -18"><span class='ocrx_word' id='word_1_190' title='bbox 108 2525 211 2578; x_wconf 88' lang='lat' dir='ltr'>autem</span> <span class='ocrx_word' id='word_1_191' title='bbox 223 2519 351 2580; x_wconf 86' lang='lat' dir='ltr'>Verbum</span> <span class='ocrx_word' id='word_1_192' title='bbox 374 2537 440 2580; x_wconf 87' lang='grc'>3333</span> <span class='ocrx_word' id='word_1_193' title='bbox 462 2538 497 2580; x_wconf 90' lang='grc'>33</span> <span class='ocrx_word' id='word_1_194' title='bbox 520 2521 615 2581; x_wconf 86' lang='lat' dir='ltr'>Patre.</span> <span class='ocrx_word' id='word_1_195' title='bbox 659 2521 731 2581; x_wconf 90' lang='lat' dir='ltr'>Nam</span> <span class='ocrx_word' id='word_1_196' title='bbox 753 2519 822 2580; x_wconf 90' lang='lat' dir='ltr'>licet</span> <span class='ocrx_word' id='word_1_197' title='bbox 844 2521 942 2582; x_wconf 90' lang='lat' dir='ltr'>omnia</span> <span class='ocrx_word' id='word_1_198' title='bbox 965 2519 1168 2596; x_wconf 86' lang='grc'>3311333333</span> <span class='ocrx_word' id='word_1_199' title='bbox 1190 2519 1337 2593; x_wconf 87' lang='lat' dir='ltr'>dicentur,</span> 
     </span>
     <span class='ocr_line' id='line_1_22' title="bbox 112 2619 1337 2701; baseline 0.002 -22"><span class='ocrx_word' id='word_1_200' title='bbox 112 2620 295 2680; x_wconf 84' lang='grc'>3313313113</span> <span class='ocrx_word' id='word_1_201' title='bbox 319 2619 439 2681; x_wconf 89' lang='grc'>3133133</span> <span class='ocrx_word' id='word_1_202' title='bbox 462 2621 551 2682; x_wconf 92' lang='lat' dir='ltr'>modo</span> <span class='ocrx_word' id='word_1_203' title='bbox 574 2621 722 2701; x_wconf 85' lang='lat' dir='ltr'>quamsit</span> <span class='ocrx_word' id='word_1_204' title='bbox 744 2619 844 2684; x_wconf 83' lang='lat' dir='ltr'>Filius.</span> <span class='ocrx_word' id='word_1_205' title='bbox 889 2622 965 2695; x_wconf 85' lang='lat' dir='ltr'>Quia</span> <span class='ocrx_word' id='word_1_206' title='bbox 987 2621 1064 2684; x_wconf 90' lang='lat' dir='ltr'>enim</span> <span class='ocrx_word' id='word_1_207' title='bbox 1079 2640 1129 2684; x_wconf 89' lang='lat' dir='ltr'>res</span> <span class='ocrx_word' id='word_1_208' title='bbox 1145 2629 1259 2684; x_wconf 79' lang='lat' dir='ltr'>creatae</span> <span class='ocrx_word' id='word_1_209' title='bbox 1276 2639 1337 2682; x_wconf 90' lang='grc'>333</span> 
     </span>
     <span class='ocr_line' id='line_1_23' title="bbox 110 2723 1335 2801; baseline 0.002 -19"><span class='ocrx_word' id='word_1_210' title='bbox 110 2739 182 2782; x_wconf 87' lang='lat' dir='ltr'>casu</span> <span class='ocrx_word' id='word_1_211' title='bbox 207 2729 236 2782; x_wconf 88' lang='lat' dir='ltr'>et</span> <span class='ocrx_word' id='word_1_212' title='bbox 258 2729 366 2801; x_wconf 90' lang='lat' dir='ltr'>sponte</span> <span class='ocrx_word' id='word_1_213' title='bbox 390 2741 443 2784; x_wconf 90' lang='lat' dir='ltr'>seu</span> <span class='ocrx_word' id='word_1_214' title='bbox 467 2742 502 2783; x_wconf 85' lang='grc'>33</span> <span class='ocrx_word' id='word_1_215' title='bbox 523 2723 631 2801; x_wconf 84' lang='grc'>3313313</span> <span class='ocrx_word' id='word_1_216' title='bbox 654 2723 798 2796; x_wconf 86' lang='lat' dir='ltr'>existunt,</span> <span class='ocrx_word' id='word_1_217' title='bbox 822 2741 876 2784; x_wconf 90' lang='grc'>333</span> <span class='ocrx_word' id='word_1_218' title='bbox 898 2723 1052 2786; x_wconf 88' lang='grc'>1331311331</span> <span class='ocrx_word' id='word_1_219' title='bbox 1076 2733 1171 2786; x_wconf 86' lang='grc'>331331</span> <span class='ocrx_word' id='word_1_220' title='bbox 1194 2723 1335 2796; x_wconf 87' lang='lat' dir='ltr'>habuere,</span> 
     </span>
     <span class='ocr_line' id='line_1_24' title="bbox 110 2821 1389 2900; baseline 0.003 -20"><span class='ocrx_word' id='word_1_221' title='bbox 110 2829 146 2880; x_wconf 92' lang='lat' dir='ltr'>ut</span> <span class='ocrx_word' id='word_1_222' title='bbox 167 2821 286 2899; x_wconf 88' lang='lat' dir='ltr'>quidem</span> <span class='ocrx_word' id='word_1_223' title='bbox 308 2821 458 2899; x_wconf 89' lang='lat' dir='ltr'>putabant,</span> <span class='ocrx_word' id='word_1_224' title='bbox 482 2822 531 2900; x_wconf 90' lang='lat' dir='ltr'>qui</span> <span class='ocrx_word' id='word_1_225' title='bbox 554 2841 586 2882; x_wconf 88' lang='grc'>33</span> <span class='ocrx_word' id='word_1_226' title='bbox 611 2833 777 2884; x_wconf 86' lang='lat' dir='ltr'>atomorum</span> <span class='ocrx_word' id='word_1_227' title='bbox 799 2825 1007 2886; x_wconf 86' lang='lat' dir='ltr'>coniunctione</span> <span class='ocrx_word' id='word_1_228' title='bbox 1029 2835 1060 2886; x_wconf 92' lang='lat' dir='ltr'>et</span> <span class='ocrx_word' id='word_1_229' title='bbox 1079 2843 1113 2886; x_wconf 91' lang='grc'>33</span> <span class='ocrx_word' id='word_1_230' title='bbox 1129 2825 1338 2886; x_wconf 82' lang='lat' dir='ltr'>consimilibus</span> <span class='ocrx_word' id='word_1_231' title='bbox 1377 2883 1389 2900; x_wconf 79' lang='grc'>,</span> 
     </span>
     <span class='ocr_line' id='line_1_25' title="bbox 114 2919 1337 3000; baseline 0.006 -23"><span class='ocrx_word' id='word_1_232' title='bbox 114 2919 215 2978; x_wconf 90' lang='lat' dir='ltr'>omnia</span> <span class='ocrx_word' id='word_1_233' title='bbox 238 2938 305 2978; x_wconf 86' lang='grc'>3333</span> <span class='ocrx_word' id='word_1_234' title='bbox 328 2921 431 2979; x_wconf 90' lang='grc'>3113313</span> <span class='ocrx_word' id='word_1_235' title='bbox 454 2921 613 2993; x_wconf 87' lang='lat' dir='ltr'>docebant,</span> <span class='ocrx_word' id='word_1_236' title='bbox 641 2923 707 3000; x_wconf 87' lang='lat' dir='ltr'>quia</span> <span class='ocrx_word' id='word_1_237' title='bbox 730 2923 815 2982; x_wconf 91' lang='grc'>311313</span> <span class='ocrx_word' id='word_1_238' title='bbox 839 2923 926 2984; x_wconf 89' lang='grc'>311331</span> <span class='ocrx_word' id='word_1_239' title='bbox 948 2943 1009 2984; x_wconf 91' lang='grc'>333</span> <span class='ocrx_word' id='word_1_240' title='bbox 1031 2925 1139 2986; x_wconf 91' lang='lat' dir='ltr'>habent</span> <span class='ocrx_word' id='word_1_241' title='bbox 1161 2934 1337 2996; x_wconf 82' lang='lat' dir='ltr'>creatorem,</span> 
     </span>
     <span class='ocr_line' id='line_1_26' title="bbox 115 3016 1337 3102; baseline 0.004 -25"><span class='ocrx_word' id='word_1_242' title='bbox 115 3027 150 3078; x_wconf 88' lang='grc'>31</span> <span class='ocrx_word' id='word_1_243' title='bbox 174 3016 291 3094; x_wconf 86' lang='lat' dir='ltr'>quidam</span> <span class='ocrx_word' id='word_1_244' title='bbox 315 3035 438 3077; x_wconf 88' lang='grc'>3333333</span> <span class='ocrx_word' id='word_1_245' title='bbox 458 3017 615 3090; x_wconf 87' lang='lat' dir='ltr'>baeretici,</span> <span class='ocrx_word' id='word_1_246' title='bbox 644 3020 769 3097; x_wconf 89' lang='lat' dir='ltr'>denique</span> <span class='ocrx_word' id='word_1_247' title='bbox 797 3021 865 3096; x_wconf 88' lang='lat' dir='ltr'>quia</span> <span class='ocrx_word' id='word_1_248' title='bbox 887 3039 957 3094; x_wconf 91' lang='lat' dir='ltr'>nec,</span> <span class='ocrx_word' id='word_1_249' title='bbox 985 3031 1019 3083; x_wconf 90' lang='lat' dir='ltr'>ut</span> <span class='ocrx_word' id='word_1_250' title='bbox 1039 3023 1103 3084; x_wconf 90' lang='lat' dir='ltr'>aliis</span> <span class='ocrx_word' id='word_1_251' title='bbox 1124 3023 1273 3102; x_wconf 85' lang='lat' dir='ltr'>placebat,</span> <span class='ocrx_word' id='word_1_252' title='bbox 1301 3023 1337 3082; x_wconf 87' lang='grc'>311</span> 
     </span>
     <span class='ocr_line' id='line_1_27' title="bbox 117 3115 1426 3199; baseline 0.007 -23"><span class='ocrx_word' id='word_1_253' title='bbox 117 3115 240 3195; x_wconf 79' lang='lat' dir='ltr'>Angelis</span> <span class='ocrx_word' id='word_1_254' title='bbox 271 3115 446 3195; x_wconf 77' lang='grc'>3311331331</span> <span class='ocrx_word' id='word_1_255' title='bbox 475 3117 572 3176; x_wconf 88' lang='grc'>331313</span> <span class='ocrx_word' id='word_1_256' title='bbox 595 3119 667 3178; x_wconf 85' lang='grc'>13313</span> <span class='ocrx_word' id='word_1_257' title='bbox 690 3127 761 3180; x_wconf 89' lang='grc'>3331</span> <span class='ocrx_word' id='word_1_258' title='bbox 782 3127 812 3178; x_wconf 88' lang='grc'>31</span> <span class='ocrx_word' id='word_1_259' title='bbox 833 3120 1009 3193; x_wconf 81' lang='grc'>3333111313;</span> <span class='ocrx_word' id='word_1_260' title='bbox 1037 3122 1089 3181; x_wconf 90' lang='lat' dir='ltr'>sed</span> <span class='ocrx_word' id='word_1_261' title='bbox 1111 3122 1179 3199; x_wconf 89' lang='lat' dir='ltr'>quia</span> <span class='ocrx_word' id='word_1_262' title='bbox 1202 3122 1299 3182; x_wconf 90' lang='lat' dir='ltr'>omnia</span> <span class='ocrx_word' id='word_1_263' title='bbox 1321 3141 1426 3188; x_wconf 77' lang='grc'>33333.</span> 
     </span>
     <span class='ocr_line' id='line_1_28' title="bbox 113 3216 1340 3298; baseline 0.003 -20"><span class='ocrx_word' id='word_1_264' title='bbox 113 3219 187 3296; x_wconf 87' lang='grc'>1133,</span> <span class='ocrx_word' id='word_1_265' title='bbox 212 3216 262 3298; x_wconf 87' lang='lat' dir='ltr'>qui</span> <span class='ocrx_word' id='word_1_266' title='bbox 286 3237 355 3279; x_wconf 83' lang='lat' dir='ltr'>vere</span> <span class='ocrx_word' id='word_1_267' title='bbox 379 3226 434 3290; x_wconf 89' lang='lat' dir='ltr'>est,</span> <span class='ocrx_word' id='word_1_268' title='bbox 458 3235 524 3278; x_wconf 91' lang='lat' dir='ltr'>cum</span> <span class='ocrx_word' id='word_1_269' title='bbox 547 3227 715 3280; x_wconf 91' lang='grc'>33133333</span> <span class='ocrx_word' id='word_1_270' title='bbox 738 3227 855 3290; x_wconf 87' lang='grc'>333331,</span> <span class='ocrx_word' id='word_1_271' title='bbox 879 3219 1080 3298; x_wconf 82' lang='lat' dir='ltr'>perverbum</span> <span class='ocrx_word' id='word_1_272' title='bbox 1102 3222 1176 3283; x_wconf 90' lang='grc'>13313</span> <span class='ocrx_word' id='word_1_273' title='bbox 1199 3229 1284 3296; x_wconf 88' lang='grc'>3331,</span> <span class='ocrx_word' id='word_1_274' title='bbox 1306 3230 1340 3282; x_wconf 88' lang='grc'>31</span> 
     </span>
     <span class='ocr_line' id='line_1_29' title="bbox 111 3317 1341 3402; baseline 0.002 -20"><span class='ocrx_word' id='word_1_275' title='bbox 111 3328 230 3382; x_wconf 87' lang='lat' dir='ltr'>essent:</span> <span class='ocrx_word' id='word_1_276' title='bbox 252 3320 365 3381; x_wconf 90' lang='lat' dir='ltr'>idcirco</span> <span class='ocrx_word' id='word_1_277' title='bbox 389 3318 501 3379; x_wconf 90' lang='grc'>331133</span> <span class='ocrx_word' id='word_1_278' title='bbox 524 3317 570 3380; x_wconf 90' lang='grc'>1113</span> <span class='ocrx_word' id='word_1_279' title='bbox 593 3337 659 3381; x_wconf 91' lang='grc'>3333</span> <span class='ocrx_word' id='word_1_280' title='bbox 683 3319 792 3381; x_wconf 91' lang='lat' dir='ltr'>dictum</span> <span class='ocrx_word' id='word_1_281' title='bbox 816 3329 871 3382; x_wconf 89' lang='lat' dir='ltr'>eet.</span> <span class='ocrx_word' id='word_1_282' title='bbox 914 3321 951 3382; x_wconf 85' lang='grc'>111</span> <span class='ocrx_word' id='word_1_283' title='bbox 965 3320 1104 3396; x_wconf 89' lang='lat' dir='ltr'>Verbum,</span> <span class='ocrx_word' id='word_1_284' title='bbox 1128 3323 1195 3402; x_wconf 85' lang='lat' dir='ltr'>quie</span> <span class='ocrx_word' id='word_1_285' title='bbox 1216 3331 1341 3384; x_wconf 89' lang='grc'>333331</span> 
     </span>
     <span class='ocr_line' id='line_1_30' title="bbox 111 3419 1337 3502; baseline 0.003 -20"><span class='ocrx_word' id='word_1_286' title='bbox 111 3421 182 3502; x_wconf 85' lang='lat' dir='ltr'>quid</span> <span class='ocrx_word' id='word_1_287' title='bbox 213 3429 359 3494; x_wconf 86' lang='lat' dir='ltr'>creatum,</span> <span class='ocrx_word' id='word_1_288' title='bbox 389 3420 485 3481; x_wconf 89' lang='lat' dir='ltr'>solum</span> <span class='ocrx_word' id='word_1_289' title='bbox 517 3419 616 3499; x_wconf 88' lang='lat' dir='ltr'>utique</span> <span class='ocrx_word' id='word_1_290' title='bbox 645 3429 674 3482; x_wconf 90' lang='lat' dir='ltr'>et</span> <span class='ocrx_word' id='word_1_291' title='bbox 703 3439 770 3484; x_wconf 88' lang='lat' dir='ltr'>esse</span> <span class='ocrx_word' id='word_1_292' title='bbox 797 3421 905 3484; x_wconf 90' lang='lat' dir='ltr'>dicitur</span> <span class='ocrx_word' id='word_1_293' title='bbox 932 3430 1084 3484; x_wconf 83' lang='grc'>31333333</span> <span class='ocrx_word' id='word_1_294' title='bbox 1107 3423 1337 3500; x_wconf 87' lang='grc' dir='ltr'>33133Ρ3133;</span> 
     </span>
     <span class='ocr_line' id='line_1_31' title="bbox 115 3521 1336 3603; baseline 0.003 -19"><span class='ocrx_word' id='word_1_295' title='bbox 115 3531 203 3603; x_wconf 86' lang='lat' dir='ltr'>atque</span> <span class='ocrx_word' id='word_1_296' title='bbox 230 3523 260 3584; x_wconf 90' lang='lat' dir='ltr'>id</span> <span class='ocrx_word' id='word_1_297' title='bbox 288 3521 385 3601; x_wconf 89' lang='lat' dir='ltr'>ipsum</span> <span class='ocrx_word' id='word_1_298' title='bbox 414 3522 608 3600; x_wconf 81' lang='lat' dir='ltr'>significatur,</span> <span class='ocrx_word' id='word_1_299' title='bbox 638 3541 704 3584; x_wconf 88' lang='lat' dir='ltr'>cum</span> <span class='ocrx_word' id='word_1_300' title='bbox 733 3522 856 3597; x_wconf 90' lang='lat' dir='ltr'>dicitur,</span> <span class='ocrx_word' id='word_1_301' title='bbox 886 3523 991 3586; x_wconf 83' lang='lat' dir='ltr'>Filium</span> <span class='ocrx_word' id='word_1_302' title='bbox 1022 3543 1088 3586; x_wconf 88' lang='grc'>3333</span> <span class='ocrx_word' id='word_1_303' title='bbox 1111 3545 1145 3586; x_wconf 87' lang='grc'>33</span> <span class='ocrx_word' id='word_1_304' title='bbox 1170 3526 1336 3590; x_wconf 84' lang='lat' dir='ltr'>substantia</span> 
     </span>
     <span class='ocr_line' id='line_1_32' title="bbox 113 3623 1334 3708; baseline 0.005 -23"><span class='ocrx_word' id='word_1_305' title='bbox 113 3624 224 3698; x_wconf 77' lang='lat' dir='ltr'>Patrie3</span> <span class='ocrx_word' id='word_1_306' title='bbox 258 3623 286 3684; x_wconf 91' lang='lat' dir='ltr'>id</span> <span class='ocrx_word' id='word_1_307' title='bbox 315 3623 393 3684; x_wconf 90' lang='lat' dir='ltr'>euim</span> <span class='ocrx_word' id='word_1_308' title='bbox 415 3623 486 3686; x_wconf 89' lang='lat' dir='ltr'>nulli</span> <span class='ocrx_word' id='word_1_309' title='bbox 507 3624 552 3685; x_wconf 92' lang='lat' dir='ltr'>rei</span> <span class='ocrx_word' id='word_1_310' title='bbox 574 3626 665 3686; x_wconf 87' lang='grc'>133133</span> <span class='ocrx_word' id='word_1_311' title='bbox 687 3632 786 3702; x_wconf 86' lang='lat' dir='ltr'>potest</span> <span class='ocrx_word' id='word_1_312' title='bbox 808 3643 980 3702; x_wconf 84' lang='lat' dir='ltr'>congruere.</span> <span class='ocrx_word' id='word_1_313' title='bbox 1025 3625 1103 3687; x_wconf 88' lang='lat' dir='ltr'>Sane</span> <span class='ocrx_word' id='word_1_314' title='bbox 1124 3627 1249 3702; x_wconf 90' lang='lat' dir='ltr'>Paulus,</span> <span class='ocrx_word' id='word_1_315' title='bbox 1283 3629 1334 3708; x_wconf 86' lang='lat' dir='ltr'>qui</span> 
     </span>
     <span class='ocr_line' id='line_1_33' title="bbox 110 3715 1335 3795; baseline 0.005 -8"><span class='ocrx_word' id='word_1_316' title='bbox 110 3726 212 3787; x_wconf 91' lang='lat' dir='ltr'>omnia</span> <span class='ocrx_word' id='word_1_317' title='bbox 234 3743 270 3786; x_wconf 92' lang='grc'>33</span> <span class='ocrx_word' id='word_1_318' title='bbox 292 3715 354 3785; x_wconf 87' lang='grc'>1133</span> <span class='ocrx_word' id='word_1_319' title='bbox 378 3743 445 3785; x_wconf 88' lang='grc'>3333</span> <span class='ocrx_word' id='word_1_320' title='bbox 467 3724 546 3795; x_wconf 85' lang='lat' dir='ltr'>dicit,</span> <span class='ocrx_word' id='word_1_321' title='bbox 569 3744 639 3786; x_wconf 85' lang='grc'>3333</span> <span class='ocrx_word' id='word_1_322' title='bbox 662 3725 796 3788; x_wconf 89' lang='lat' dir='ltr'>subiicit:</span> <span class='ocrx_word' id='word_1_323' title='bbox 821 3726 859 3790; x_wconf 80' lang='lat' dir='ltr'>dt</span> <span class='ocrx_word' id='word_1_324' title='bbox 880 3745 961 3788; x_wconf 84' lang='grc'>3333</span> <span class='ocrx_word' id='word_1_325' title='bbox 978 3727 1226 3792; x_wconf 80' lang='grc'>1133133313333</span> <span class='ocrx_word' id='word_1_326' title='bbox 1245 3730 1335 3792; x_wconf 76' lang='grc'>01331-</span> 
     </span>
     <span class='ocr_line' id='line_1_34' title="bbox 111 3827 1333 3908; baseline 0.002 -19"><span class='ocrx_word' id='word_1_327' title='bbox 111 3838 194 3898; x_wconf 84' lang='grc'>31133,</span> <span class='ocrx_word' id='word_1_328' title='bbox 215 3845 273 3907; x_wconf 85' lang='lat' dir='ltr'>per</span> <span class='ocrx_word' id='word_1_329' title='bbox 296 3845 381 3908; x_wconf 78' lang='lat' dir='ltr'>quem</span> <span class='ocrx_word' id='word_1_330' title='bbox 404 3829 518 3900; x_wconf 66' lang='lat' dir='ltr'>omnim</span> <span class='ocrx_word' id='word_1_331' title='bbox 541 3845 646 3907; x_wconf 89' lang='lat' dir='ltr'>nempe</span> <span class='ocrx_word' id='word_1_332' title='bbox 667 3835 700 3889; x_wconf 90' lang='lat' dir='ltr'>ut</span> <span class='ocrx_word' id='word_1_333' title='bbox 721 3835 844 3890; x_wconf 87' lang='lat' dir='ltr'>cunctos</span> <span class='ocrx_word' id='word_1_334' title='bbox 867 3827 1002 3901; x_wconf 88' lang='lat' dir='ltr'>doceret,</span> <span class='ocrx_word' id='word_1_335' title='bbox 1026 3829 1132 3890; x_wconf 84' lang='lat' dir='ltr'>Filium</span> <span class='ocrx_word' id='word_1_336' title='bbox 1153 3829 1240 3892; x_wconf 88' lang='lat' dir='ltr'>alium</span> <span class='ocrx_word' id='word_1_337' title='bbox 1265 3849 1333 3893; x_wconf 90' lang='grc'>3333</span> 
     </span>
     <span class='ocr_line' id='line_1_35' title="bbox 98 3905 1334 4008; baseline 0.002 -19"><span class='ocrx_word' id='word_1_338' title='bbox 98 3928 149 3990; x_wconf 77' lang='lat' dir='ltr'>ab</span> <span class='ocrx_word' id='word_1_339' title='bbox 172 3926 328 3999; x_wconf 79' lang='grc'>33131133,</span> <span class='ocrx_word' id='word_1_340' title='bbox 357 3905 497 4006; x_wconf 62' lang='grc'>333333</span> <span class='ocrx_word' id='word_1_341' title='bbox 519 3927 579 3988; x_wconf 91' lang='grc'>1133</span> <span class='ocrx_word' id='word_1_342' title='bbox 602 3929 676 3990; x_wconf 89' lang='grc'>13313</span> <span class='ocrx_word' id='word_1_343' title='bbox 699 3936 778 3989; x_wconf 88' lang='grc'>3331.</span> <span class='ocrx_word' id='word_1_344' title='bbox 823 3927 992 4008; x_wconf 80' lang='lat' dir='ltr'>Numquae</span> <span class='ocrx_word' id='word_1_345' title='bbox 1015 3929 1134 3992; x_wconf 89' lang='grc'>331133</span> <span class='ocrx_word' id='word_1_346' title='bbox 1157 3933 1231 3992; x_wconf 87' lang='grc'>13313</span> <span class='ocrx_word' id='word_1_347' title='bbox 1253 3942 1334 4006; x_wconf 89' lang='grc'>3331,</span> 
     </span>
     <span class='ocr_line' id='line_1_36' title="bbox 112 4027 1334 4109; baseline -0.002 -19"><span class='ocrx_word' id='word_1_348' title='bbox 112 4047 166 4109; x_wconf 86' lang='lat' dir='ltr'>per</span> <span class='ocrx_word' id='word_1_349' title='bbox 188 4027 293 4090; x_wconf 87' lang='lat' dir='ltr'>Filium</span> <span class='ocrx_word' id='word_1_350' title='bbox 318 4029 492 4088; x_wconf 88' lang='grc'>333113313.</span> <span class='ocrx_word' id='word_1_351' title='bbox 538 4027 584 4088; x_wconf 88' lang='lat' dir='ltr'>Ob</span> <span class='ocrx_word' id='word_1_352' title='bbox 612 4027 790 4090; x_wconf 87' lang='lat' dir='ltr'>creationem</span> <span class='ocrx_word' id='word_1_353' title='bbox 813 4028 918 4108; x_wconf 84' lang='lat' dir='ltr'>igitur,</span> <span class='ocrx_word' id='word_1_354' title='bbox 947 4030 1030 4092; x_wconf 84' lang='grc'>311133</span> <span class='ocrx_word' id='word_1_355' title='bbox 1051 4029 1130 4092; x_wconf 89' lang='grc'>11333</span> <span class='ocrx_word' id='word_1_356' title='bbox 1152 4037 1254 4090; x_wconf 90' lang='grc'>333133</span> <span class='ocrx_word' id='word_1_357' title='bbox 1276 4037 1334 4099; x_wconf 86' lang='grc'>331,</span> 
     </span>
     <span class='ocr_line' id='line_1_37' title="bbox 110 4128 1335 4207; baseline -0.003 -15"><span class='ocrx_word' id='word_1_358' title='bbox 110 4131 184 4192; x_wconf 87' lang='lat' dir='ltr'>haec</span> <span class='ocrx_word' id='word_1_359' title='bbox 214 4129 263 4190; x_wconf 90' lang='lat' dir='ltr'>ille</span> <span class='ocrx_word' id='word_1_360' title='bbox 296 4129 385 4203; x_wconf 86' lang='lat' dir='ltr'>dixit,</span> <span class='ocrx_word' id='word_1_361' title='bbox 417 4147 478 4188; x_wconf 93' lang='lat' dir='ltr'>non</span> <span class='ocrx_word' id='word_1_362' title='bbox 507 4147 577 4190; x_wconf 81' lang='lat' dir='ltr'>vero</span> <span class='ocrx_word' id='word_1_363' title='bbox 606 4128 685 4207; x_wconf 87' lang='lat' dir='ltr'>quod</span> <span class='ocrx_word' id='word_1_364' title='bbox 713 4130 810 4190; x_wconf 89' lang='lat' dir='ltr'>omnia</span> <span class='ocrx_word' id='word_1_365' title='bbox 841 4131 957 4191; x_wconf 87' lang='grc'>313133</span> <span class='ocrx_word' id='word_1_366' title='bbox 979 4129 1081 4204; x_wconf 86' lang='lat' dir='ltr'>Patre,</span> <span class='ocrx_word' id='word_1_367' title='bbox 1110 4137 1143 4192; x_wconf 91' lang='lat' dir='ltr'>ut</span> <span class='ocrx_word' id='word_1_368' title='bbox 1165 4137 1211 4192; x_wconf 84' lang='lat' dir='ltr'>est</span> <span class='ocrx_word' id='word_1_369' title='bbox 1230 4129 1335 4191; x_wconf 86' lang='lat' dir='ltr'>Filius.</span> 
     </span>
    </p>
   </div>
   <div class='ocr_carea' id='block_1_4' title="bbox 55 4341 1336 4617">
    <p class='ocr_par' dir='ltr' id='par_1_4' title="bbox 55 4341 1334 4481">
     <span class='ocr_line' id='line_1_38' title="bbox 55 4341 1332 4416; baseline -0.005 -18"><span class='ocrx_word' id='word_1_370' title='bbox 55 4369 58 4374; x_wconf 95' lang='lat'>·</span> <span class='ocrx_word' id='word_1_371' title='bbox 146 4348 169 4398; x_wconf 85' lang='lat' dir='ltr'>d.</span> <span class='ocrx_word' id='word_1_372' title='bbox 187 4347 341 4398; x_wconf 80' lang='lat' dir='ltr'>ldercionitoe</span> <span class='ocrx_word' id='word_1_373' title='bbox 374 4355 398 4397; x_wconf 87' lang='grc'>31</span> <span class='ocrx_word' id='word_1_374' title='bbox 430 4347 578 4410; x_wconf 84' lang='grc'>1133131331,</span> <span class='ocrx_word' id='word_1_375' title='bbox 613 4348 697 4400; x_wconf 89' lang='lat' dir='ltr'>Simon</span> <span class='ocrx_word' id='word_1_376' title='bbox 749 4341 1099 4416; x_wconf 62' lang='lat' dir='ltr'>rdcodcloczodnnrpde</span> <span class='ocrx_word' id='word_1_377' title='bbox 1127 4347 1255 4398; x_wconf 84' lang='grc'>13333113</span> <span class='ocrx_word' id='word_1_378' title='bbox 1276 4343 1332 4394; x_wconf 85' lang='lat' dir='ltr'>edit.</span> 
     </span>
     <span class='ocr_line' id='line_1_39' title="bbox 109 4413 1334 4481; baseline -0.007 -16"><span class='ocrx_word' id='word_1_379' title='bbox 109 4415 521 4478; x_wconf 64' lang='grc'>1133331133331133,8313331333</span> <span class='ocrx_word' id='word_1_380' title='bbox 540 4417 638 4481; x_wconf 85' lang='lat' dir='ltr'>aliique.</span> <span class='ocrx_word' id='word_1_381' title='bbox 750 4416 868 4466; x_wconf 86' lang='lat' dir='ltr'>Commel.</span> <span class='ocrx_word' id='word_1_382' title='bbox 880 4426 903 4466; x_wconf 89' lang='grc'>31</span> <span class='ocrx_word' id='word_1_383' title='bbox 913 4417 936 4466; x_wconf 81' lang='lat' dir='ltr'>l.</span> <span class='ocrx_word' id='word_1_384' title='bbox 956 4431 1000 4466; x_wconf 85' lang='lat' dir='ltr'>ms.</span> <span class='ocrx_word' id='word_1_385' title='bbox 1020 4417 1125 4466; x_wconf 80' lang='grc'>1313113,</span> <span class='ocrx_word' id='word_1_386' title='bbox 1162 4417 1187 4463; x_wconf 91' lang='grc'>13</span> <span class='ocrx_word' id='word_1_387' title='bbox 1207 4413 1259 4462; x_wconf 87' lang='grc'>31113</span> <span class='ocrx_word' id='word_1_388' title='bbox 1278 4423 1334 4460; x_wconf 81' lang='lat' dir='ltr'>aero</span> 
     </span>
    </p>

    <p class='ocr_par' dir='ltr' id='par_1_5' title="bbox 108 4477 1336 4617">
     <span class='ocr_line' id='line_1_40' title="bbox 146 4477 1336 4548; baseline -0.006 -16"><span class='ocrx_word' id='word_1_389' title='bbox 146 4497 166 4532; x_wconf 90' lang='lat' dir='ltr'>o.</span> <span class='ocrx_word' id='word_1_390' title='bbox 187 4483 249 4533; x_wconf 88' lang='grc'>11333</span> <span class='ocrx_word' id='word_1_391' title='bbox 266 4483 337 4533; x_wconf 83' lang='lat' dir='ltr'>verba</span> <span class='ocrx_word' id='word_1_392' title='bbox 362 4481 412 4542; x_wconf 72' lang='grc' dir='ltr'>τῆς</span> <span class='ocrx_word' id='word_1_393' title='bbox 436 4477 467 4532; x_wconf 75' lang='grc' dir='ltr'>δὲ</span> <span class='ocrx_word' id='word_1_394' title='bbox 490 4477 617 4543; x_wconf 72' lang='grc' dir='ltr'>τοιαύτης</span> <span class='ocrx_word' id='word_1_395' title='bbox 641 4479 699 4531; x_wconf 80' lang='lat' dir='ltr'>deu·</span> <span class='ocrx_word' id='word_1_396' title='bbox 751 4486 878 4543; x_wconf 83' lang='grc'>1131133133,</span> <span class='ocrx_word' id='word_1_397' title='bbox 897 4499 972 4548; x_wconf 82' lang='lat' dir='ltr'>eaque</span> <span class='ocrx_word' id='word_1_398' title='bbox 991 4484 1101 4546; x_wconf 76' lang='lat' dir='ltr'>legerunt</span> <span class='ocrx_word' id='word_1_399' title='bbox 1118 4482 1226 4532; x_wconf 84' lang='lat' dir='ltr'>lVannius</span> <span class='ocrx_word' id='word_1_400' title='bbox 1244 4486 1267 4528; x_wconf 89' lang='lat' dir='ltr'>et</span> <span class='ocrx_word' id='word_1_401' title='bbox 1279 4477 1336 4526; x_wconf 85' lang='grc'>113-</span> 
     </span>
     <span class='ocr_line' id='line_1_41' title="bbox 108 4539 943 4617; baseline 0.006 -19"><span class='ocrx_word' id='word_1_402' title='bbox 108 4545 188 4602; x_wconf 71' lang='grc'>33133</span> <span class='ocrx_word' id='word_1_403' title='bbox 209 4544 368 4617; x_wconf 77' lang='grc' dir='ltr'>γνώρισμα,</span> <span class='ocrx_word' id='word_1_404' title='bbox 390 4545 421 4599; x_wconf 84' lang='grc' dir='ltr'>τὸ</span> <span class='ocrx_word' id='word_1_405' title='bbox 441 4539 511 4602; x_wconf 72' lang='lat' dir='ltr'>eluat</span> <span class='ocrx_word' id='word_1_406' title='bbox 528 4545 699 4600; x_wconf 75' lang='grc'>3133113131</span> <span class='ocrx_word' id='word_1_407' title='bbox 751 4552 816 4602; x_wconf 84' lang='grc'>11333.</span> <span class='ocrx_word' id='word_1_408' title='bbox 836 4551 943 4603; x_wconf 78' lang='lat' dir='ltr'>Cameld.</span> 
     </span>
    </p>
   </div>
   <div class='ocr_carea' id='block_1_5' title="bbox 0 0 1592 5058">
    <p class='ocr_par' dir='ltr' id='par_1_6' title="bbox 0 0 1592 5058">
     <span class='ocr_line' id='line_1_42' title="bbox 0 0 1592 5058; baseline 0 1"><span class='ocrx_word' id='word_1_409' title='bbox 0 0 1592 5058; x_wconf 95' lang='lat' dir='ltr'> </span> 
     </span>
    </p>
   </div>
  </div>
 </body>
</html>
