2822 5030
330 156 449 204 cornua
462 117 680 222 cruentatam!
696 156 783 202 maan
798 157 830 200 tt.
1112 142 1175 216 929

27 310 156 374 uidere
182 309 419 388 corruptionem.
462 305 587 368 ldeoct
605 305 751 371 Dominus
773 305 885 370 aiebat:
907 306 999 371 Nemo
1015 309 1097 374 tolb't
1111 324 1263 376 eccae-0⁵1·

4 459 14 486 ,
45 411 109 474 sed
136 428 194 490 epo
212 425 297 489 porto
320 427 384 470 eom
406 427 425 470 u
445 411 569 490 meipso,
593 407 623 470 id
643 417 691 470 est
703 409 847 488 praescus
869 408 940 472 illud
963 409 1091 473 declaro.

10 617 68 676 15.
122 611 244 674 Idcirco
267 609 298 672 in
315 609 412 674 anima
427 608 545 689 quidem
561 607 671 672 Christi
685 609 793 672 mortis
808 609 966 690 imperium
982 611 1177 691 destructum,

4 713 120 774 *rectio
142 714 222 776 lacta
244 730 279 774 ex
302 712 419 775 interno
448 718 477 772 et
500 711 653 777 animabus
674 711 874 792 praedicatum
896 721 958 788 est,
986 713 1018 778 in
1049 733 1177 796 corpore

4 833 23 876 n
57 812 184 878 Christi
213 812 364 892 corruptio
396 804 505 880 abolita
538 821 585 876 est
612 819 644 874 ct
670 811 854 892 incorruptio
884 825 919 874 ex
940 813 1007 894 ipso
1038 817 1176 896 sepulcro

4 917 62 978 nit.
116 905 225 994 ltaque
246 933 304 976 nec
323 913 415 976 bomo
437 933 454 976 a
475 913 538 976 ileo
566 897 795 994 segregabatur,
822 931 880 976 nec
899 913 979 976 Deus
1007 916 1121 980 bomini
1142 937 1176 981 se

20 1019 230 1082 deserturum
253 1016 459 1090 annunciabat,
481 1033 578 1094 neque
600 1015 700 1078 obitus
717 1015 902 1095 spiritusque
917 1016 1060 1078 discessio
1076 1026 1176 1082 trans-

12 1127 86 1180 erat
110 1117 172 1180 Dei
194 1136 210 1180 a
234 1133 371 1196 corpure,
395 1117 447 1178 sed
470 1116 585 1178 animae
608 1135 625 1178 a
647 1134 775 1195 corpore
796 1115 965 1196 capuano,
978 1126 1082 1182 nostra
1098 1119 1177 1182 enim

4 1239 84 1282 nors
110 1220 264 1302 descripta
287 1219 350 1280 init
396 1217 483 1292 Quod
505 1218 531 1280 ai
553 1215 633 1280 Dens
656 1236 672 1280 a
694 1235 821 1296 corpore
843 1224 998 1298 separatus
1021 1226 1066 1280 est
1083 1237 1179 1298 eoque

4 1341 23 1381 o
49 1340 142 1384 mors
167 1320 300 1398 contigit,
323 1318 473 1398 quomodo
497 1335 606 1398 corpus
628 1317 664 1380 ab
679 1317 896 1397 incorruptibili
910 1317 972 1382 Deo
990 1328 1177 1398 segregatum

4 1420 173 1500 cruptibile
195 1418 352 1501 apparuit?
396 1419 554 1494 Quomodo
577 1417 815 1482 etiaml'erbum
838 1420 1016 1482 descensum
1037 1438 1124 1484 snum
1140 1423 1176 1484 ad
1185 1432 1280 1492 masp-

4 1541 49 1583 ms
74 1521 222 1602 peregit?
255 1530 306 1585 aut
337 1539 396 1600 quo
423 1529 509 1600 pacto
538 1520 575 1582 ab
603 1519 708 1584 inieris
735 1521 986 1584 resurrectionem
1020 1522 1177 1586 exhibuit?

4 1623 90 1702 equid
115 1623 185 1702 ipsc
208 1623 269 1686 rice
291 1623 406 1686 animae
427 1631 550 1684 nostrae
565 1621 740 1695 resurrexit,
762 1629 795 1684 ut
813 1631 933 1684 nostrae
947 1623 1178 1687 resurrectionis

4 1724 99 1802 ricem
125 1722 344 1786 concinnaret?
386 1724 424 1785 At
445 1728 495 1802 qul
518 1723 582 1785 lieri
604 1731 720 1804 potest,
749 1731 783 1785 nt
812 1723 878 1786 talia
909 1724 945 1786 de
971 1723 1034 1786 ilco
1063 1726 1177 1804 cogite·

13 1824 30 1886 ?
74 1815 188 1888 Vestra
211 1825 301 1903 igitur
322 1823 455 1909 definitio
478 1843 494 1886 a
517 1825 611 1888 sacris
634 1824 795 1904 scripturis
817 1824 911 1888 aliena
935 1834 999 1899 est,
1021 1834 1179 1906 vestraque

5 1927 87 1988 entia
111 1945 183 1988 cum
205 1932 323 2006 peracta
352 1924 382 1986 in
405 1923 525 1988 Christo
549 1926 723 1988 oeconomia
744 1943 806 1986 uon
830 1926 988 1988 consentit
1031 1926 1070 1991 Et
1091 1926 1178 1990 illud:
1252 1963 1261 1984 t

5 2048 13 2088 e
37 2029 204 2092 odemtre's
226 2030 309 2096 meir,
332 2043 393 2086 non
415 2026 545 2088 bominis
568 2027 696 2106 dignitas
719 2033 775 2101 est,
797 2026 853 2088 sed
873 2023 937 2088 Ilei.
981 2027 1018 2087 At
1040 2027 1178 2105 quando-

4 2133 57 2190 'em
81 2129 141 2190 Dei
166 2127 293 2205 dignitas
316 2125 447 2186 bominis
463 2118 589 2205 dignitas
612 2128 685 2188 lacta
708 2135 763 2198 est,
786 2124 966 2186 utbominis
982 2126 1109 2204 dignitas
1125 2112 1178 2188 tt'ei

11 2229 67 2292 itas
89 2227 278 2298 crederetur,
301 2222 410 2288 dictum
434 2236 493 2288 cst:
516 2225 591 2288 Sede
612 2246 631 2288 o
653 2227 772 2290 deutris
793 2229 878 2300 mer'a,
902 2234 932 2286 ct
955 2225 1101 2314 Glore'picc
1121 2245 1178 2302 me,

6 2349 49 2400 rr,
79 2339 212 2392 ceterae
232 2305 351 2406 plocio.¹
386 2326 447 2387 Nec
466 2325 526 2387 boc
547 2325 633 2400 dicit,
662 2324 741 2404 qnod
763 2324 856 2406 gloria
878 2326 1010 2406 priuatus
1039 2327 1094 2401 sit,
1123 2327 1177 2388 sed

7 2431 24 2488 cl
48 2429 78 2488 iu
101 2427 232 2506 inglorio
255 2433 381 2506 corpore
403 2427 539 2506 degeret,
569 2435 601 2489 ut
628 2425 723 2506 palam
755 2428 866 2490 laceret
887 2447 949 2490 non
971 2436 1137 2508 separatam
1160 2446 1178 2490 a

7 2547 44 2588 na
67 2527 161 2608 gloria
183 2547 251 2590 esse
272 2529 349 2592 servi
370 2528 513 2602 sormam,
548 2526 601 2590 sed
628 2529 751 2591 eandem
784 2527 907 2609 gloriam
922 2548 1008 2610 ¹prae
1031 2548 1064 2590 sc
1086 2531 1176 2590 terre.

8 2637 139 2709 rpropter
160 2630 216 2692 ait:
243 2629 283 2691 lto
309 2629 485 2710 plurificcci
512 2637 541 2691 et
569 2647 696 2692 rursum
722 2630 913 2712 glorificabo.
956 2630 1066 2708 Sicqne
1087 2647 1177 2690 unam
1233 2693 1238 2707 ,

8 2731 133 2810 demque
162 2738 191 2791 et
222 2739 289 2792 ante
318 2737 427 2810 corpus
456 2737 622 2791 assumtum
652 2737 682 2790 et
709 2729 740 2792 in
770 2749 895 2810 corpore
927 2729 1180 2810 gloriam‘iuisss

4 2831 92 2902 ondit,
116 2839 148 2892 nt
168 2831 209 2893 ait
229 2831 404 2910 Apostolus:
430 2829 524 2906 Yoato
546 2830 657 2894 melior
676 2830 797 2912 Aapelia
820 2833 963 2914 effectus,
988 2841 1099 2920 pacato
1123 2849 1180 2894 etc-

4 2931 109 2992 lentinc
132 2949 211 3012 proc
238 2931 300 2993 illie
328 2951 436 2994 nomen
462 2932 670 2996 boeredr'tnor't.
718 2932 774 2996 Ceri
800 2937 877 2994 enlm
906 2933 984 2994 dicit
998 2946 1002 2962 ’
1016 2931 1179 3012 aliqnando

4 3031 152 3108 pelorum:
186 3031 260 3094 Sede
284 3051 301 3092 o
324 3034 442 3094 electris
462 3031 561 3094 meis?
602 3031 665 3094 Nec
686 3051 758 3094 sane
779 3031 959 3110 Angelorum
983 3031 1080 3110 opilex
1104 3031 1178 3092 Ver-

4 3151 26 3192 m
48 3131 150 3194 melius
172 3133 281 3196 iactum
304 3141 367 3206 est,
396 3133 481 3212 quasi
504 3133 628 3195 inferius
651 3142 719 3196 ante
741 3133 867 3204 inisset,
897 3131 1002 3193 sedin
1026 3151 1059 3193 se
1082 3137 1177 3192 ortam
1234 3177 1235 3184 κ

4 3233 36 3292 ni
58 3235 178 3297 lormam
200 3233 323 3314 Angelis
346 3254 399 3296 scu
421 3235 522 3314 potins
545 3235 626 3297 omni
649 3243 784 3298 creatura
812 3233 1057 3314 praestantiorem
1092 3233 1176 3294 exbi-

4 3334 31 3406 lt,
53 3333 284 3416 qnandoquidem
308 3355 374 3398 cnm
396 3335 492 3414 imago
516 3343 596 3398 essct
613 3336 668 3398 Dei
690 3333 854 3407 invisibilis,
876 3334 1092 3414 primogenitus
1109 3353 1176 3396 om-

4 3455 8 3494 t
30 3449 172 3499 creaturae
192 3438 301 3500 lactum
324 3447 380 3510 est,
404 3446 435 3499 ut
457 3436 598 3517 scriptum
622 3447 668 3500 est
689 3438 720 3508 iu
735 3436 916 3516 Evangelia:
938 3435 1040 3499 Donec
1058 3441 1178 3516 peperit

4 3537 69 3596 liam
90 3555 172 3600 enom
188 3543 431 3620 primogenitum.
475 3538 546 3601 ldeo
569 3542 601 3602 ia
622 3543 690 3621 c'peo
713 3549 816 3602 orento
836 3549 908 3602 sunt
932 3543 1039 3608 omnio,
1063 3536 1175 3616 inipso

4 3771 20 3804 e.
39 3745 94 3803 cirre
111 3748 124 3814 ἡ
141 3751 269 3822 oceanea
289 3750 334 3805 καὶ
353 3755 402 3806 τοῦ
419 3749 538 3824 ascripser—
622 3759 640 3808 l.
665 3759 699 3808 lta
718 3759 818 3820 Segner.
836 3757 928 3820 Anglic.
946 3755 1043 3808 Gobler.
1056 3764 1080 3806 et
1092 3755 1178 3806 Felel·

4 3813 191 3889 ῑᾶποχώρησις,
210 3817 537 3892 θεοῦᾶπὸσώματοςειο.
590 3828 671 3876 manni
689 3825 711 3875 l.
753 3827 814 3875 Editl
840 3835 862 3874 et
887 3825 975 3874 caeteri
1000 3839 1058 3873 mss.
1082 3815 1128 3872 ἵνα
1146 3815 1177 3873 τὸ

4 3909 6 3938 z
24 3894 113 3953 sepner.
131 3894 216 3955 Anglic.
236 3893 334 3943 Gobler.
353 3900 376 3942 et
394 3893 498 3944 Felclcrn.
515 3891 537 3943 l.
588 3891 639 3942 τοῦ
657 3885 808 3959 ἀνθρώπου
826 3883 933 3959 ἀξίωμα
950 3889 1086 3957 mancipi.

5 3961 27 4008 ‘nl
44 3976 94 4009 coro
107 3951 162 4010 odra
174 3952 190 4022 ἦ
203 3957 343 4028 ricomere,
363 3952 539 4026 &amalperto
624 3977 646 4024 g.
662 3961 761 4013 Gobler.
774 3971 797 4011 et
809 3961 913 4010 Felelm.
925 3960 947 4010 l.
962 3958 1101 4008 τοσοῦτον,
1128 3959 1179 4008 llos

5 4026 41 4084 οῦ,
59 4019 72 4088 ἢ
90 4019 138 4078 ἀπό
154 4039 197 4082 etc.
232 4030 306 4081 anll.
324 4029 413 4080 ibidem
432 4018 539 4096 ι’σιοχῶ-
591 4029 763 4092 Stagnantem
784 4017 1179 4092 GreeroScriptnraeteutuiom
1270 4071 1271 4076 ,

4 4105 44 4148 itt·
64 4135 70 4152 a
590 4097 701 4158 (Seguer.
719 4097 785 4146 addit
802 4088 857 4152 eet)
874 4087 1098 4164 διαφορώτερον.
1118 4093 1180 4142 Editi

7 4163 27 4210 l.
44 4163 73 4212 lta
90 4165 178 4228 Seguer.
195 4165 286 4230 Anglie.
305 4164 403 4216 Gobler.
422 4159 539 4216 sclatet—
592 4157 659 4213 ὅσον
676 4156 894 4244 διαφορώτερον.

4 4230 47 4278 anni
66 4232 84 4280 1.
116 4234 230 4285 laeditis
256 4242 280 4284 et
298 4231 399 4284 'caeteris
418 4247 476 4284 msa.
496 4221 560 4281 ab.
625 4233 649 4282 b.
668 4233 767 4296 Seguer.
790 4245 921 4298 reperetur
943 4225 1056 4296 γέγονεν
1076 4217 1113 4278 nir
1135 4237 1180 4283 tt·
1246 4251 1250 4256 ·

4 4309 24 4348 lt
40 4298 106 4349 deest.
130 4361 137 4368 Ι
591 4313 649 4348 των
666 4291 714 4355 ὧν,
734 4300 999 4363 etsiclegrtliunnlus.
1024 4285 1179 4362 Etirleprir·

12 4378 29 4410 e.
45 4365 130 4426 Seguer.
147 4359 296 4419 ἀνίσταται.
591 4381 649 4417 των
663 4361 784 4434 yeyorais
801 4359 933 4429 ἡττόνων,
954 4363 1079 4416 mendose.
1195 4411 1199 4416 .

13 4447 120 4496 Arruntem
131 4464 176 4501 ore.
187 4468 259 4502 uoce.
274 4467 322 4502 aut.
717 4511 720 4518 ,
943 4449 976 4499 59
