3174 5082
243 257 288 324 ῃ
394 225 400 230 ’
690 195 692 201 V
772 259 946 308 ruarmo.

247 439 396 488 sacrarum
419 417 583 482 litterarum
613 413 699 478 dictis
728 411 892 476 sententiae
914 407 1106 490 probaverint
1128 417 1159 471 st
1180 409 1284 475 centra
1305 407 1477 472 hasnum

246 543 312 590 rum
346 519 466 584 fraudes
494 515 689 580 defenderint
740 513 838 594 cyrilli
862 511 1058 586 catecheses,
1085 511 1124 574 de
1152 509 1261 592 quibu
1289 518 1375 572 entes
1400 509 1478 583 dixi,

245 627 322 690 alios
352 629 424 685 sont
452 618 569 698 generis
598 618 662 680 sire
690 618 812 680 tonnae.
878 614 979 693 Neque
1001 612 1060 676 huc
1085 611 1190 674 reterri
1211 617 1312 691 potest
1339 609 1479 690 Gregorii

244 725 374 806 Nysseni
396 721 499 786 Oratio
522 719 714 792 cataobetica,
737 720 767 780 io
791 735 846 797 quo
868 717 1042 798 ingeniosus
1065 713 1114 776 iile
1141 712 1298 792 theologus
1321 712 1351 774 id
1372 711 1479 791 peu'us

248 824 436 909 propositum
469 821 587 893 hebuit,
621 819 728 893 otiis,
765 834 891 899 quorum
920 835 1029 880 munus
1057 824 1140 877 esset
1161 812 1301 887 tudaem,
1332 813 1480 884 limecoe,

248 925 415 992 haereticos
438 922 474 986 ad
507 922 661 984 ecclesiam
693 921 868 986 accedentes
902 919 1071 990 instituere,
1105 916 1181 979 riam
1215 921 1481 1001 commonstraret,

249 1045 306 1107 qua
330 1027 366 1089 ad
389 1024 477 1087 fidem
499 1023 610 1086 veritati
639 1023 755 1086 divione
783 1019 944 1086 taciendam
973 1017 1088 1099 ingredi
1110 1016 1261 1080 deberent.
1305 1013 1422 1078 Etenim
1447 1023 1480 1076 ut

248 1127 280 1190 in
302 1127 424 1190 exordio
447 1126 505 1199 ait,
527 1115 566 1189 οό
587 1121 651 1208 μὴν
673 1120 691 1188 ό
714 1115 813 1200 αὐτὸς
841 1122 900 1206 τῆς
929 1117 1144 1195 διδασκαλίας
1164 1113 1289 1202 τρόπος
1311 1112 1368 1182 lari
1389 1113 1480 1180 πόν-

250 1251 315 1293 των
338 1220 477 1311 ἁρμόσει
490 1226 557 1291 τῶν
581 1222 793 1308 προσιόντων
814 1225 861 1308 τῷ
884 1219 981 1305 λόγῳ,
1005 1213 1091 1285 ἀλλὰ
1110 1217 1194 1284 κατὰ
1216 1215 1276 1308 τὰς
1301 1219 1368 1282 τῶν
1388 1221 1480 1300 θρη-

248 1329 365 1396 σκειῶν
388 1324 555 1414 διαφορὰς
579 1323 804 1410 μεθαρμόζειν
832 1321 992 1409 προσήκει
1013 1323 1068 1388 καί
1090 1318 1149 1407 τὴν
1169 1318 1361 1407 κατήχησιν,
1390 1317 1481 1401 πρὸς

247 1428 305 1496 τὸν
327 1421 427 1494 αὐτὸν
455 1428 515 1510 μὲν
544 1421 690 1510 ὁρῶντας
718 1428 776 1492 τοῦ
807 1423 905 1509 λόγου
935 1421 1076 1502 σκοπὸν,
1106 1415 1164 1504 cip
1186 1415 1418 1505 ὁμοιοτρόπως
1442 1419 1479 1486 δὲ

247 1540 323 1608 ταῖς
351 1535 568 1604 κατασκευαῖς
596 1520 646 1611 ἐφ’
678 1525 815 1593 ἑκάστου
842 1529 1037 1610 χρωμένους.
1088 1527 1191 1605 itaque
1220 1525 1256 1586 de
1289 1523 1480 1602 dogmatibus

249 1631 393 1694 disseruit
419 1639 490 1692 tunc
512 1629 542 1692 in
572 1628 695 1692 ecclesis
724 1630 839 1710 publice
867 1629 1011 1708 receptis,
1044 1626 1202 1707 praecipue
1229 1626 1266 1688 dc
1295 1624 1426 1688 trinitate
1450 1635 1482 1688 ct

250 1729 455 1794 incarnatione
484 1730 547 1804 dei,
576 1731 613 1796 do
641 1729 844 1818 redemptione
867 1732 984 1809 generis
1012 1727 1131 1790 immani
1155 1729 1250 1806 deque
1273 1729 1480 1801 sacramentis,

250 1849 311 1894 non
335 1841 393 1892 tam
417 1838 449 1893 ut
471 1849 505 1894 ea
527 1825 593 1912 ipsa
615 1839 786 1912 exponeret,
809 1849 896 1910 quem
920 1839 952 1894 ut
974 1829 1155 1902 ostenderet,
1179 1847 1235 1908 qua
1257 1829 1373 1892 ratione
1395 1837 1478 1890 sete-

251 1931 406 1996 cbumenie
433 1949 492 2011 pro
523 1932 695 1995 diversitate
729 1931 906 2012 religionum
935 1941 965 1994 ct
994 1929 1168 2012 opinionum
1195 1929 1345 1992 mentibus
1374 1948 1479 2000 eorum

250 2033 444 2096 insidentium
473 2051 508 2096 ex
536 2032 626 2095 variis
654 2033 807 2114 principiis
831 2034 861 2095 in
890 2041 1044 2112 utramque
1073 2043 1186 2112 partem
1216 2031 1369 2093 concessis
1391 2041 1420 2093 et
1441 2051 1479 2094 ex

250 2133 427 2198 notionibus
449 2135 655 2198 communibus
678 2135 880 2198 ratiocinando
903 2133 940 2196 de
961 2133 1083 2198 veritate
1111 2133 1208 2194 divina
1236 2132 1480 2194 commodissime

252 2244 357 2316 posset
378 2235 560 2314 persuaderi.
606 2237 788 2314 Quamquam
812 2235 885 2298 baec
907 2235 1044 2314 Gregorii
1068 2233 1229 2312 disputatio
1258 2233 1381 2296 muitum
1403 2252 1479 2295 con-

253 2336 319 2398 tulit
341 2335 377 2398 ad
399 2335 578 2400 tundendam
601 2344 631 2396 et
651 2336 860 2406 exstruendum
889 2335 1073 2415 disciplinam
1096 2332 1307 2411 dogmaticam,
1331 2333 1478 2414 siquidem

251 2435 280 2496 is
303 2435 384 2512 quod
406 2445 470 2495 arnt
484 2436 550 2495 eius
565 2434 723 2495 consilium
740 2435 876 2498 veritates
892 2453 966 2513 ques
982 2435 1107 2498 dicimus
1122 2431 1266 2494 revelatas
1282 2435 1319 2494 ad
1335 2435 1479 2498 radonem

251 2549 395 2596 revocare
416 2551 451 2594 ao
471 2532 689 2610 quodammodo
711 2534 799 2598 tidem
822 2544 849 2597 et
871 2535 1019 2598 rationem
1034 2533 1190 2596 conciliare
1213 2533 1335 2596 studuit.
1377 2537 1477 2600 lnce-

252 2640 350 2696 ratum
379 2651 449 2694 vero
481 2632 637 2712 Epiphanii
665 2651 741 2707 non,
780 2643 814 2696 ut
845 2635 954 2696 aviris
983 2635 1079 2696 doctis
1109 2633 1168 2696 dici
1201 2635 1294 2707 solet,
1322 2636 1359 2697 ad
1388 2657 1477 2700 unum

255 2732 420 2812 dogmatis
443 2733 572 2794 trinitate
594 2733 742 2812 pertinere
757 2749 853 2812 neque
876 2743 978 2796 contra
1002 2735 1083 2796 solos
1098 2734 1224 2796 Arianos
1247 2747 1276 2798 et
1290 2737 1477 2802 Macedonia-

254 2851 311 2896 nos
340 2851 408 2898 esse
436 2835 597 2914 scriptum,
626 2833 684 2896 iem
711 2834 850 2914 synopsis
879 2835 963 2907 libri,
992 2855 1067 2915 quae
1089 2837 1118 2898 iu
1141 2823 1189 2898 ed.
1211 2837 1309 2898 l'ctar.
1332 2838 1418 2900 Tom.
1441 2839 1477 2902 tt.

254 2955 283 3016 p.
308 2939 338 2998 i.
359 2935 475 3015 legitur,
499 2935 634 3016 quemvis
657 2935 765 2998 dooere
787 2945 902 3016 potest:
921 2929 1126 3021 Ἀγκυρωτὸς
1148 2935 1185 3000 dl
1206 2935 1358 3021 κέκληται
1379 2933 1398 3002 ὁ
1420 2937 1478 3002 λό-

251 3055 309 3119 γος
331 3027 448 3114 αὐτοῦ,
479 3029 532 3102 ότι
560 3029 700 3122 ἀγκύρας
728 3035 819 3123 δίκην
848 3034 906 3102 τὸν
934 3039 1012 3122 περί
1039 3039 1098 3121 τῆς
1127 3034 1211 3120 ζωῆς
1232 3033 1287 3101 καί
1315 3042 1480 3122 σωτηρίας

251 3133 434 3221 ἐρευνῶντα
460 3140 537 3204 νοῦν
565 3134 652 3223 όὶμει,
682 3136 798 3204 διὰτὸ
826 3134 1127 3222 περισυλληπτικὸν
1154 3139 1213 3220 τῆς
1234 3133 1269 3204 ἐν
1291 3130 1378 3220 udat?
1399 3157 1476 3201 συν-

250 3235 374 3315 τάξεως
395 3241 462 3302 τῶν
483 3239 620 3301 πολλῶν
640 3239 698 3318 τῆς
725 3241 872 3310 πίστεως
900 3237 1025 3317 μερῶν·
1054 3235 1137 3320 φημί
1169 3233 1208 3319 δὴ
1235 3238 1294 3302 τοῦ
1321 3235 1477 3322 περὶτῆς

252 3334 384 3423 πατρὸς
402 3335 456 3400 καί
489 3333 561 3398 υἱοῦ
584 3335 638 3398 καί
662 3327 757 3415 ἁγίου
788 3331 975 3414 πνεύματος
1008 3327 1281 3422 δμοουσιότητος,
1313 3339 1373 3404 wo
1399 3334 1479 3422 περὶ

252 3432 380 3510 τελείας
407 3433 466 3518 τῆς
493 3433 643 3515 Χριστοῦ
666 3429 823 3516 ίνσάρκου
850 3437 1052 3517 παρουσίας,
1081 3438 1140 3502 τοῦ
1167 3440 1244 3523 περί
1267 3431 1480 3516 ἀναστάσεως

253 3534 374 3617 νεκρῶν
395 3532 449 3598 καί
472 3530 557 3619 ζωῆς
579 3528 715 3598 αἰωνίου
743 3533 797 3598 καὶ
825 3539 962 3618 κρίσεως
989 3533 1110 3621 σαρκός
1136 3561 1173 3604 τε
1199 3540 1251 3606 καί
1275 3541 1383 3625 ψυχῆς
1404 3539 1480 3608 dnt-

186 3681 187 3686 η
257 3631 390 3710 τσαοτὸ,
412 3631 468 3700 καί
489 3637 548 3700 τοῦ
569 3632 654 3700 κατὰ
676 3633 821 3702 εἰδώλων
841 3657 878 3702 τε
899 3635 959 3702 καί·
976 3636 1133 3722 αἱρέσεων
1155 3637 1190 3706 ἐν
1210 3645 1304 3726 μέρει
1325 3645 1380 3708 καί
1399 3637 1480 3709 'loe-

255 3729 358 3802 δαίων
380 3735 522 3804 καὶτῶν
550 3733 669 3802 ἄλλων.
715 3737 898 3812 Quibuscum
927 3739 1086 3804 concinunt
1114 3750 1144 3806 et
1171 3743 1300 3806 auctoris
1329 3745 1481 3824 professio

254 3837 291 3902 eb
313 3837 398 3900 initio
421 3837 487 3900 libri
509 3858 539 3919 p.
555 3842 585 3904 6.
608 3839 686 3902 med.
710 3849 739 3902 et
760 3840 855 3922 ipsius
877 3839 944 3901 iibri
965 3849 1063 3916 tenor,
1086 3842 1171 3906 ouius
1194 3843 1230 3906 ad
1252 3843 1341 3908 finem
1363 3865 1394 3926 p.
1407 3849 1480 3912 122.

254 3957 299 4018 sq.
323 3939 398 4001 duae
419 3939 572 4014 formulae,
596 3940 803 4014 umbrosius,
826 3942 916 4004 altare
930 3940 1057 4022 longior,
1080 3944 1248 4006 uniuersam
1271 3946 1359 4010 iidem
1382 3947 1479 4010 eecle-

255 4039 318 4104 sias
340 4038 526 4104 conduentes
551 4040 757 4103 subiiciuntur.
801 4041 860 4104 Sed
883 4041 933 4120 qui
947 4039 1145 4123 Epiphanium
1166 4044 1299 4117 noverit,
1330 4063 1391 4108 non
1420 4067 1479 4126 pu·

255 4139 330 4202 tabit
350 4157 428 4213 eum,
452 4142 584 4220 quamvis
605 4137 648 4206 τὰ
669 4137 749 4223 περί
774 4143 921 4218 πίστεως
942 4151 1067 4208 tractatu
1087 4161 1142 4208 suo
1164 4143 1319 4222 complecti
1342 4144 1481 4220 volucrit,

242 4239 425 4319 dogmatum
446 4259 551 4304 cassas
572 4242 762 4322 rationesque
789 4242 926 4306 subtilius
956 4243 1113 4324 indagasse
1135 4252 1163 4310 et
1183 4241 1333 4322 quomodo
1360 4241 1480 4317 singula

256 4349 325 4420 apta
347 4339 424 4402 inter
446 4361 480 4404 sa
501 4352 605 4406 assent
625 4361 752 4406 aeneae
775 4345 893 4410 curioso
915 4344 1162 4426 circumspexisse
1184 4341 1228 4402 ret
1250 4341 1280 4402 in
1303 4339 1476 4404 universum

251 4437 382 4504 ratioms
405 4459 462 4522 ope
483 4442 556 4508 lucis
578 4443 686 4526 aliquid
709 4452 738 4507 et
759 4445 907 4512 firmitatis
936 4443 1044 4508 divinis
1071 4439 1227 4506 sententiis
1249 4437 1394 4502 sundicae.
1439 4441 1475 4506 Si
