3102 5042
535 217 642 262 orento
658 219 696 262 tr.
714 218 829 262 cunrat
844 218 978 263 Antinoe.
1285 207 1346 272 653

120 389 153 442 et
174 381 257 438 onor
277 369 475 434 mendacium.
518 367 580 450 Epo
602 367 690 432 ierus
711 372 783 432 miei
800 368 946 449 stripeium
966 389 1078 444 meum,
1110 384 1145 435 ut
1174 373 1243 437 doec
1265 377 1432 438 cottanae.

119 481 155 540 ιἰι
181 473 325 538 Becieaiia
355 471 584 551 testificaretur.
632 469 694 551 Epo
723 489 790 533 eum
821 472 913 533 radin
941 483 971 534 et
995 489 1089 551 penus
1117 471 1230 545 Dauid,
1259 475 1348 538 steilo

120 574 283 660 splendido
305 583 334 635 et
354 575 516 638 matutino.
560 571 600 634 iit
621 575 750 652 spiritus
779 581 808 634 et
836 591 950 652 sponsu
978 573 1082 637 dieunt
1108 573 1209 660 Veni„
1230 571 1269 634 iit
1297 578 1349 656 qui

119 679 225 752 ondit,
250 677 329 738 dicor
355 672 441 745 Veni‚·
466 682 496 734 et
517 675 570 754 qai
589 673 669 742 sitit,
693 675 809 744 oeniot;
839 673 994 752 quieuit,
1024 678 1151 755 occipiat
1173 693 1282 755 aquom
1302 679 1350 736 oi-

119 791 171 844 tae
192 781 301 860 protis.
343 775 446 854 itaque
468 772 495 834 si
517 789 609 851 genus
625 770 716 833 David
737 781 784 834 est
805 773 887 834 steila
910 772 958 834 illa
979 774 1132 854 splendida
1153 784 1182 838 et
1196 775 1349 849 matutina,

118 880 219 960 liquet
248 877 381 958 proiecto
405 873 586 936 salvatorem
607 872 705 953 ipsum
728 883 873 953 quatenus
897 893 964 938 caro
988 883 1032 938 est
1053 876 1223 940 Luciferum
1245 877 1349 958 appel·
1394 898 1395 901 ¹

119 979 197 1052 lari,
222 986 289 1040 ante
312 995 399 1057 quem
424 974 536 1036 seilicet
558 973 700 1046 extiterit,
729 983 873 1055 quatenus
896 995 931 1038 ex
952 975 1015 1038 Deo
1037 987 1084 1039 est
1105 979 1238 1056 genitus3
1271 987 1305 1042 ut
1325 979 1352 1042 is

120 1079 233 1143 Psalmi
256 1079 297 1141 sit
318 1096 442 1140 sensus:
465 1076 509 1138 Ex
531 1095 578 1138 me
600 1077 667 1156 ipso
691 1085 720 1138 tc
740 1076 828 1157 genui
844 1087 999 1158 antequam
1017 1079 1048 1140 in
1070 1097 1159 1141 carne
1180 1099 1352 1160 appareres.

121 1181 279 1262 Siquidem
306 1180 381 1241 hacc
408 1177 497 1241 verba
526 1177 793 1257 antelucinium
819 1179 896 1242 idem
929 1179 1027 1241 valent
1047 1200 1081 1243 ac
1102 1190 1169 1244 ante
1190 1181 1279 1243 Verbi
1301 1183 1350 1243 in·

121 1283 337 1346 carnationem.

210 1387 262 1449 29.
306 1385 415 1462 Aperte
436 1380 527 1460 igitur
548 1389 632 1444 vetus
655 1399 773 1461 quoque
790 1381 1012 1446 Testamentum
1027 1383 1091 1446 Filii
1113 1385 1256 1446 meminit.
1289 1386 1348 1447 Ve-

124 1505 192 1548 rum
213 1485 250 1548 de
280 1484 327 1545 his
356 1482 536 1546 contendere
566 1501 817 1562 supervacaneum
846 1485 969 1546 omnino
996 1494 1051 1547 est.
1095 1485 1226 1565 Namque
1256 1486 1282 1547 si
1305 1505 1349 1560 ea,

125 1587 252 1667 quaein
275 1586 366 1648 veteri
390 1585 580 1648 Testamenta
602 1602 663 1646 non
685 1584 847 1660 habentur,
875 1585 1039 1650 recentiora
1067 1587 1157 1650 veiint
1187 1607 1271 1660 esse,
1299 1607 1350 1651 re·

123 1690 294 1774 spondeant
314 1687 355 1749 iili
378 1688 452 1749 adeo
475 1687 640 1768 pertinaces
663 1687 815 1761 homines,
849 1707 978 1769 quonam
1006 1690 1036 1751 in
1062 1689 1129 1752 ioco
1157 1690 1267 1752 veteris
1290 1689 1351 1751 'i'e-

120 1791 264 1855 stamenti
292 1792 366 1867 iacta
398 1788 489 1852 suerit
515 1789 628 1850 mentio
656 1787 693 1850 de
718 1788 865 1852 Paraclito
895 1790 1019 1870 Spiritu.
1067 1792 1201 1868 Meminit
1231 1776 1438 1872 quidemnoro.

119 1893 253 1976 Spiritus
282 1891 391 1954 sancti:
424 1898 454 1952 at
481 1908 626 1970 nusquam
654 1889 803 1954 Paraoliti.'
843 1893 931 1954 Num·
947 1911 1019 1973 ergo
1048 1893 1122 1957 alius
1148 1903 1197 1980 est
1224 1894 1351 1974 Spiritus

119 2003 246 2059 sanctus
269 2002 299 2056 et
320 1993 395 2056 alius
417 1991 596 2064 ramerus,
625 1991 710 2072 isque
733 1993 847 2066 iunior,
876 1994 1113 2075 quandoquidem
1143 1995 1215 2057 nihil
1243 1996 1279 2056 de
1300 1995 1351 2058 illo

71 2087 77 2096 ⁴
119 2105 221 2160 exstet
241 2097 273 2158 in
295 2096 387 2158 veteri
410 2091 627 2156 Testamentoi
671 2094 778 2156 Verum
800 2094 878 2156 absit
904 2104 938 2155 ut
964 2095 1009 2156 vel
1032 2096 1160 2175 Spiritus
1183 2096 1281 2158 iunior
1303 2097 1350 2158 di-

120 2209 208 2264 catur
228 2198 274 2260 rei
298 2198 452 2270 dividatur,
475 2197 514 2258 ita
536 2205 568 2258 ut
588 2195 663 2257 alius
686 2194 725 2258 sit
747 2194 875 2275 Spiritus
898 2204 1017 2257 sanctus
1041 2206 1070 2258 et
1091 2197 1165 2258 alius
1180 2196 1350 2272 Paraeiitus.

120 2303 206 2365 Unus
237 2299 317 2360 enim
340 2297 475 2378 idemque
503 2307 551 2359 est
571 2295 717 2378 Spiritus,
750 2297 800 2376 qui
828 2304 862 2358 ut
889 2305 959 2358 tuno
985 2297 1029 2359 sic
1051 2306 1081 2358 et
1097 2295 1181 2358 'nunc
1203 2316 1271 2369 eos,
1301 2291 1368 2376 qui'

82 2457 87 2462 .
122 2404 225 2482 ipsum
247 2397 404 2478 recipiunt,
427 2399 589 2462 sanctificat
610 2406 640 2460 et
661 2397 849 2471 consolatum
870 2398 1119 2478 quemadmodum
1134 2419 1212 2462 unus
1228 2410 1258 2462 et
1272 2399 1350 2462 idem

123 2503 256 2565 Verbum
277 2499 370 2562 Filius
392 2499 478 2562 etiam
502 2509 571 2562 tunc
593 2519 663 2574 eos,
694 2501 745 2580 qui
768 2499 848 2580 digni
871 2509 969 2576 erant,
993 2501 1029 2563 ad
1052 2501 1180 2566 tiliorum
1201 2502 1350 2584 provehe-

123 2605 178 2667 bat
200 2602 410 2666 conditionem.
453 2603 527 2664 Nam
557 2610 641 2665 eraut
662 2620 779 2682 quoquo
805 2603 857 2664 filii
885 2603 1034 2666 in'reteri
1064 2605 1272 2678 Testamento,
1301 2604 1351 2684 qui

122 2707 244 2788 quidem
268 2724 329 2767 uon
351 2723 406 2785 per
427 2705 516 2767 alium
539 2723 625 2786 quam
647 2723 702 2784 per
722 2704 828 2766 Filium
851 2703 1022 2784 dignitatem
1041 2705 1220 2792 uhuiusmodi
1242 2723 1352 2768 conse·
1398 2781 1402 2790 ἡ

125 2809 301 2887 quebantur.
352 2807 383 2868 Si
414 2806 493 2869 enim
521 2804 574 2868 Dei
595 2805 686 2868 Filius
714 2814 782 2868 ante
803 2806 924 2868 Mariam
953 2824 1015 2868 non
1046 2806 1172 2882 exstitit,
1200 2807 1352 2888 quomodo

129 2927 240 2987 quaeso
261 2919 328 2972 ante
353 2901 458 2971 omnei
481 2915 536 2981 est,
558 2926 625 2969 cum
647 2915 715 2970 ante
737 2907 888 2970 cumsint
905 2907 980 2970 filiii
1025 2907 1181 2980 Quomodo
1197 2909 1270 2969 item
1283 2907 1349 2986 pri-

131 3011 294 3088 mogenitus
324 3020 386 3084 est,
420 3028 487 3073 eum
513 3008 613 3071 multis
640 3008 792 3090 posterior
813 3008 1001 3089 reperiatur?
1043 3009 1151 3070 Verum
1173 3027 1268 3087 neque
1290 3008 1349 3069 Pa-

130 3109 247 3174 raclitus
268 3113 420 3192 posterior
442 3120 503 3186 est,
537 3111 646 3193 quippe
674 3112 725 3192 qui
752 3119 819 3173 ante
841 3127 945 3173 omnes
967 3110 1022 3184 sit,
1054 3128 1149 3189 neque
1176 3110 1277 3174 iunior
1305 3116 1354 3171 est

124 3209 230 3284 Filius,
252 3231 320 3277 nam
345 3213 383 3276 Ιιι
400 3218 555 3297 principio
577 3225 644 3277 erut
669 3214 803 3290 Verium,
825 3221 912 3292 atque
934 3219 967 3274 ut
987 3211 1115 3292 Spiritus
1138 3218 1169 3274 et
1188 3211 1351 3274 Paraelitus
1396 3195 1400 3210 '

125 3313 206 3375 idern
229 3322 289 3388 est,
321 3315 362 3378 ita
389 3316 467 3378 idem
495 3323 541 3378 est
561 3316 653 3378 Filius
681 3322 711 3376 et
738 3314 876 3377 Verbum.
919 3315 1074 3404 Praeterea
1103 3321 1137 3376 ut
1157 3313 1291 3376 Salvator
1313 3314 1351 3376 de

126 3414 243 3496 Spiritu
264 3416 338 3478 haec
359 3418 416 3478 ait:
445 3417 618 3480 Poroeiitua
641 3416 777 3498 Spiritus
800 3417 945 3492 Sciratae,
974 3435 1059 3499 quern
1085 3420 1182 3481 mittet
1201 3417 1296 3479 Pater
1317 3419 1352 3480 in

124 3521 249 3579 nomr'ne
270 3535 349 3589 meo.
379 3518 484 3598 quibus
513 3517 631 3598 quidem
658 3519 757 3581 verbis
786 3519 918 3599 eundem·
938 3519 1019 3582 illum
1047 3539 1114 3582 esse
1141 3517 1270 3579 declarat
1296 3533 1353 3578 neo

124 3617 226 3698 ipsum
248 3618 369 3694 diridit;
390 3619 434 3682 sic
454 3620 580 3683 loannes
603 3621 715 3700 pariter
736 3621 820 3684 dicit:
851 3621 889 3684 iit
915 3620 1039 3684 Verium
1061 3638 1134 3682 coro
1156 3619 1274 3699 [actum
1296 3627 1350 3688 eat,

125 3729 155 3781 et
180 3717 325 3782 dubitauit
346 3725 378 3783 in
398 3722 500 3794 nobie,
519 3732 553 3783 et
574 3724 702 3785 uidimus
724 3722 852 3803 pioriom
873 3726 955 3793 eius,
978 3721 1107 3801 piorr'om
1128 3723 1218 3801 quusi
1242 3717 1351 3797 Unipe-

125 3823 189 3881 niti
208 3838 227 3882 o
248 3821 349 3884 Potae.
394 3821 454 3884 Nee
477 3820 555 3884 enim
576 3823 704 3886 loannes
726 3824 774 3886 hic
795 3824 892 3903 ipsum
913 3820 1032 3896 divisit,
1056 3822 1109 3920 sed
1131 3820 1259 3882 eundern
1281 3839 1350 3882 esse

126 4051 174 4090 etc,
211 4039 288 4092 Ceteri
313 4049 336 4094 et
356 4043 412 4094 editi
431 4036 516 4100 εἰπεῖν
533 4037 622 4094 deiri
639 4034 718 4108 ἅγιον
767 4036 812 4091 zat
829 4037 922 4107 λόγος·
940 4035 977 4096 ὥς
993 4033 1047 4108 ἔφη
1066 4033 1080 4091 ὁ
1099 4033 1200 4108 σωτιῖρ.
1226 4034 1290 4090 ὅδὲ
1307 4049 1353 4091 ete.

128 4118 176 4158 etc.
769 4111 828 4162 item
854 4113 909 4160 ibid.
934 4111 991 4174 Rep.
1009 4115 1109 4174 Sequar.
1129 4113 1202 4162 Basit.
1221 4119 1245 4160 et
1261 4109 1352 4170 anglic.

163 4190 185 4224 a.
209 4175 250 4227 Sic
267 4177 325 4240 tieg.
343 4178 443 4242 Sequer.
461 4177 534 4228 Berii.
555 4187 579 4228 et
595 4177 715 4241 tngiican.
766 4172 799 4225 ri>
817 4177 923 4244 πνεῦμα
941 4173 971 4227 τὸ
990 4170 1085 4243 ἅγιον,
1111 4189 1136 4229 ιιι
1154 4188 1177 4228 et
1196 4179 1267 4228 habet
1285 4176 1351 4225 Scri-

125 4245 156 4292 Αι
180 4244 219 4294 iiii
244 4252 267 4294 et
285 4239 512 4296 editiaicmittont.
549 4246 639 4297 ibidem
659 4247 715 4307 neg.
766 4253 844 4309 ptura.
880 4247 924 4298 iiii
947 4263 1003 4298 vero
1028 4263 1081 4299 euru
1106 4247 1176 4296 editis
1194 4239 1226 4294 τὸ
1243 4239 1350 4305 πνεῦμα

126 4310 227 4373 Sequor.
246 4311 317 4362 Besii.
337 4322 360 4364 et
377 4315 467 4376 Anglio.
492 4309 539 4362 καὶ
555 4306 643 4378 λ’όγιις.
669 4307 716 4361 καὶ
766 4305 901 4372 ἀληθείας,

127 4369 165 4430 ὅς
178 4391 265 4446 φησιν
283 4373 297 4428 ὁ
316 4373 409 4449 σωτὴρ
422 4375 542 4448 περὶτοῦ
554 4377 714 4447 πνεύματος.
798 4383 816 4432 i.
835 4383 891 4446 Req.
902 4383 1082 4446 Sequeniiasii.
1102 4390 1125 4431 et
1138 4379 1228 4457 Anqiio
1245 4367 1292 4422 καὶ
1309 4366 1352 4425 ἒν·

126 4447 198 4497 Gobi.
223 4448 295 4499 trabat
312 4448 368 4500 item
388 4461 483 4517 φησιν.
519 4450 597 4501 Ceteri
617 4459 640 4500 et
657 4450 714 4502 aditi
765 4447 863 4498 autea.
901 4451 927 4502 in
946 4451 999 4503 aiiis
1017 4460 1039 4502 et
1057 4449 1126 4500 editis
1142 4459 1188 4494 και
1205 4446 1282 4494 deest
