3176 5058
390 299 535 344 eersrotn
550 301 588 344 BE
603 301 745 348 numeris
760 303 904 348 metente
921 305 1041 350 sunum.
1288 297 1326 360 51

99 456 165 522 ar's,
195 451 248 512 sed
278 448 379 532 potius
403 451 438 510 ad
463 451 652 528 splendorem
673 453 702 514 in
726 463 886 535 conspectu
908 455 981 518 tucis
1005 455 1100 536 ipsius
1122 457 1253 522 veritatis
1276 473 1416 545 aaron.

98 552 193 613 cedet.
238 551 318 614 Haec
339 563 387 612 est
409 552 489 612 enim
513 552 641 614 veritatis
664 554 811 628 doctrina,
835 556 1057 636 disrumpantur
1078 557 1146 619 iicet
1168 559 1209 621 itii
1230 561 1329 642 perti·-

97 671 205 726 naces,
230 653 280 732 qui
303 671 360 713 nec
382 651 475 712 [teum
498 663 686 729 reverentur,
714 675 770 716 nec
790 667 1027 736 argumentomm
1050 659 1079 720 vi
1102 669 1131 722 et
1151 663 1329 725 auctoritato

97 753 168 814 victi
190 751 382 814 erubescunt.

191 1153 240 1217 18.
286 1153 337 1215 Sic
370 1153 460 1234 igitur
481 1153 640 1216 Eusebiani
673 1155 776 1216 multis
805 1163 876 1218 tunc
903 1157 1001 1219 modis
1029 1157 1183 1220 examinati
1210 1179 1245 1222 eo
1266 1181 1326 1241 po-

102 1261 247 1315 stremum
276 1254 386 1317 redacti
409 1263 496 1329 sunt,
519 1265 552 1316 ut
573 1256 692 1336 seipsos
716 1257 966 1332 condemnarent,
994 1258 1172 1337 tandemque
1194 1259 1328 1322 subscri·

101 1375 201 1435 psere,
223 1357 267 1418 uti
290 1375 379 1436 supra
402 1355 538 1430 diximus,
562 1366 649 1436 atque
672 1358 746 1418 adeo
769 1367 880 1420 mutata
902 1359 1048 1422 sententia
1064 1358 1218 1420 siluerunt.
1256 1357 1330 1420 Cum

102 1457 268 1519 autem.isti
291 1457 440 1536 impietate
462 1459 578 1518 seroces
601 1467 631 1519 et
652 1477 669 1519 a
690 1459 822 1533 veritate,
845 1467 982 1539 tanquam
1005 1459 1149 1539 vertigine
1165 1459 1251 1539 capti,
1273 1458 1329 1519 ah-

101 1567 234 1619 errantes
263 1577 350 1619 omne
379 1559 510 1620 studium
539 1559 569 1620 in
598 1558 801 1622 calumnianda
822 1560 942 1641 Synodo
971 1567 1097 1640 ponant,
1128 1557 1332 1638 respondeant

29 1703 33 1721 .
99 1659 196 1733 nohis,
220 1677 256 1720 ex
278 1659 455 1738 quibusnam
471 1659 633 1739 Scripturis
656 1660 714 1740 ipsi
736 1661 874 1736 hausere,
897 1661 941 1724 vei
963 1681 979 1723 a
1002 1661 1177 1740 quibusnam
1189 1657 1329 1720 Patribus

97 1760 237 1821 audivere
264 1761 435 1822 huiusmodi
465 1762 602 1836 voculas,
633 1781 706 1842 quas
729 1761 786 1824 sibi
808 1765 904 1826 visum
928 1773 974 1824 est
995 1781 1171 1841 congerere,
1192 1760 1243 1823 tto
1263 1779 1329 1823 non

96 1862 311 1934 eet'stentthus,
334 1881 397 1923 non
420 1872 489 1924 crat
513 1874 673 1944 antequam
694 1868 812 1943 penitus
834 1876 888 1938 eat,
912 1865 974 1944 suit
995 1863 1157 1945 aliquando
1180 1881 1248 1924 oum
1262 1881 1328 1924 non

97 1972 190 2032 esset,
214 1979 269 2022 nec
296 1981 355 2023 non
377 1972 537 2042 sequentes
561 1983 666 2037 voces,
689 1963 858 2039 mutodt'h's,
878 1969 1087 2045 praeexistere
1109 1974 1137 2026 at
1159 1959 1327 2034 voluntate,

97 2061 208 2141 quibus
236 2063 336 2142 utique
365 2064 518 2149 vocabulis
547 2063 636 2143 impie
666 2065 807 2126 aduersus
834 2063 993 2126 Dominum
1020 2071 1177 2142 nugantur.
1221 2062 1328 2124 Enim·

95 2183 171 2224 vero
193 2162 296 2224 heatus
319 2163 437 2243 quidem
454 2163 561 2226 Paulus
585 2163 711 2244 epistola
732 2165 768 2225 ad
784 2165 935 2226 Hebraeus
958 2165 1012 2226 ait:
1036 2163 1328 2243 Fr'deiatcllr’pr'tpua,

90 2265 236 2346 perferto
258 2284 322 2326 esse
345 2265 467 2326 saecuto
494 2265 585 2327 Vardo
610 2265 673 2337 Dei,
696 2277 731 2327 ut
753 2267 793 2336 td,
816 2267 897 2348 quod
917 2271 1069 2336 cernitur,
1092 2283 1154 2326 non
1176 2283 1214 2325 ear
1236 2263 1328 2324 rehua

92 2367 316 2447 apparentibus
339 2365 437 2446 fieret.
482 2367 590 2426 Verum
619 2365 692 2426 nihii
714 2365 812 2426 Verbo
844 2383 1002 2426 commune
1030 2373 1077 2424 est
1098 2381 1165 2424 cum
1186 2359 1331 2437 saeculis;

94 2469 165 2546 ipse
190 2466 268 2526 enim
291 2473 359 2526 aute
381 2466 497 2527 saecula
520 2467 637 2540 existit,
667 2483 833 2546 perquem
857 2465 973 2527 saecula
995 2466 1068 2525 iacta
1092 2470 1172 2524 suut
1215 2463 1248 2522 ln
1271 2461 1330 2522 Pa-

97 2576 183 2626 store
206 2574 303 2626 autern
326 2567 468 2646 scripturn
491 2577 537 2630 est
561 2567 812 2647 (quandoquidem
835 2567 943 2628 librum
966 2565 1045 2626 ltunc
1066 2563 1171 2637 citant,
1196 2558 1330 2642 quamvis

96 2685 161 2728 non
190 2667 231 2728 sit
257 2687 293 2728 ex
321 2677 459 2746 canonet:
491 2669 626 2731 Primum
655 2673 789 2732 omnium
817 2669 904 2730 crede
931 2683 1025 2728 tanum
1047 2684 1113 2727 aare
1134 2665 1244 2734 Darna,
1279 2665 1415 2744 quinne,

98 2773 203 2830 amaia
230 2774 344 2831 creauit
372 2782 400 2832 et
425 2771 571 2850 persecat,
596 2775 753 2852 omniaque
782 2787 820 2831 eat
847 2767 943 2831 nihilo
965 2778 1000 2829 ut
1020 2778 1121 2828 essent
1140 2765 1224 2844 [erit.
1269 2761 1330 2824 Sed

100 2887 160 2927 nec
187 2867 256 2928 iilud
285 2887 402 2946 quoque
431 2870 467 2929 ad
488 2869 594 2930 Filium
623 2869 767 2948 pertinet3
798 2869 944 2948 siquidem
967 2868 1002 2928 de
1025 2865 1164 2928 omnibus
1186 2863 1329 2944 loquitur,

102 2983 182 3044 quse
203 2985 257 3042 per
278 2965 377 3044 ipsum
400 2967 474 3026 iacta
497 2976 582 3038 sunt,
612 2987 629 3026 a
657 2968 764 3046 quihus
787 2977 866 3030 certe
887 2968 952 3047 ipse
972 2967 1045 3028 alius
1068 2975 1123 3028 est.
1167 2965 1228 3026 Neo
1250 2965 1331 3024 enim

103 3071 208 3147 potest
228 3065 303 3138 fieri,
326 3073 359 3124 ut
381 3065 477 3142 opiiex
499 3066 560 3138 his,
583 3084 657 3144 quae
672 3067 735 3146 ipse
750 3068 856 3142 effecit,
879 3075 1097 3140 annumeretur,
1119 3065 1178 3126 nisi
1192 3063 1330 3125 fortassis

104 3167 145 3227 ita
176 3165 281 3245 aliquis
312 3164 455 3244 desipiat,
484 3175 515 3227 ut
538 3166 729 3228 architectum
751 3165 829 3228 idem
852 3184 921 3226 esse
942 3165 1012 3226 vetit
1033 3171 1119 3242 atque
1141 3163 1271 3226 aedificia
1292 3163 1329 3224 ah

101 3286 141 3329 eo
166 3273 345 3328 constructa.
393 3265 470 3338 Quid
493 3266 583 3346 igitur
604 3265 645 3328 iiii
669 3285 732 3339 eos,
755 3265 906 3346 quirecte
927 3285 961 3327 aa
981 3265 1030 3346 pie
1045 3263 1184 3338 sentiunt,
1207 3265 1329 3326 vocibus

100 3387 164 3430 non
190 3367 308 3447 scriptis
331 3366 372 3428 uti
396 3376 550 3440 accusant,
579 3385 644 3429 cum
668 3366 725 3447 ipsi
748 3385 835 3430 voces
858 3385 918 3428 non
942 3367 1066 3445 scriptas
1088 3365 1125 3428 ad
1148 3363 1329 3426 confirman-

98 3471 169 3532 dam
194 3468 375 3548 impietatem
397 3469 509 3547 fingere
531 3487 591 3530 non
607 3469 668 3530 sint
678 3467 787 3530 veriti?
820 3469 897 3530 Sane
909 3467 1019 3530 nemini
1033 3485 1161 3547 prorsus
1176 3466 1245 3529 licet
1260 3484 1329 3528 esse

97 3571 212 3650 impio,
245 3569 361 3630 etiamsi
388 3569 480 3630 variis
503 3569 600 3631 verbis
623 3569 806 3648 speciosisve
826 3569 1018 3648 sophismatis
1041 3587 1123 3630 suam
1146 3567 1328 3646 impietatem

97 3671 169 3752 quis
199 3675 292 3730 tentet
320 3669 476 3749 obtegere3
505 3677 535 3731 at
562 3689 649 3732 neruo
672 3688 733 3731 nou
755 3671 895 3744 fateatur,
924 3688 989 3730 rem
1011 3675 1142 3730 sanctam
1165 3687 1198 3728 ac
1219 3667 1345 3728 iustam'

96 3791 168 3836 esse
202 3771 342 3850 pietatem
371 3770 485 3844 colere,
518 3770 586 3833 licet
613 3771 700 3833 novis
729 3789 764 3833 ac
790 3771 955 3852 peregrinis
983 3769 1106 3860 vocibus
1129 3767 1195 3845 quis
1218 3774 1326 3840 utatur,

92 3872 263 3955 dummodo
287 3871 322 3944 is,
345 3870 393 3949 qui
416 3871 556 3950 loquitur,
578 3873 627 3951 pie
649 3872 758 3934 sentiat
779 3879 809 3931 et
829 3889 883 3951 per
904 3871 969 3930 illas
992 3887 1080 3930 voces
1103 3867 1143 3940 id,
1166 3866 1246 3946 quod
1262 3867 1327 3944 ipse

92 3972 289 4055 cogitaverit,
318 3971 367 4050 pie
393 3970 465 4032 velit
493 3972 668 4051 significare.
713 3971 783 4032 idae
812 3971 914 4050 itaque
936 3969 1047 4030 Christi
1074 3967 1223 4040 hostium,
1253 3985 1326 4046 quas

91 4228 158 4278 uerbi
189 4221 292 4292 [hthan.
319 4222 381 4286 Opp.
409 4221 446 4271 ed.
474 4221 532 4272 Bon.
563 4223 632 4272 Toto.
659 4217 690 4300 h]
775 4237 797 4271 e.
821 4217 936 4285 [tiermes
960 4217 1058 4284 Pastor]
1081 4219 1133 4269 tit.
1151 4218 1175 4269 1.
1203 4219 1284 4270 mand.
1305 4217 1328 4266 t.

92 4311 146 4360 pap.
166 4293 210 4344 tu.
237 4289 349 4340 habetur.
386 4289 463 4338 Ceteri
490 4296 514 4339 et
531 4289 587 4340 editi
605 4283 634 4338 ἐκ
650 4303 688 4355 μη
741 4285 837 4354 [Patres
857 4295 934 4352 apost.
954 4288 992 4336 ed.
1003 4285 1159 4337 Colch-Chr.
1170 4287 1188 4337 1.
1207 4302 1260 4352 paq.
1272 4280 1328 4349 stt]

92 4355 296 4428 φαινομένων,
322 4365 350 4406 ut
374 4365 397 4406 et
420 4357 509 4416 legisse
527 4355 618 4408 ridetur

91 4431 171 4480 sionis
189 4429 304 4488 vulgatae
323 4431 415 4474 auctor.

128 4497 151 4546 d.
169 4487 228 4560 πρό
247 4493 319 4542 deest
338 4491 362 4540 in
380 4493 436 4553 itaq.
774 4503 798 4551 g.
818 4488 873 4550 fleg.
891 4477 948 4552 ἔχη.

1088 4566 1127 4618 4*

635 4371 689 4407 '⁸¹'
775 4389 792 4438 1.
811 4389 868 4450 fleg.
887 4379 1054 4454 imprimam
1074 4387 1199 4438 mendose.
