3220 5046
570 308 678 376 curre
693 311 714 356 ι.
732 313 847 356 eorem
860 313 994 358 tarenos.
1329 301 1390 366 205

169 471 236 534 oen
257 469 368 533 indicet
387 476 534 537 naturam,
556 481 622 526 cum
642 481 708 526 eum
724 463 863 538 Verbum,
886 464 1060 545 sapientiem
1075 473 1106 528 et
1120 465 1310 546 splendorem
1326 483 1476 530 eeeermr.

169 573 249 636 elicit.
292 571 364 634 lude
388 563 536 646 siquidem
558 564 745 644 intelligimus
768 565 895 628 divinam
918 567 1137 646 generationem
1159 567 1312 648 passionis
1334 568 1393 630 im·

169 693 290 738 munem
311 680 522 746 aeternamque
543 673 574 728 et
594 666 655 728 lieo
677 668 793 747 lignem
816 685 895 728 esee.
925 669 1008 740 Quae
1023 671 1101 732 enim
1117 671 1218 750 passio
1240 671 1285 733 rel
1301 689 1394 752 quae-

168 793 238 839 nam
268 783 314 837 est
341 788 411 852 pars
438 767 536 831 Patris
557 753 703 841 Verbum,
731 768 876 848 sapientia
904 777 933 830 et
961 768 1125 848 splendor?
1167 772 1200 836 lrl
1227 783 1307 835 certe
1333 772 1476 852 ipsimet.

172 878 261 940 etiam
284 879 417 935 amentes
438 870 559 950 possint
579 869 705 931 disoeno.
748 867 886 929 illenim
909 869 1047 932 mulieres
1069 871 1107 933 (le
1128 872 1200 934 lilio
1223 875 1391 954 interroga·

172 995 253 1051 vere,
277 975 320 1036 sio
340 973 420 1035 virus
442 971 478 1033 de
501 970 597 1034 Verbo
621 971 814 1050 interrogent,
836 974 870 1030 ut
890 967 1060 1044 doceantur,
1083 989 1140 1032 neo
1153 977 1320 1051 passionem
1338 994 1394 1038 nec
1493 1047 1498 1054 ,

173 1085 287 1156 partem
309 1093 411 1138 eorum
440 1091 508 1134 esse
537 1073 645 1134 mentis
668 1088 739 1134 suae
761 1071 899 1144 verbum,
934 1071 1013 1150 quod
1043 1073 1208 1135 enunciant
1251 1077 1338 1149 Quod
1365 1079 1392 1140 ei

173 1178 340 1253 hominum,
363 1194 489 1256 quorum
511 1174 640 1254 patibilis
663 1181 694 1235 et
716 1171 832 1234 dividua
854 1179 903 1235 est
924 1181 1049 1248 natura,
1072 1172 1243 1236 huiusmodi
1265 1176 1305 1236 sit
1324 1196 1391 1240 rer-

171 1279 260 1354 bum,
289 1297 380 1360 quare
401 1277 432 1339 in
454 1275 532 1351 ileo,
560 1275 610 1356 qui
639 1293 695 1338 nec
723 1291 885 1353 corporeus
907 1281 1030 1337 estnec
1057 1273 1211 1347 dividuus,
1238 1275 1393 1354 passiones

170 1389 308 1460 partesve
330 1379 467 1458 cogitant,
481 1385 525 1440 'nt
545 1377 658 1438 scilicet
678 1375 708 1436 id
731 1393 834 1437 cavere
856 1375 1029 1440 simulantes
1056 1393 1157 1438 reram
1178 1395 1212 1437 ae
1233 1375 1394 1436 naturalem

170 1480 237 1543 Filii
260 1481 480 1561 generationem
503 1475 637 1556 negent?
680 1475 773 1556 igitur
795 1476 836 1551 id,
859 1477 938 1556 quod
955 1495 991 1538 ex
1005 1477 1067 1538 lieo
1090 1477 1220 1556 genitum
1243 1483 1300 1545 est.
1322 1474 1395 1538 abs-

170 1575 228 1662 que
250 1583 307 1644 ulla
328 1581 470 1662 passione
492 1580 623 1659 genitum
645 1597 713 1664 esee
736 1578 810 1640 satis
833 1597 922 1658 supra
941 1579 1098 1659 probatum
1121 1586 1184 1653 est3
1206 1575 1394 1640 nuncetiam

170 1685 320 1766 speciatim
348 1682 536 1746 ostendimus
566 1681 694 1742 Verbum
723 1679 835 1759 absque
864 1681 1005 1760 passione
1034 1679 1180 1760 generari.
1231 1679 1291 1741 lam
1323 1697 1394 1742 vero

170 1787 271 1848 eadem
295 1785 431 1848 similiter
452 1784 489 1845 de
511 1781 657 1862 sapientia
678 1781 806 1844 audiant.
849 1781 916 1843 Non
944 1791 992 1844 est
1018 1780 1097 1844 Deus
1127 1791 1159 1844 ut
1185 1781 1291 1856 homo,
1319 1781 1392 1844 nilril

171 1887 220 1949 hic
240 1888 398 1950 humanum
420 1887 457 1948 de
479 1885 529 1948 illo
552 1884 670 1964 lingant
714 1882 787 1945 Nam
810 1883 982 1963 sapientiam
1005 1883 1151 1964 accipiunt
1181 1883 1336 1959 homines,
1364 1891 1395 1945 at

172 1989 268 2062 lleus,
297 1989 347 2069 qui
368 1989 474 2052 nullius
496 1988 531 2050 lit
551 1985 717 2067 particeps,
745 1985 812 2064 ipse
835 2003 906 2048 euac
927 1987 1087 2066 sapientiae
1108 1993 1192 2068 pater
1213 1995 1274 2060 εει,
1307 1984 1392 2048 euius

174 2091 222 2172 qui
244 2092 400 2172 participes
422 2091 510 2164 fiunt,
546 2088 695 2169 sapientes
718 2085 818 2148 solent
838 2086 987 2166 appellari.
1030 2087 1110 2148 llaec
1130 2095 1227 2148 autern
1249 2086 1394 2166 sapientia

170 2211 232 2254 non
253 2194 374 2274 passio,
395 2211 457 2254 non
478 2209 558 2271 pars,
581 2189 633 2252 sed
655 2187 796 2268 proprius
820 2186 915 2250 Patris
938 2196 986 2249 εει
1007 2187 1095 2250 letus.
1140 2187 1251 2250 idcirco
1274 2205 1394 2266 semper

170 2295 225 2356 luit
245 2295 349 2368 Pater,
377 2311 434 2354 nee
453 2301 567 2370 patrem
589 2309 656 2352 esse
677 2290 739 2350 lleo
761 2296 868 2369 postea
897 2287 1018 2361 accidit,
1046 2307 1085 2350 ne
1113 2307 1181 2350 esee
1211 2287 1394 2350 existimetur

171 2394 330 2454 mutabilis.
359 2393 432 2452 Nam
455 2392 482 2452 si
504 2391 584 2450 illum
605 2399 718 2468 patrem
741 2409 809 2452 esse
832 2389 943 2452 bonum
963 2389 1029 2464 luit,
1052 2407 1107 2452 nec
1129 2409 1249 2471 semper
1269 2389 1325 2452 luit
1337 2407 1393 2469 pe·

173 2500 236 2567 ter,
257 2511 317 2553 non
339 2491 428 2576 igitur
448 2507 564 2570 semper
585 2490 641 2551 luit
661 2489 691 2550 iu
712 2490 762 2554 illo
784 2491 906 2554 bonum.
1431 2481 1434 2492 ’

258 2899 309 2962 29.
353 2895 438 2974 Atqui
461 2893 597 2974 inquiunt
617 2913 736 2974 semper
756 2915 874 2976 quoqne
896 2897 974 2959 lleue
997 2898 1054 2960 luit
1073 2901 1212 2972 effector,
1245 2917 1300 2962 nee
1326 2901 1393 2962 elil·

173 2997 270 3060 oieurli
293 2998 414 3059 facultas
437 2995 477 3058 illi
499 3006 604 3076 postea
626 2997 768 3057 accessit:
796 3015 868 3058 num
891 3016 961 3077 ergo
983 2999 1050 3076 quia
1073 2999 1170 3078 opifer
1192 3007 1253 3073 est,
1276 3009 1394 3061 aeterne

172 3119 290 3180 quoque
311 3107 381 3162 sunt
403 3099 466 3160 eius
489 3116 596 3178 opera,
619 3115 674 3158 nec
695 3097 731 3158 tle
753 3097 801 3158 his
823 3097 922 3160 dicere
943 3099 1027 3172 licet,
1050 3119 1109 3161 non
1132 3107 1219 3162 erant
1238 3110 1395 3179 antequam

171 3199 304 3262 tierent?
346 3199 407 3260 Nae
436 3199 533 3260 insani
561 3195 678 3260 Arianil
732 3198 809 3272 Quin
838 3198 916 3260 enim
943 3199 1039 3262 simile
1068 3211 1114 3264 est
1141 3199 1232 3262 lilium
1261 3200 1339 3262 inter
1367 3211 1398 3263 et

172 3319 259 3382 opus,
283 3309 314 3362 ut
336 3299 437 3362 eadem
460 3301 496 3362 de
518 3309 603 3380 patre
625 3317 700 3378 qnae
723 3299 760 3362 ria
781 3299 936 3380 opificibus
959 3300 1081 3364 dicanti
1109 3303 1168 3375 Qut
1182 3318 1284 3382 porro,
1307 3309 1393 3382 post-

171 3421 258 3502 quam
282 3409 390 3464 mutarn
408 3419 482 3503 *esse
504 3403 583 3464 letus
606 3411 637 3462 et
657 3401 758 3480 operis
781 3401 974 3464 dillerentiam
998 3421 1086 3482 supra
1110 3411 1262 3464 ostensum
1284 3411 1340 3478 εει,
1363 3403 1394 3464 in

137 3519 143 3532 ·
173 3504 275 3566 eerlenr
296 3504 420 3564 haerent
440 3500 583 3564 inscitia?
625 3502 707 3562 ldem
729 3503 819 3583 igitur
846 3504 1038 3583 repetendum
1061 3513 1122 3580 est,
1153 3504 1289 3568 videlicet
1316 3525 1393 3586 opus

174 3613 252 3667 extra
273 3605 409 3684 opilioem
431 3625 508 3680 esse,
531 3605 573 3667 nti
595 3604 705 3666 dictum
727 3614 783 3679 est,
806 3606 898 3668 lilium
913 3623 982 3669 vero
1004 3609 1158 3688 proprium
1182 3627 1249 3671 esee
1271 3617 1392 3672 naturae

172 3706 273 3770 letum.
317 3707 461 3780 Quocirca
484 3725 606 3768 necesse
626 3726 687 3769 non
711 3715 756 3770 est
774 3727 893 3788 semper
907 3727 982 3788 opus
998 3711 1142 3784 extitisse,
1164 3711 1310 3791 siquidem
1325 3729 1392 3772 cum

170 3807 234 3869 rull
254 3809 362 3888 opilea,
387 3827 463 3889 opus
485 3809 562 3870 lacit
606 3808 643 3870 Αι
664 3809 741 3872 letus
763 3810 914 3873 subiectus
937 3811 1080 3874 voluntati
1102 3830 1163 3873 non
1186 3821 1242 3888 est,
1266 3813 1319 3874 sed
1334 3831 1389 3874 na-

170 3917 254 3972 turae
276 3919 321 3972 est
341 3913 517 3990 proprietas.
554 3911 708 3974 Praeterea
729 3923 810 3974 recte
833 3913 928 3992 opilea
945 3913 1011 3994 quis
1027 3916 1125 3976 vocati
1140 3923 1250 3994 potest,
1275 3916 1390 3978 etiamsi

172 4055 204 4110 τὸ
221 4051 297 4112 εἶναι.
335 4063 408 4114 terrio
428 4073 482 4128 port
500 4063 599 4124 sepner.
615 4040 775 4129 ‹prpohxnl'
807 4067 905 4128 sepner.
930 4067 1027 4118 center.
1053 4067 1155 4116 Folclrm.
1174 4068 1195 4118 t.
1220 4077 1244 4118 et
1268 4069 1323 4131 lieg.
1342 4053 1388 4132 ἆρ’
1462 4091 1465 4100 ‹

170 4121 213 4177 rici
231 4123 343 4192 ποιητής
360 4124 435 4180 loto
452 4125 468 4180 ὁ
485 4125 549 4184 θεὸς
571 4125 617 4179 καὶ
634 4123 681 4180 οὐκ
698 4123 755 4181 lare-
808 4121 863 4183 οῧν.
899 4135 959 4183 mun
978 4125 1025 4200 ἄρ’
1046 4119 1101 4184 οὖν,
1148 4153 1154 4160 ·

168 4193 273 4278 χίῖωξε.
301 4201 398 4282 (telier.
418 4209 442 4250 ει
455 4201 557 4277 leli-trin.
573 4195 691 4278 'glffffl'r
710 4195 756 4278 ani
840 4203 921 4280 &Sic
939 4205 1038 4279 §escen
1074 4203 1135 4252 Erilli
1153 4219 1208 4254 roro
1234 4203 1314 4252 etalii
1332 4215 1391 4266 γεν-
1433 4261 1435 4266 Ι

170 4279 214 4314 neo
239 4281 255 4313 o
279 4269 342 4321 licor
364 4283 397 4328 pv
421 4281 535 4328 nocprpc
559 4281 606 4316 και
630 4281 689 4316 εστι
710 4283 756 4316 και
806 4273 885 4336 νηιιῃ.
913 4269 971 4318 lirani.
990 4272 1204 4332 sepimentum.
1223 4269 1390 4320 attolerent.

169 4326 220 4412 olle
243 4327 390 4414 ιζιιγίγονε.
426 4338 482 4416 ltep.
528 4332 587 4395 not,
611 4331 662 4416 ani.
680 4327 755 4386 ιῖιὶὸ
806 4329 967 4417 ‹imporecoi
981 4328 1118 4404 lipomani.
1139 4340 1200 4388 t'rlrti
1211 4339 1283 4388 etalii
1302 4328 1391 4402 ἄφρο-

168 4403 235 4454 ιιεες
252 4417 285 4461 ην
301 4399 476 4464 antepristena
507 4418 551 4453 ore
567 4400 613 4454 arei
630 4399 756 4454 oorelrrr·
805 4418 849 4458 rec
865 4405 1001 4470 Aperuerat.

168 4466 290 4534 γέγονεν.
327 4475 387 4522 llum
411 4475 515 4539 φαεν,
539 4463 581 4521 riri
604 4465 619 4520 ὃ
643 4466 707 4525 θεὸς
724 4457 757 4532 ἢν
841 4477 863 4523 n.
882 4477 1033 4537 sieseguer.
1055 4477 1085 4526 tt
1102 4473 1142 4523 elii
1160 4481 1185 4522 ει
1197 4471 1253 4521 eiiii
1263 4463 1391 4534 eaprote-

167 4533 283 4600 norprr'pn
299 4535 345 4588 arni
361 4531 429 4598 lm,
449 4533 510 4591 orire
528 4535 675 4606 lnrylyore.
704 4541 757 4590 llor
805 4533 946 4606 γημάτων.
