3176 5058
510 319 654 364 errsronx
668 319 706 364 on
722 307 887 362 senensem·
901 315 1041 360 nronrsn.
1327 303 1385 366 123

163 474 221 548 „in
243 471 299 536 alia
321 471 446 554 epistole
468 471 590 553 scripsi,
619 469 725 550 quihus
752 468 987 530 criminationem
1009 485 1112 529 eorum
1142 467 1241 548 depuli
1264 468 1473 530 menda-ress.

163 593 315 656 „eemque
337 573 471 646 ostendi,
493 591 549 652 que
572 571 690 634 amboni
710 589 757 634 me
779 569 927 632 Christum
949 587 1057 648 negare
1080 587 1149 630 esse
1172 569 1233 630 lleo
1256 567 1389 632 consub-

164 675 370 752 „stantielem
416 674 548 736 Tametsi
581 672 659 734 enirn
692 673 786 734 lateor
816 689 864 732 me
893 672 949 732 lroo
975 671 1149 734 vocabulum
1181 688 1326 750 nusquam
1360 671 1391 732 in

165 777 354 858 „Scripturis
376 775 470 837 serris
492 773 539 836 rel
560 771 712 836 invenisse
733 772 780 834 rel
801 773 927 852 legisse.
958 779 1085 834 attamen
1112 781 1283 852 arguments
1313 789 1389 846 mea,

166 897 268 958 „quae
290 875 512 955 subsequuntur
531 893 666 954 quaeque
687 875 737 935 isti
759 880 924 946 tacuerunt,
946 871 982 934 eb
1006 874 1060 934 hec
1081 875 1225 936 sententia
1244 873 1318 936 nihil
1340 873 1389 936 di-

168 985 344 1057 „screpsnt
388 977 502 1038 Etenim
525 977 682 1038 humanam
705 975 820 1055 prolem
843 975 873 1036 In
896 975 1060 1052 exemplum
1082 975 1177 1048 attuli,
1202 993 1288 1054 quam
1310 982 1392 1054 petet

170 1097 266 1154 „esse
288 1077 423 1139 eiusdem
444 1077 562 1156 generis
585 1097 619 1138 ec
640 1077 816 1155 genituram,
838 1075 957 1156 dixique
980 1093 1083 1137 rosere
1105 1076 1134 1136 in
1153 1076 1210 1138 hoc
1223 1076 1320 1138 solum
1336 1093 1390 1156 pa·

169 1187 298 1256 „rentes
319 1178 439 1240 dillerre
468 1197 486 1238 a
512 1177 598 1250 liliis,
629 1177 709 1256 quod
731 1177 789 1256 ipsi
811 1195 872 1238 non
894 1177 957 1238 sint
978 1176 1047 1250 filii;
1076 1175 1148 1238 elias
1176 1195 1301 1238 neeesse
1327 1177 1391 1238 fore

171 1299 294 1360 „neque
316 1285 454 1359 parentes
476 1277 604 1340 existere
626 1296 723 1358 neque
745 1279 832 1340 tilios.
877 1278 1038 1358 Epistulam
1061 1285 1169 1348 antem,
1191 1287 1224 1339 ut
1241 1285 1308 1338 ente
1322 1276 1392 1348 dixi,

170 1382 238 1458 „ob
259 1387 449 1462 praesentem
471 1397 571 1440 rerum
592 1379 807 1453 conditionem,
836 1397 928 1458 penes
957 1397 1005 1442 me
1033 1397 1092 1440 non
1122 1379 1232 1450 trabem
1264 1377 1394 1456 alioquin

170 1484 261 1564 „ipsa
282 1481 337 1544 tibi
359 1497 434 1561 quae
455 1487 525 1542 tunc
546 1481 651 1560 scripsi
672 1480 777 1554 rerba,
806 1482 866 1542 imo
889 1481 1031 1560 epistolae
1053 1481 1143 1542 totius
1166 1478 1315 1558 exemplar
1335 1476 1394 1538 nti-

170 1585 327 1660 „sissem,
350 1581 521 1662 mittnmque
543 1581 570 1642 si
593 1579 710 1661 quando
733 1581 805 1644 milri
826 1582 891 1643 eius
914 1582 999 1661 copia
1022 1581 1138 1644 luerit„
1162 1580 1281 1642 llemini
1303 1596 1394 1658 porro

169 1705 245 1762 „me
266 1685 409 1764 plurimas
438 1701 476 1744 ex
503 1681 594 1744 rebus
623 1682 701 1745 inter
728 1701 761 1744 se
789 1683 922 1763 cognatis
949 1681 1159 1746 similitudines
1188 1680 1393 1761 conglobasse.

170 1787 315 1862 „Etenim
336 1785 465 1865 plantam
488 1783 552 1846 sire
580 1801 615 1844 er
645 1783 760 1846 semine
792 1783 853 1846 sire
876 1803 912 1846 ex
933 1784 1031 1846 radice
1052 1779 1394 1847 succrescentem-aliem

173 1886 261 1960 „dixi
283 1901 353 1946 esse
375 1885 410 1946 ab
432 1903 486 1959 eo,
514 1884 594 1946 unde
621 1883 787 1963 pullularit,
821 1885 877 1946 etsi
900 1884 1033 1947 eiusdem
1056 1885 1177 1946 omnino
1197 1884 1237 1946 sit
1257 1889 1394 1955 naturam

175 1985 381 2065 „lloriumque
402 2005 417 2046 e
439 1987 521 2048 fonte
542 1985 682 2048 fluentem
705 1985 790 2048 aliern
813 1987 937 2048 tonnam
960 1995 990 2047 et
1004 2005 1112 2050 nomen
1128 1987 1276 2066 accipere:
1298 2003 1478 2064 requiesces.

175 2089 281 2166 „enim
304 2097 355 2150 aut
375 2088 488 2150 lentem
505 2086 654 2160 'dunum
686 2094 737 2149 ant
764 2086 884 2150 lluriom
911 2087 1022 2150 sonmm
1050 2087 1124 2162 dici3
1156 2087 1211 2148 sed
1237 2095 1395 2164 utromque

173 2235 192 2264 „
201 2190 338 2264 existere,
360 2209 396 2252 ao
416 2191 527 2251 iontem
550 2189 633 2268 quusi
656 2187 772 2250 Patrem
795 2207 873 2261 esse,
896 2187 1016 2250 durium
1038 2207 1108 2250 vero
1130 2205 1234 2268 aquam
1257 2207 1293 2248 ex
1314 2186 1397 2247 sonte

172 2299 380 2365 „manantem
424 2289 483 2350 Sed
505 2289 578 2352 hoec
599 2289 718 2369 quidem
740 2297 772 2352 et
790 2291 898 2352 similia
919 2291 1028 2370 scripte
1054 2309 1087 2352 se
1110 2305 1170 2350 non
1192 2287 1291 2348 ridere
1313 2285 1396 2366 quasi

174 2391 402 2466 „caecutientes
425 2390 625 2464 dissimulentr
658 2391 772 2453 duabus
795 2400 893 2453 autem
915 2389 1027 2452 voculis
1050 2387 1224 2451 inconnexis
1246 2385 1332 2466 quasi
1352 2385 1398 2447 le·

177 2491 322 2572 „pidibus
345 2491 461 2553 eminus
483 2509 532 2552 me
553 2489 694 2572 impetere
717 2501 877 2568 conantur,
899 2511 960 2554 non
983 2491 1185 2565 advertentes,
1207 2486 1398 2569 perobscuris

176 2592 303 2667 „rebus
326 2609 401 2672 quae
422 2599 455 2654 ut
475 2589 846 2674 intelligentur'additione
868 2595 1010 2675 indigent,
1032 2592 1205 2674 plerumque
1227 2609 1286 2652 non
1308 2588 1398 2652 modo

175 2693 297 2768 „aliena
318 2693 371 2756 sed
393 2703 423 2756 et
443 2695 591 2756 contrarie
613 2695 746 2776 exempla
767 2697 862 2758 lucem
884 2699 1023 2758 efferre.“
1057 2696 1089 2758 ln
1105 2694 1193 2758 tertio
1208 2703 1305 2756 autem
1321 2691 1397 2754 libro

174 2793 230 2856 ait:
253 2794 339 2868 „vita
361 2813 397 2858 ex
417 2797 474 2856 rita
496 2795 595 2874 genite
616 2805 671 2865 est,
697 2796 946 2875 quemadmodum
968 2799 1077 2860 llumen
1099 2816 1115 2859 a
1139 2799 1220 2858 lonte
1242 2793 1397 2866 emanarit,

177 2901 236 2967 „et
256 2912 273 2954 a
294 2894 359 2954 luce
381 2895 541 2954 inextincta
562 2895 716 2971 splendida
737 2896 787 2958 lux
806 2913 928 2958 accensa
952 2903 1029 2957 est“

268 3093 317 3156 19.
360 3088 415 3152 llis
438 3089 562 3163 auditis,
591 3091 657 3170 quis
685 3109 745 3154 non
767 3093 898 3154 insaniae
920 3093 1060 3173 deinceps
1083 3111 1135 3154 eos
1157 3091 1322 3162 austroaldi,
1350 3090 1401 3169 qui

175 3191 352 3274 Dionysimn
373 3189 509 3254 drianics
531 3191 644 3254 sentire
666 3191 875 3273 suspicantur?
917 3193 979 3256 Nae
1006 3192 1054 3254 ille
1081 3193 1128 3254 his
1156 3189 1337 3270 argumentis
1365 3189 1402 3252 ab

176 3297 241 3376 ipsa
263 3293 386 3356 veritate
414 3293 555 3373 profectis
584 3301 676 3356 totam
697 3293 760 3356 nni
786 3295 913 3374 proterit
943 3293 1102 3356 haeresim.
1145 3291 1220 3354 Nam
1241 3289 1310 3354 illud
1334 3290 1403 3354 Non

179 3407 246 3460 eret
265 3400 446 3477 priusquam
465 3398 642 3475 gigneretur
656 3379 693 3458 et
707 3395 786 3458 Erec
806 3396 925 3478 quondo
947 3415 1011 3460 oon
1032 3405 1102 3460 eret
1123 3393 1291 3476 splendoris
1311 3409 1401 3456 voca-

178 3495 249 3556 bulo
271 3497 411 3570 confutat,
433 3512 571 3558 necnon
593 3497 640 3558 his
663 3497 776 3559 verbis:
800 3495 909 3571 „Peter
930 3497 994 3559 eius
1015 3515 1165 3577 nunquam
1188 3495 1300 3576 absque
1318 3495 1402 3577 prole

181 3595 267 3656 lnior·
310 3597 382 3660 lllod
414 3605 512 3660 eutem
539 3597 619 3677 quod
647 3597 730 3662 aiunt
755 3617 794 3662 en
821 3600 1103 3664 non-metentibus
1129 3599 1237 3662 refellit
1265 3597 1401 3672 dicendo,

181 3695 308 3760 Verbum
330 3717 395 3762 esse
417 3697 501 3778 quasi
522 3698 644 3762 durium
666 3717 703 3762 ex
723 3701 820 3775 tonte,
849 3709 882 3764 ut
902 3719 1022 3781 germen
1051 3719 1087 3764 ex
1108 3701 1222 3774 radice,
1251 3699 1342 3764 filiurn
1365 3717 1401 3762 ex

179 3806 313 3880 parente,
334 3799 432 3862 lumen
456 3817 491 3862 ex
512 3799 624 3862 lumine
645 3807 675 3862 et
695 3801 783 3864 ritem
805 3820 841 3864 ex
862 3802 931 3866 vite.
977 3801 1064 3875 Quod
1086 3811 1183 3864 autem
1206 3801 1246 3863 illi
1263 3807 1402 3882 separant

181 3985 399 4037 eiurdrmnotornr.
423 3985 484 4036 Editi
503 3978 664 4052 ὁμοιοφυές.
692 3986 767 4036 l’aulo
820 3981 891 4035 doni.
929 3987 1003 4038 l‘anlo
1029 3995 1085 4052 post
1108 3989 1205 4039 taurin.
1225 3987 1293 4040 eolo.
1313 3989 1359 4042 les·
1379 3995 1403 4039 et

180 4061 238 4118 post
256 4051 353 4103 Esurio.
373 4052 441 4105 colb.
460 4054 506 4103 les.
527 4053 564 4103 Er.
576 4051 594 4103 l.
611 4047 658 4100 nol
675 4051 767 4119 σχῆμα
820 4055 857 4104 l'r.
878 4054 895 4104 l.
914 4067 948 4120 με
966 4045 1089 4118 βάλλειν,
1109 4059 1181 4106 etita
1201 4056 1258 4122 legit
1276 4065 1341 4107 retus
1361 4057 1402 4106 lo-

180 4114 235 4169 soi.
819 4129 893 4186 terpr.
929 4122 992 4172 Editi
1008 4136 1065 4172 rere
1084 4137 1138 4174 cnm
1158 4123 1230 4187 Regio
1248 4116 1398 4190 Ιμράλλιν.

216 4203 238 4238 e.
256 4179 306 4236 τόν
330 4197 386 4239 ante
409 4185 516 4254 πατέρα
539 4196 564 4239 rt
588 4201 642 4238 mox
661 4181 693 4236 sd
711 4197 766 4239 ente
851 4223 933 4288 μὴ
957 4223 1013 4288 303·
1038 4223 1136 4275 „mim
1162 4225 1229 4276 colb·
1255 4224 1300 4276 m
1326 4224 1363 4274 fr·
1382 4223 1400 4273 Ι,

180 4247 210 4372 l:
225 4269 283 4386 itt:
300 4257 767 4386 ttttrt‘ll‘lt‘lztltlttll
818 4289 881 4342 een
898 4283 928 4340 ἰν
944 4289 991 4358 rr·
1031 4291 1083 4343 ux
1101 4291 1147 4343 πει
1166 4285 1291 4360 freni-

181 4391 206 4440 in
225 4391 266 4440 lilr.
285 4391 315 4442 de
333 4391 451 4456 Synodis,
476 4393 515 4442 utri
535 4395 594 4443 lrrec
612 4393 683 4443 rerlrs
702 4394 766 4442 rele-
854 4394 877 4443 h.
899 4394 940 4444 Sic
964 4395 1021 4458 lleg.
1040 4395 1138 4445 Teurin.
1163 4393 1208 4444 lea
1233 4393 1306 4443 lircil.
1326 4391 1364 4440 Fr.
1384 4389 1402 4440 Ι.

180 4467 274 4508 runtor.
817 4461 882 4512 Editi
905 4475 962 4512 sero
987 4462 1104 4514 mendose
1122 4460 1171 4510 τοῦ
1189 4455 1228 4516 δέ,
1247 4452 1276 4516 ἐξ
1293 4449 1341 4508 sier
1358 4447 1402 4504 ὅν-

216 4526 233 4576 l.
260 4527 302 4578 Sic
329 4525 387 4590 nee.
412 4527 511 4582 l'eorin.
535 4527 583 4580 les.
624 4527 687 4580 Editi
711 4527 769 4581 reis
821 4539 879 4578 xor
896 4519 990 4580 αὐτόν.
