<?xml version="1.0" encoding="UTF-8"?>
<!DOCTYPE html PUBLIC "-//W3C//DTD XHTML 1.0 Transitional//EN"
    "http://www.w3.org/TR/xhtml1/DTD/xhtml1-transitional.dtd">
<html xmlns="http://www.w3.org/1999/xhtml" xml:lang="en" lang="en">
 <head>
  <title>
</title>
<meta http-equiv="Content-Type" content="text/html;charset=utf-8" />
  <meta name='ocr-system' content='tesseract 3.04.00' />
  <meta name='ocr-capabilities' content='ocr_page ocr_carea ocr_par ocr_line ocrx_word'/>
</head>
<body>
  <div class='ocr_page' id='page_1' title='image "./sanctiathanasii03athagoog_0088.png"; bbox 0 0 3174 5082; ppageno 0'>
   <div class='ocr_carea' id='block_1_1' title="bbox 268 309 1099 373">
    <p class='ocr_par' dir='ltr' id='par_1_1' title="bbox 268 309 1099 373">
     <span class='ocr_line' id='line_1_1' title="bbox 268 309 1099 373; baseline 0 -11"><span class='ocrx_word' id='word_1_1' title='bbox 268 309 309 373; x_wconf 80' lang='grc' dir='ltr'><strong><em>4ο</em></strong></span> <span class='ocrx_word' id='word_1_2' title='bbox 664 319 690 362; x_wconf 86' lang='grc' dir='ltr'><strong><em>ε.</em></strong></span> <span class='ocrx_word' id='word_1_3' title='bbox 706 317 861 362; x_wconf 69' lang='lat' dir='ltr'><strong><em>numu</em></strong></span> <span class='ocrx_word' id='word_1_4' title='bbox 875 317 1099 362; x_wconf 71' lang='grc' dir='ltr'><strong><em>κασσιτνιεεονι</em></strong></span> 
     </span>
    </p>
   </div>
   <div class='ocr_carea' id='block_1_2' title="bbox 180 460 1518 1060">
    <p class='ocr_par' dir='ltr' id='par_1_2' title="bbox 180 460 1518 558">
     <span class='ocr_line' id='line_1_2' title="bbox 180 460 1518 558; baseline -0.008 -11"><span class='ocrx_word' id='word_1_5' title='bbox 180 495 257 546; x_wconf 70' lang='grc' dir='ltr'><strong><em>νων.</em></strong></span> <span class='ocrx_word' id='word_1_6' title='bbox 266 468 432 558; x_wconf 80' lang='grc' dir='ltr'><strong><em>ἑωρακώς,</em></strong></span> <span class='ocrx_word' id='word_1_7' title='bbox 462 467 597 554; x_wconf 73' lang='grc' dir='ltr'><strong><em>ἑώρακε·</em></strong></span> <span class='ocrx_word' id='word_1_8' title='bbox 611 465 669 533; x_wconf 84' lang='grc' dir='ltr'><strong><em>τὸν</em></strong></span> <span class='ocrx_word' id='word_1_9' title='bbox 691 471 820 552; x_wconf 83' lang='grc' dir='ltr'><strong><em>πατέρα</em></strong></span> <span class='ocrx_word' id='word_1_10' title='bbox 828 469 868 548; x_wconf 84' lang='lat'><strong>¹),·</strong></span> <span class='ocrx_word' id='word_1_11' title='bbox 902 460 988 532; x_wconf 81' lang='grc' dir='ltr'><strong><em>οότω</em></strong></span> <span class='ocrx_word' id='word_1_12' title='bbox 1010 466 1071 554; x_wconf 82' lang='grc' dir='ltr'><strong><em>γὰρ</em></strong></span> <span class='ocrx_word' id='word_1_13' title='bbox 1094 461 1181 554; x_wconf 78' lang='grc' dir='ltr'><strong><em>ἡμᾶς</em></strong></span> <span class='ocrx_word' id='word_1_14' title='bbox 1204 467 1237 534; x_wconf 84' lang='grc' dir='ltr'><strong><em>σί</em></strong></span> <span class='ocrx_word' id='word_1_15' title='bbox 1258 463 1350 554; x_wconf 78' lang='grc' dir='ltr'><strong><em>όγιοι</em></strong></span> <span class='ocrx_word' id='word_1_16' title='bbox 1372 469 1518 555; x_wconf 77' lang='grc' dir='ltr'><strong><em>βουλό-</em></strong></span> 
     </span>
    </p>

    <p class='ocr_par' dir='ltr' id='par_1_3' title="bbox 264 566 1516 658">
     <span class='ocr_line' id='line_1_3' title="bbox 264 566 1516 658; baseline -0.002 -18"><span class='ocrx_word' id='word_1_17' title='bbox 264 595 360 658; x_wconf 89' lang='grc' dir='ltr'><strong><em>μενοι</em></strong></span> <span class='ocrx_word' id='word_1_18' title='bbox 381 579 480 648; x_wconf 78' lang='grc' dir='ltr'><strong><em>νοεῖν,</em></strong></span> <span class='ocrx_word' id='word_1_19' title='bbox 503 569 642 646; x_wconf 80' lang='grc' dir='ltr'><strong><em>τοιαῦτα</em></strong></span> <span class='ocrx_word' id='word_1_20' title='bbox 662 566 718 634; x_wconf 85' lang='grc' dir='ltr'><strong><em>καὶ</em></strong></span> <span class='ocrx_word' id='word_1_21' title='bbox 732 567 984 653; x_wconf 87' lang='grc' dir='ltr'><strong><em>παραδείγματα</em></strong></span> <span class='ocrx_word' id='word_1_22' title='bbox 999 567 1171 648; x_wconf 78' lang='grc' dir='ltr'><strong><em>δεδώκασι,</em></strong></span> <span class='ocrx_word' id='word_1_23' title='bbox 1193 567 1351 637; x_wconf 72' lang='grc' dir='ltr'><strong><em>καὶέστιν</em></strong></span> <span class='ocrx_word' id='word_1_24' title='bbox 1363 569 1516 638; x_wconf 78' lang='grc' dir='ltr'><strong><em>ἄτοπον</em></strong></span> 
     </span>
    </p>

    <p class='ocr_par' dir='ltr' id='par_1_4' title="bbox 265 664 1517 759">
     <span class='ocr_line' id='line_1_4' title="bbox 265 664 1517 759; baseline 0.001 -20"><span class='ocrx_word' id='word_1_25' title='bbox 265 673 322 739; x_wconf 84' lang='grc' dir='ltr'><strong><em>καὶ</em></strong></span> <span class='ocrx_word' id='word_1_26' title='bbox 349 673 424 738; x_wconf 94' lang='grc' dir='ltr'><strong><em>λίαν</em></strong></span> <span class='ocrx_word' id='word_1_27' title='bbox 453 664 584 756; x_wconf 83' lang='grc' dir='ltr'><strong><em>όσεβές,</em></strong></span> <span class='ocrx_word' id='word_1_28' title='bbox 618 670 773 748; x_wconf 79' lang='grc' dir='ltr'><strong><em>τοιαύτας</em></strong></span> <span class='ocrx_word' id='word_1_29' title='bbox 801 669 935 756; x_wconf 72' lang='grc' dir='ltr'><strong><em>ἐχούσης</em></strong></span> <span class='ocrx_word' id='word_1_30' title='bbox 961 672 1020 756; x_wconf 80' lang='grc' dir='ltr'><strong><em>τῆς</em></strong></span> <span class='ocrx_word' id='word_1_31' title='bbox 1046 673 1175 759; x_wconf 79' lang='grc' dir='ltr'><strong><em>γραφῆς</em></strong></span> <span class='ocrx_word' id='word_1_32' title='bbox 1195 669 1256 749; x_wconf 78' lang='grc' dir='ltr'><strong><em>τὰς</em></strong></span> <span class='ocrx_word' id='word_1_33' title='bbox 1278 670 1431 751; x_wconf 75' lang='grc' dir='ltr'><strong><em>εἰκόνας,</em></strong></span> <span class='ocrx_word' id='word_1_34' title='bbox 1475 674 1517 753; x_wconf 78' lang='grc' dir='ltr'><strong><em>ἕξ</em></strong></span> 
     </span>
    </p>

    <p class='ocr_par' dir='ltr' id='par_1_5' title="bbox 267 767 1511 962">
     <span class='ocr_line' id='line_1_5' title="bbox 268 767 1511 858; baseline 0.001 -18"><span class='ocrx_word' id='word_1_35' title='bbox 268 771 377 848; x_wconf 77' lang='grc' dir='ltr'><strong><em>ἄλλων</em></strong></span> <span class='ocrx_word' id='word_1_36' title='bbox 399 767 485 857; x_wconf 79' lang='grc' dir='ltr'><strong><em>ἡμᾶς</em></strong></span> <span class='ocrx_word' id='word_1_37' title='bbox 507 769 586 856; x_wconf 85' lang='grc' dir='ltr'><strong><em>περὶ</em></strong></span> <span class='ocrx_word' id='word_1_38' title='bbox 607 773 666 837; x_wconf 81' lang='grc' dir='ltr'><strong><em>τοῦ</em></strong></span> <span class='ocrx_word' id='word_1_39' title='bbox 687 777 799 856; x_wconf 83' lang='grc' dir='ltr'><strong><em>κυρίου</em></strong></span> <span class='ocrx_word' id='word_1_40' title='bbox 822 772 1037 838; x_wconf 75' lang='grc' dir='ltr'><strong><em>διανοεῖσθαι</em></strong></span> <span class='ocrx_word' id='word_1_41' title='bbox 1057 774 1123 838; x_wconf 90' lang='grc' dir='ltr'><strong><em>τῶν</em></strong></span> <span class='ocrx_word' id='word_1_42' title='bbox 1144 769 1227 858; x_wconf 83' lang='grc' dir='ltr'><strong><em>μήτε</em></strong></span> <span class='ocrx_word' id='word_1_43' title='bbox 1248 779 1511 858; x_wconf 72' lang='grc' dir='ltr'><strong><em>γεγραμμένων,</em></strong></span> 
     </span>
     <span class='ocr_line' id='line_1_6' title="bbox 267 867 1050 962; baseline -0.003 -22"><span class='ocrx_word' id='word_1_44' title='bbox 267 872 350 962; x_wconf 82' lang='grc' dir='ltr'><strong><em>μήτε</em></strong></span> <span class='ocrx_word' id='word_1_45' title='bbox 370 871 446 939; x_wconf 88' lang='grc' dir='ltr'><strong><em>τινὰ</em></strong></span> <span class='ocrx_word' id='word_1_46' title='bbox 468 871 618 940; x_wconf 82' lang='grc' dir='ltr'><strong><em>διάνοιαν</em></strong></span> <span class='ocrx_word' id='word_1_47' title='bbox 640 873 687 952; x_wconf 87' lang='grc' dir='ltr'><strong><em>είς</em></strong></span> <span class='ocrx_word' id='word_1_48' title='bbox 709 867 877 957; x_wconf 78' lang='grc' dir='ltr'><strong><em>εὐσέβειαν</em></strong></span> <span class='ocrx_word' id='word_1_49' title='bbox 900 870 1050 956; x_wconf 80' lang='grc' dir='ltr'><strong><em>ίχόντων.</em></strong></span> 
     </span>
    </p>

    <p class='ocr_par' dir='ltr' id='par_1_6' title="bbox 357 964 1510 1060">
     <span class='ocr_line' id='line_1_7' title="bbox 357 964 1510 1060; baseline 0.003 -20"><span class='ocrx_word' id='word_1_50' title='bbox 357 979 404 1041; x_wconf 89' lang='grc'><strong><em>13.</em></strong></span> <span class='ocrx_word' id='word_1_51' title='bbox 454 970 578 1042; x_wconf 79' lang='grc' dir='ltr'><strong><em>Οὐκοῦν</em></strong></span> <span class='ocrx_word' id='word_1_52' title='bbox 599 973 722 1041; x_wconf 88' lang='grc' dir='ltr'><strong><em>λοιπὸν</em></strong></span> <span class='ocrx_word' id='word_1_53' title='bbox 744 975 936 1060; x_wconf 72' lang='grc' dir='ltr'><strong><em>λεγέτωσαν,</em></strong></span> <span class='ocrx_word' id='word_1_54' title='bbox 961 973 1072 1041; x_wconf 79' lang='grc' dir='ltr'><strong><em>πόδεν</em></strong></span> <span class='ocrx_word' id='word_1_55' title='bbox 1095 972 1160 1060; x_wconf 77' lang='grc' dir='ltr'><strong><em>ἄρα</em></strong></span> <span class='ocrx_word' id='word_1_56' title='bbox 1180 973 1237 1041; x_wconf 82' lang='grc' dir='ltr'><strong><em>καὶ</em></strong></span> <span class='ocrx_word' id='word_1_57' title='bbox 1251 964 1343 1042; x_wconf 81' lang='grc' dir='ltr'><strong><em>οὗτοι</em></strong></span> <span class='ocrx_word' id='word_1_58' title='bbox 1358 977 1510 1060; x_wconf 76' lang='grc' dir='ltr'><strong><em>μαθόν-</em></strong></span> 
     </span>
    </p>
   </div>
   <div class='ocr_carea' id='block_1_3' title="bbox 135 1069 1509 4106">
    <p class='ocr_par' dir='ltr' id='par_1_7' title="bbox 135 1069 1509 4106">
     <span class='ocr_line' id='line_1_8' title="bbox 268 1069 1509 1163; baseline 0.002 -23"><span class='ocrx_word' id='word_1_59' title='bbox 268 1099 336 1154; x_wconf 83' lang='grc' dir='ltr'><strong><em>τες,</em></strong></span> <span class='ocrx_word' id='word_1_60' title='bbox 365 1069 403 1162; x_wconf 75' lang='grc' dir='ltr'><strong><em>’ἢ</em></strong></span> <span class='ocrx_word' id='word_1_61' title='bbox 426 1083 516 1156; x_wconf 87' lang='grc' dir='ltr'><strong><em>τίνος</em></strong></span> <span class='ocrx_word' id='word_1_62' title='bbox 544 1072 657 1156; x_wconf 80' lang='grc' dir='ltr'><strong><em>αότοίς</em></strong></span> <span class='ocrx_word' id='word_1_63' title='bbox 679 1073 970 1162; x_wconf 77' lang='grc' dir='ltr'><strong><em>παραδεδωκότος,</em></strong></span> <span class='ocrx_word' id='word_1_64' title='bbox 1001 1077 1140 1142; x_wconf 80' lang='grc' dir='ltr'><strong><em>τοιαῦτα</em></strong></span> <span class='ocrx_word' id='word_1_65' title='bbox 1161 1075 1241 1162; x_wconf 88' lang='grc' dir='ltr'><strong><em>περὶ</em></strong></span> <span class='ocrx_word' id='word_1_66' title='bbox 1260 1079 1319 1142; x_wconf 83' lang='grc' dir='ltr'><strong><em>τοῦ</em></strong></span> <span class='ocrx_word' id='word_1_67' title='bbox 1341 1079 1509 1163; x_wconf 81' lang='grc' dir='ltr'><strong><em>σωτῆρος</em></strong></span> 
     </span>
     <span class='ocr_line' id='line_1_9' title="bbox 267 1173 1506 1266; baseline 0 -22"><span class='ocrx_word' id='word_1_68' title='bbox 267 1173 422 1245; x_wconf 77' lang='grc' dir='ltr'><strong><em>ὑπονοεῖν</em></strong></span> <span class='ocrx_word' id='word_1_69' title='bbox 442 1176 592 1265; x_wconf 81' lang='grc' dir='ltr'><strong><em>ἤρξαντο.</em></strong></span> <span class='ocrx_word' id='word_1_70' title='bbox 631 1175 823 1264; x_wconf 78' lang='grc' dir='ltr'><strong><em>ἀνέγνωμεν,</em></strong></span> <span class='ocrx_word' id='word_1_71' title='bbox 849 1177 1022 1266; x_wconf 76' lang='grc' dir='ltr'><strong><em>φήσουσιν,</em></strong></span> <span class='ocrx_word' id='word_1_72' title='bbox 1046 1177 1081 1245; x_wconf 74' lang='grc' dir='ltr'><strong><em>ἐν</em></strong></span> <span class='ocrx_word' id='word_1_73' title='bbox 1102 1187 1177 1257; x_wconf 75' lang='grc' dir='ltr'><strong><em>ταῖς</em></strong></span> <span class='ocrx_word' id='word_1_74' title='bbox 1198 1183 1416 1264; x_wconf 78' lang='grc' dir='ltr'><strong><em>παροιμίαις·</em></strong></span> <span class='ocrx_word' id='word_1_75' title='bbox 1443 1179 1506 1244; x_wconf 82' lang='grc' dir='ltr'><strong><em>κύ-</em></strong></span> 
     </span>
     <span class='ocr_line' id='line_1_10' title="bbox 265 1275 1503 1370; baseline 0.001 -24"><span class='ocrx_word' id='word_1_76' title='bbox 265 1303 338 1365; x_wconf 91' lang='grc' dir='ltr'><strong><em>ριος</em></strong></span> <span class='ocrx_word' id='word_1_77' title='bbox 364 1279 470 1348; x_wconf 75' lang='grc' dir='ltr'><strong><em>ἕκτισέ</em></strong></span> <span class='ocrx_word' id='word_1_78' title='bbox 488 1307 531 1365; x_wconf 88' lang='grc' dir='ltr'><strong><em>με</em></strong></span> <span class='ocrx_word' id='word_1_79' title='bbox 558 1276 657 1370; x_wconf 76' lang='grc' dir='ltr'><strong><em>ἀρχὴν</em></strong></span> <span class='ocrx_word' id='word_1_80' title='bbox 681 1277 769 1348; x_wconf 83' lang='grc' dir='ltr'><strong><em>ὁδῶν</em></strong></span> <span class='ocrx_word' id='word_1_81' title='bbox 793 1275 894 1346; x_wconf 78' lang='grc' dir='ltr'><strong><em>αὐτοῦ</em></strong></span> <span class='ocrx_word' id='word_1_82' title='bbox 918 1279 965 1358; x_wconf 89' lang='grc' dir='ltr'><strong><em>είς</em></strong></span> <span class='ocrx_word' id='word_1_83' title='bbox 987 1280 1064 1365; x_wconf 71' lang='grc' dir='ltr'><strong><em>ἔργα</em></strong></span> <span class='ocrx_word' id='word_1_84' title='bbox 1087 1275 1227 1361; x_wconf 73' lang='grc' dir='ltr'><strong><em>αὐτοῦ’).</em></strong></span> <span class='ocrx_word' id='word_1_85' title='bbox 1271 1277 1414 1365; x_wconf 79' lang='grc' dir='ltr'><strong><em>καὶγὰρ</em></strong></span> <span class='ocrx_word' id='word_1_86' title='bbox 1441 1283 1503 1347; x_wconf 87' lang='grc' dir='ltr'><strong><em>καὶ</em></strong></span> 
     </span>
     <span class='ocr_line' id='line_1_11' title="bbox 266 1380 1501 1469; baseline -0.001 -20"><span class='ocrx_word' id='word_1_87' title='bbox 266 1382 303 1449; x_wconf 81' lang='grc' dir='ltr'><strong><em>οῖ</em></strong></span> <span class='ocrx_word' id='word_1_88' title='bbox 319 1380 399 1468; x_wconf 86' lang='grc' dir='ltr'><strong><em>περὶ</em></strong></span> <span class='ocrx_word' id='word_1_89' title='bbox 419 1380 580 1468; x_wconf 77' lang='grc' dir='ltr'><strong><em>Εὗσέβιον</em></strong></span> <span class='ocrx_word' id='word_1_90' title='bbox 601 1387 700 1450; x_wconf 81' lang='grc' dir='ltr'><strong><em>τοῦτο</em></strong></span> <span class='ocrx_word' id='word_1_91' title='bbox 723 1384 828 1468; x_wconf 87' lang='grc' dir='ltr'><strong><em>λέγειν</em></strong></span> <span class='ocrx_word' id='word_1_92' title='bbox 851 1381 993 1462; x_wconf 80' lang='grc' dir='ltr'><strong><em>ἐδόκουν,</em></strong></span> <span class='ocrx_word' id='word_1_93' title='bbox 1017 1380 1073 1448; x_wconf 85' lang='grc' dir='ltr'><strong><em>καὶ</em></strong></span> <span class='ocrx_word' id='word_1_94' title='bbox 1094 1380 1134 1448; x_wconf 88' lang='grc' dir='ltr'><strong><em>σὺ</em></strong></span> <span class='ocrx_word' id='word_1_95' title='bbox 1158 1382 1195 1448; x_wconf 76' lang='grc' dir='ltr'><strong><em>δὲ</em></strong></span> <span class='ocrx_word' id='word_1_96' title='bbox 1213 1381 1350 1469; x_wconf 82' lang='grc' dir='ltr'><strong><em>γράφων</em></strong></span> <span class='ocrx_word' id='word_1_97' title='bbox 1367 1380 1501 1467; x_wconf 76' lang='grc' dir='ltr'><strong><em>ἐδήλω-</em></strong></span> 
     </span>
     <span class='ocr_line' id='line_1_12' title="bbox 265 1470 1498 1569; baseline 0 -19"><span class='ocrx_word' id='word_1_98' title='bbox 265 1505 334 1564; x_wconf 90' lang='grc' dir='ltr'><strong><em>σας,</em></strong></span> <span class='ocrx_word' id='word_1_99' title='bbox 358 1480 412 1550; x_wconf 85' lang='grc' dir='ltr'><strong><em>ότι</em></strong></span> <span class='ocrx_word' id='word_1_100' title='bbox 433 1483 490 1551; x_wconf 82' lang='grc' dir='ltr'><strong><em>διὰ</em></strong></span> <span class='ocrx_word' id='word_1_101' title='bbox 511 1486 646 1551; x_wconf 80' lang='grc' dir='ltr'><strong><em>πολλῶν</em></strong></span> <span class='ocrx_word' id='word_1_102' title='bbox 667 1486 738 1569; x_wconf 72' lang='grc' dir='ltr'><strong><em>μὲν</em></strong></span> <span class='ocrx_word' id='word_1_103' title='bbox 750 1479 952 1563; x_wconf 79' lang='grc' dir='ltr'><strong><em>ἀποδείξεων</em></strong></span> <span class='ocrx_word' id='word_1_104' title='bbox 975 1480 1238 1568; x_wconf 80' lang='grc' dir='ltr'><strong><em>ἀνατρεπόμενοι</em></strong></span> <span class='ocrx_word' id='word_1_105' title='bbox 1250 1481 1307 1548; x_wconf 83' lang='grc' dir='ltr'><strong><em>καὶ</em></strong></span> <span class='ocrx_word' id='word_1_106' title='bbox 1321 1470 1420 1548; x_wconf 79' lang='grc' dir='ltr'><strong><em>οὗτοι</em></strong></span> <span class='ocrx_word' id='word_1_107' title='bbox 1436 1509 1498 1550; x_wconf 83' lang='grc' dir='ltr'><strong><em>κα-</em></strong></span> 
     </span>
     <span class='ocr_line' id='line_1_13' title="bbox 263 1579 1497 1672; baseline 0 -21"><span class='ocrx_word' id='word_1_108' title='bbox 263 1585 507 1672; x_wconf 85' lang='grc' dir='ltr'><strong><em>τεγινῶσκσντο,</em></strong></span> <span class='ocrx_word' id='word_1_109' title='bbox 531 1589 628 1651; x_wconf 76' lang='grc' dir='ltr'><strong><em>τοῦτο</em></strong></span> <span class='ocrx_word' id='word_1_110' title='bbox 651 1587 688 1651; x_wconf 77' lang='grc' dir='ltr'><strong><em>δὲ</em></strong></span> <span class='ocrx_word' id='word_1_111' title='bbox 711 1582 800 1669; x_wconf 79' lang='grc' dir='ltr'><strong><em>ὅμως</em></strong></span> <span class='ocrx_word' id='word_1_112' title='bbox 822 1579 916 1650; x_wconf 76' lang='grc' dir='ltr'><strong><em>αὐτοὶ</em></strong></span> <span class='ocrx_word' id='word_1_113' title='bbox 938 1585 977 1650; x_wconf 87' lang='grc' dir='ltr'><strong><em>τό</em></strong></span> <span class='ocrx_word' id='word_1_114' title='bbox 999 1583 1098 1669; x_wconf 80' lang='grc' dir='ltr'><strong><em>ῥητόν</em></strong></span> <span class='ocrx_word' id='word_1_115' title='bbox 1121 1581 1189 1650; x_wconf 83' lang='grc' dir='ltr'><strong><em>όνιο</em></strong></span> <span class='ocrx_word' id='word_1_116' title='bbox 1211 1580 1267 1649; x_wconf 84' lang='grc' dir='ltr'><strong><em>καί</em></strong></span> <span class='ocrx_word' id='word_1_117' title='bbox 1287 1583 1379 1650; x_wconf 79' lang='grc' dir='ltr'><strong><em>κάτω</em></strong></span> <span class='ocrx_word' id='word_1_118' title='bbox 1395 1609 1497 1670; x_wconf 87' lang='grc' dir='ltr'><strong><em>περι-</em></strong></span> 
     </span>
     <span class='ocr_line' id='line_1_14' title="bbox 264 1681 1495 1775; baseline -0.002 -22"><span class='ocrx_word' id='word_1_119' title='bbox 264 1693 429 1774; x_wconf 81' lang='grc' dir='ltr'><strong><em>φέροντες,</em></strong></span> <span class='ocrx_word' id='word_1_120' title='bbox 454 1689 488 1754; x_wconf 73' lang='grc' dir='ltr'><strong><em>ἓν</em></strong></span> <span class='ocrx_word' id='word_1_121' title='bbox 510 1687 576 1752; x_wconf 88' lang='grc' dir='ltr'><strong><em>τῶν</em></strong></span> <span class='ocrx_word' id='word_1_122' title='bbox 597 1686 785 1771; x_wconf 83' lang='grc' dir='ltr'><strong><em>κτισμάτων</em></strong></span> <span class='ocrx_word' id='word_1_123' title='bbox 806 1685 864 1753; x_wconf 89' lang='grc' dir='ltr'><strong><em>τόν</em></strong></span> <span class='ocrx_word' id='word_1_124' title='bbox 887 1686 958 1752; x_wconf 75' lang='grc' dir='ltr'><strong><em>υἱὸν</em></strong></span> <span class='ocrx_word' id='word_1_125' title='bbox 982 1681 1067 1752; x_wconf 81' lang='grc' dir='ltr'><strong><em>εἶναι</em></strong></span> <span class='ocrx_word' id='word_1_126' title='bbox 1091 1686 1208 1771; x_wconf 73' lang='grc' dir='ltr'><strong><em>ἔλεγον,</em></strong></span> <span class='ocrx_word' id='word_1_127' title='bbox 1232 1684 1288 1752; x_wconf 84' lang='grc' dir='ltr'><strong><em>καὶ</em></strong></span> <span class='ocrx_word' id='word_1_128' title='bbox 1309 1695 1384 1763; x_wconf 77' lang='grc' dir='ltr'><strong><em>τοῖς</em></strong></span> <span class='ocrx_word' id='word_1_129' title='bbox 1399 1711 1495 1775; x_wconf 83' lang='grc' dir='ltr'><strong><em>γενη-</em></strong></span> 
     </span>
     <span class='ocr_line' id='line_1_15' title="bbox 263 1783 1492 1876; baseline -0.001 -22"><span class='ocrx_word' id='word_1_130' title='bbox 263 1797 336 1867; x_wconf 86' lang='grc' dir='ltr'><strong><em>τσῒς</em></strong></span> <span class='ocrx_word' id='word_1_131' title='bbox 358 1783 456 1854; x_wconf 77' lang='grc' dir='ltr'><strong><em>αὐτόν</em></strong></span> <span class='ocrx_word' id='word_1_132' title='bbox 480 1793 715 1875; x_wconf 74' lang='grc' dir='ltr'><strong><em>συνηρίδμσυν.</em></strong></span> <span class='ocrx_word' id='word_1_133' title='bbox 761 1783 845 1854; x_wconf 79' lang='grc' dir='ltr'><strong><em>ἀλλὰ</em></strong></span> <span class='ocrx_word' id='word_1_134' title='bbox 872 1787 1047 1854; x_wconf 83' lang='grc' dir='ltr'><strong><em>καὶτοῦτο</em></strong></span> <span class='ocrx_word' id='word_1_135' title='bbox 1071 1789 1206 1853; x_wconf 84' lang='grc' dir='ltr'><strong><em>δοκοῦσί</em></strong></span> <span class='ocrx_word' id='word_1_136' title='bbox 1227 1809 1287 1870; x_wconf 92' lang='grc' dir='ltr'><strong><em>μοι</em></strong></span> <span class='ocrx_word' id='word_1_137' title='bbox 1308 1786 1353 1872; x_wconf 81' lang='grc' dir='ltr'><strong><em>μὴ</em></strong></span> <span class='ocrx_word' id='word_1_138' title='bbox 1377 1812 1492 1876; x_wconf 83' lang='grc' dir='ltr'><strong><em>νενοη·</em></strong></span> 
     </span>
     <span class='ocr_line' id='line_1_16' title="bbox 263 1884 1492 1978; baseline 0.001 -22"><span class='ocrx_word' id='word_1_139' title='bbox 263 1895 354 1956; x_wconf 80' lang='grc' dir='ltr'><strong><em>κέναι</em></strong></span> <span class='ocrx_word' id='word_1_140' title='bbox 376 1891 500 1968; x_wconf 88' lang='grc' dir='ltr'><strong><em>καλῶς·</em></strong></span> <span class='ocrx_word' id='word_1_141' title='bbox 524 1890 589 1973; x_wconf 68' lang='grc' dir='ltr'><strong><em>ἔχει</em></strong></span> <span class='ocrx_word' id='word_1_142' title='bbox 609 1889 670 1975; x_wconf 85' lang='grc' dir='ltr'><strong><em>γὰρ</em></strong></span> <span class='ocrx_word' id='word_1_143' title='bbox 692 1889 750 1978; x_wconf 82' lang='grc' dir='ltr'><strong><em>τὴν</em></strong></span> <span class='ocrx_word' id='word_1_144' title='bbox 773 1889 922 1957; x_wconf 86' lang='grc' dir='ltr'><strong><em>διάνοιαν</em></strong></span> <span class='ocrx_word' id='word_1_145' title='bbox 945 1884 1061 1978; x_wconf 76' lang='grc' dir='ltr'><strong><em>εὐσεβῆ</em></strong></span> <span class='ocrx_word' id='word_1_146' title='bbox 1083 1888 1139 1956; x_wconf 85' lang='grc' dir='ltr'><strong><em>καί</em></strong></span> <span class='ocrx_word' id='word_1_147' title='bbox 1161 1891 1235 1956; x_wconf 88' lang='grc' dir='ltr'><strong><em>λίαν</em></strong></span> <span class='ocrx_word' id='word_1_148' title='bbox 1258 1884 1375 1975; x_wconf 69' lang='grc' dir='ltr'><strong><em>ὀρθήν,</em></strong></span> <span class='ocrx_word' id='word_1_149' title='bbox 1401 1889 1442 1978; x_wconf 82' lang='grc' dir='ltr'><strong><em>ἣν</em></strong></span> <span class='ocrx_word' id='word_1_150' title='bbox 1465 1891 1492 1957; x_wconf 84' lang='grc' dir='ltr'><strong><em>εί</em></strong></span> 
     </span>
     <span class='ocr_line' id='line_1_17' title="bbox 263 1985 1489 2078; baseline -0.002 -20"><span class='ocrx_word' id='word_1_151' title='bbox 263 1989 318 2058; x_wconf 83' lang='grc' dir='ltr'><strong><em>καί</em></strong></span> <span class='ocrx_word' id='word_1_152' title='bbox 341 1987 437 2057; x_wconf 77' lang='grc' dir='ltr'><strong><em>αὐτοὶ</em></strong></span> <span class='ocrx_word' id='word_1_153' title='bbox 458 1990 675 2078; x_wconf 84' lang='grc' dir='ltr'><strong><em>νενοήκεισαν,</em></strong></span> <span class='ocrx_word' id='word_1_154' title='bbox 700 1986 758 2058; x_wconf 78' lang='grc' dir='ltr'><strong><em>οὐκ</em></strong></span> <span class='ocrx_word' id='word_1_155' title='bbox 781 1985 820 2058; x_wconf 78' lang='grc' dir='ltr'><strong><em>όν</em></strong></span> <span class='ocrx_word' id='word_1_156' title='bbox 835 1991 893 2058; x_wconf 88' lang='grc' dir='ltr'><strong><em>τόν</em></strong></span> <span class='ocrx_word' id='word_1_157' title='bbox 908 1991 1022 2078; x_wconf 87' lang='grc' dir='ltr'><strong><em>κόριον</em></strong></span> <span class='ocrx_word' id='word_1_158' title='bbox 1037 1994 1096 2078; x_wconf 80' lang='grc' dir='ltr'><strong><em>τῆς</em></strong></span> <span class='ocrx_word' id='word_1_159' title='bbox 1111 1991 1207 2077; x_wconf 81' lang='grc' dir='ltr'><strong><em>δόξης</em></strong></span> <span class='ocrx_word' id='word_1_160' title='bbox 1223 1989 1489 2078; x_wconf 77' lang='grc' dir='ltr'><strong><em>έβλαςφήμησαν.</em></strong></span> 
     </span>
     <span class='ocr_line' id='line_1_18' title="bbox 263 2091 1491 2182; baseline 0.002 -25"><span class='ocrx_word' id='word_1_161' title='bbox 263 2091 306 2158; x_wconf 81' lang='grc' dir='ltr'><strong><em>τὰ</em></strong></span> <span class='ocrx_word' id='word_1_162' title='bbox 335 2091 397 2177; x_wconf 82' lang='grc' dir='ltr'><strong><em>γὰρ</em></strong></span> <span class='ocrx_word' id='word_1_163' title='bbox 425 2099 647 2182; x_wconf 79' lang='grc' dir='ltr'><strong><em>προειρημένα</em></strong></span> <span class='ocrx_word' id='word_1_164' title='bbox 675 2093 780 2180; x_wconf 68' lang='grc' dir='ltr'><strong><em>ιπρός</em></strong></span> <span class='ocrx_word' id='word_1_165' title='bbox 808 2091 846 2159; x_wconf 89' lang='grc' dir='ltr'><strong><em>τὸ</em></strong></span> <span class='ocrx_word' id='word_1_166' title='bbox 869 2092 967 2181; x_wconf 82' lang='grc' dir='ltr'><strong><em>ῥητόν</em></strong></span> <span class='ocrx_word' id='word_1_167' title='bbox 988 2095 1086 2159; x_wconf 82' lang='grc' dir='ltr'><strong><em>τοῦτο</em></strong></span> <span class='ocrx_word' id='word_1_168' title='bbox 1110 2091 1406 2176; x_wconf 78' lang='grc' dir='ltr'><strong><em>συμβαλλέτωσαν,</em></strong></span> <span class='ocrx_word' id='word_1_169' title='bbox 1435 2092 1491 2170; x_wconf 81' lang='grc' dir='ltr'><strong><em>καί</em></strong></span> 
     </span>
     <span class='ocr_line' id='line_1_19' title="bbox 265 2187 1490 2284; baseline 0.002 -26"><span class='ocrx_word' id='word_1_170' title='bbox 265 2190 409 2278; x_wconf 79' lang='grc' dir='ltr'><strong><em>ὄψονται</em></strong></span> <span class='ocrx_word' id='word_1_171' title='bbox 431 2195 556 2284; x_wconf 83' lang='grc' dir='ltr'><strong><em>πολλὴν</em></strong></span> <span class='ocrx_word' id='word_1_172' title='bbox 579 2195 611 2262; x_wconf 84' lang='grc' dir='ltr'><strong><em>ίν</em></strong></span> <span class='ocrx_word' id='word_1_173' title='bbox 634 2190 748 2274; x_wconf 76' lang='grc' dir='ltr'><strong><em>αὐτοῖς</em></strong></span> <span class='ocrx_word' id='word_1_174' title='bbox 770 2187 872 2262; x_wconf 75' lang='grc' dir='ltr'><strong><em>οὖσαν</em></strong></span> <span class='ocrx_word' id='word_1_175' title='bbox 893 2194 951 2282; x_wconf 79' lang='grc' dir='ltr'><strong><em>τὴν</em></strong></span> <span class='ocrx_word' id='word_1_176' title='bbox 975 2194 1148 2282; x_wconf 86' lang='grc' dir='ltr'><strong><em>διαφοράν.</em></strong></span> <span class='ocrx_word' id='word_1_177' title='bbox 1193 2199 1245 2272; x_wconf 89' lang='grc' dir='ltr'><strong><em>τίς</em></strong></span> <span class='ocrx_word' id='word_1_178' title='bbox 1265 2192 1326 2278; x_wconf 87' lang='grc' dir='ltr'><strong><em>γὰρ</em></strong></span> <span class='ocrx_word' id='word_1_179' title='bbox 1349 2189 1390 2258; x_wconf 78' lang='grc' dir='ltr'><strong><em>οὐ</em></strong></span> <span class='ocrx_word' id='word_1_180' title='bbox 1414 2217 1490 2260; x_wconf 90' lang='grc' dir='ltr'><strong><em>συν-</em></strong></span> 
     </span>
     <span class='ocr_line' id='line_1_20' title="bbox 264 2291 1490 2382; baseline 0.002 -22"><span class='ocrx_word' id='word_1_181' title='bbox 264 2295 326 2382; x_wconf 79' lang='grc' dir='ltr'><strong><em>ορᾷ</em></strong></span> <span class='ocrx_word' id='word_1_182' title='bbox 360 2292 509 2360; x_wconf 79' lang='grc' dir='ltr'><strong><em>διάνοιαν</em></strong></span> <span class='ocrx_word' id='word_1_183' title='bbox 539 2295 619 2378; x_wconf 72' lang='grc' dir='ltr'><strong><em>ἔχων</em></strong></span> <span class='ocrx_word' id='word_1_184' title='bbox 649 2291 769 2382; x_wconf 76' lang='grc' dir='ltr'><strong><em>ὀρθήν,</em></strong></span> <span class='ocrx_word' id='word_1_185' title='bbox 805 2292 858 2362; x_wconf 83' lang='grc' dir='ltr'><strong><em>ότι</em></strong></span> <span class='ocrx_word' id='word_1_186' title='bbox 888 2295 930 2362; x_wconf 84' lang='grc' dir='ltr'><strong><em>τὰ</em></strong></span> <span class='ocrx_word' id='word_1_187' title='bbox 951 2293 1206 2382; x_wconf 78' lang='grc' dir='ltr'><strong><em>μὲνκτιζόμενα</em></strong></span> <span class='ocrx_word' id='word_1_188' title='bbox 1226 2292 1282 2360; x_wconf 86' lang='grc' dir='ltr'><strong><em>καὶ</em></strong></span> <span class='ocrx_word' id='word_1_189' title='bbox 1303 2293 1490 2378; x_wconf 82' lang='grc' dir='ltr'><strong><em>ποιεόμενα</em></strong></span> 
     </span>
     <span class='ocr_line' id='line_1_21' title="bbox 146 2392 1488 2480; baseline -0.004 -12"><span class='ocrx_word' id='word_1_190' title='bbox 146 2463 148 2468; x_wconf 83' lang='grc'>.</span> <span class='ocrx_word' id='word_1_191' title='bbox 263 2396 388 2477; x_wconf 73' lang='grc' dir='ltr'><strong><em>ἔξωθεν</em></strong></span> <span class='ocrx_word' id='word_1_192' title='bbox 410 2399 469 2464; x_wconf 80' lang='grc' dir='ltr'><strong><em>τοῦ</em></strong></span> <span class='ocrx_word' id='word_1_193' title='bbox 492 2401 685 2478; x_wconf 81' lang='grc' dir='ltr'><strong><em>ποιοῦντος,</em></strong></span> <span class='ocrx_word' id='word_1_194' title='bbox 716 2393 794 2464; x_wconf 84' lang='grc' dir='ltr'><strong><em>όδὲ</em></strong></span> <span class='ocrx_word' id='word_1_195' title='bbox 816 2395 901 2477; x_wconf 76' lang='grc' dir='ltr'><strong><em>υἱός,</em></strong></span> <span class='ocrx_word' id='word_1_196' title='bbox 932 2392 977 2475; x_wconf 89' lang='grc' dir='ltr'><strong><em>ῶς</em></strong></span> <span class='ocrx_word' id='word_1_197' title='bbox 1000 2396 1034 2463; x_wconf 80' lang='grc' dir='ltr'><strong><em>ἐν</em></strong></span> <span class='ocrx_word' id='word_1_198' title='bbox 1055 2407 1128 2474; x_wconf 79' lang='grc' dir='ltr'><strong><em>τοῖς</em></strong></span> <span class='ocrx_word' id='word_1_199' title='bbox 1151 2395 1343 2480; x_wconf 69' lang='grc' dir='ltr'><strong><em>ἔμπροσθεν</em></strong></span> <span class='ocrx_word' id='word_1_200' title='bbox 1367 2395 1488 2476; x_wconf 68' lang='grc' dir='ltr'><strong><em>ἔδειξεν</em></strong></span> 
     </span>
     <span class='ocr_line' id='line_1_22' title="bbox 264 2491 1490 2583; baseline 0.003 -23"><span class='ocrx_word' id='word_1_201' title='bbox 264 2491 281 2560; x_wconf 88' lang='grc' dir='ltr'><strong><em>ό</em></strong></span> <span class='ocrx_word' id='word_1_202' title='bbox 305 2495 409 2580; x_wconf 88' lang='grc' dir='ltr'><strong><em>λόγος,</em></strong></span> <span class='ocrx_word' id='word_1_203' title='bbox 434 2493 491 2562; x_wconf 77' lang='grc' dir='ltr'><strong><em>οὐκ</em></strong></span> <span class='ocrx_word' id='word_1_204' title='bbox 514 2499 639 2576; x_wconf 72' lang='grc' dir='ltr'><strong><em>’ἔξωθεν</em></strong></span> <span class='ocrx_word' id='word_1_205' title='bbox 662 2493 730 2564; x_wconf 78' lang='grc' dir='ltr'><strong><em>ἀλλ’</em></strong></span> <span class='ocrx_word' id='word_1_206' title='bbox 756 2498 790 2564; x_wconf 78' lang='grc' dir='ltr'><strong><em>ἐκ</em></strong></span> <span class='ocrx_word' id='word_1_207' title='bbox 811 2501 869 2563; x_wconf 81' lang='grc' dir='ltr'><strong><em>τοῦ</em></strong></span> <span class='ocrx_word' id='word_1_208' title='bbox 885 2501 1063 2582; x_wconf 81' lang='grc' dir='ltr'><strong><em>γεννῶντος</em></strong></span> <span class='ocrx_word' id='word_1_209' title='bbox 1083 2495 1228 2583; x_wconf 71' lang='grc' dir='ltr'><strong><em>’πατρὸς</em></strong></span> <span class='ocrx_word' id='word_1_210' title='bbox 1243 2492 1401 2583; x_wconf 69' lang='grc' dir='ltr'><strong><em>ὑπάρχεις</em></strong></span> <span class='ocrx_word' id='word_1_211' title='bbox 1433 2497 1490 2565; x_wconf 81' lang='grc' dir='ltr'><strong><em>καὶ</em></strong></span> 
     </span>
     <span class='ocr_line' id='line_1_23' title="bbox 262 2593 1487 2686; baseline 0.003 -25"><span class='ocrx_word' id='word_1_212' title='bbox 262 2596 324 2682; x_wconf 83' lang='grc' dir='ltr'><strong><em>γὰρ</em></strong></span> <span class='ocrx_word' id='word_1_213' title='bbox 352 2593 535 2680; x_wconf 68' lang='grc' dir='ltr'><strong><em>ἄνθρωπος</em></strong></span> <span class='ocrx_word' id='word_1_214' title='bbox 562 2599 663 2677; x_wconf 88' lang='grc' dir='ltr'><strong><em>κτίζει</em></strong></span> <span class='ocrx_word' id='word_1_215' title='bbox 689 2601 749 2681; x_wconf 79' lang='grc' dir='ltr'><strong><em>μὲν</em></strong></span> <span class='ocrx_word' id='word_1_216' title='bbox 773 2598 893 2678; x_wconf 77' lang='grc' dir='ltr'><strong><em>οἰκίαν,</em></strong></span> <span class='ocrx_word' id='word_1_217' title='bbox 922 2601 1018 2686; x_wconf 82' lang='grc' dir='ltr'><strong><em>γεννᾷ</em></strong></span> <span class='ocrx_word' id='word_1_218' title='bbox 1041 2599 1076 2664; x_wconf 76' lang='grc' dir='ltr'><strong><em>δὲ</em></strong></span> <span class='ocrx_word' id='word_1_219' title='bbox 1099 2596 1186 2678; x_wconf 81' lang='grc' dir='ltr'><strong><em>υἱόν,</em></strong></span> <span class='ocrx_word' id='word_1_220' title='bbox 1215 2597 1272 2664; x_wconf 84' lang='grc' dir='ltr'><strong><em>καὶ</em></strong></span> <span class='ocrx_word' id='word_1_221' title='bbox 1294 2593 1351 2664; x_wconf 77' lang='grc' dir='ltr'><strong><em>οὐκ</em></strong></span> <span class='ocrx_word' id='word_1_222' title='bbox 1371 2596 1413 2664; x_wconf 76' lang='grc' dir='ltr'><strong><em>ἄν</em></strong></span> <span class='ocrx_word' id='word_1_223' title='bbox 1434 2625 1487 2678; x_wconf 88' lang='grc' dir='ltr'><strong><em>τις</em></strong></span> 
     </span>
     <span class='ocr_line' id='line_1_24' title="bbox 263 2689 1486 2788; baseline 0.001 -27"><span class='ocrx_word' id='word_1_224' title='bbox 263 2689 479 2782; x_wconf 84' lang='grc' dir='ltr'><strong><em>όναστρέφων</em></strong></span> <span class='ocrx_word' id='word_1_225' title='bbox 503 2699 596 2764; x_wconf 83' lang='grc' dir='ltr'><strong><em>ε’ίποι</em></strong></span> <span class='ocrx_word' id='word_1_226' title='bbox 616 2698 675 2785; x_wconf 79' lang='grc' dir='ltr'><strong><em>τὴν</em></strong></span> <span class='ocrx_word' id='word_1_227' title='bbox 689 2701 749 2783; x_wconf 81' lang='grc' dir='ltr'><strong><em>μὲν</em></strong></span> <span class='ocrx_word' id='word_1_228' title='bbox 766 2701 871 2766; x_wconf 83' lang='grc' dir='ltr'><strong><em>οίκίαν</em></strong></span> <span class='ocrx_word' id='word_1_229' title='bbox 885 2703 939 2767; x_wconf 84' lang='grc' dir='ltr'><strong><em>καί</em></strong></span> <span class='ocrx_word' id='word_1_230' title='bbox 954 2699 1013 2788; x_wconf 85' lang='grc' dir='ltr'><strong><em>τὴν</em></strong></span> <span class='ocrx_word' id='word_1_231' title='bbox 1029 2703 1107 2767; x_wconf 80' lang='grc' dir='ltr'><strong><em>ναῶν</em></strong></span> <span class='ocrx_word' id='word_1_232' title='bbox 1122 2703 1306 2786; x_wconf 72' lang='grc' dir='ltr'><strong><em>γεννᾶσθαι</em></strong></span> <span class='ocrx_word' id='word_1_233' title='bbox 1320 2698 1406 2782; x_wconf 80' lang='grc' dir='ltr'><strong><em>παρὰ</em></strong></span> <span class='ocrx_word' id='word_1_234' title='bbox 1419 2705 1486 2763; x_wconf 80' lang='grc' dir='ltr'><strong><em>τοῦ</em></strong></span> 
     </span>
     <span class='ocr_line' id='line_1_25' title="bbox 262 2795 1494 2886; baseline 0.002 -24"><span class='ocrx_word' id='word_1_235' title='bbox 262 2795 566 2880; x_wconf 86' lang='grc' dir='ltr'><strong><em>κατασκευάζοντος,</em></strong></span> <span class='ocrx_word' id='word_1_236' title='bbox 590 2797 648 2866; x_wconf 90' lang='grc' dir='ltr'><strong><em>τόν</em></strong></span> <span class='ocrx_word' id='word_1_237' title='bbox 670 2801 706 2866; x_wconf 83' lang='grc' dir='ltr'><strong><em>δὲ</em></strong></span> <span class='ocrx_word' id='word_1_238' title='bbox 729 2800 800 2867; x_wconf 81' lang='grc' dir='ltr'><strong><em>υἱόν</em></strong></span> <span class='ocrx_word' id='word_1_239' title='bbox 821 2801 1014 2882; x_wconf 57' lang='grc' dir='ltr'><strong><em>ἆκτίζεσθαι</em></strong></span> <span class='ocrx_word' id='word_1_240' title='bbox 1036 2801 1091 2868; x_wconf 87' lang='grc' dir='ltr'><strong><em>καί</em></strong></span> <span class='ocrx_word' id='word_1_241' title='bbox 1113 2805 1294 2868; x_wconf 65' lang='grc' dir='ltr'><strong><em>ποιεῖσθαι</em></strong></span> <span class='ocrx_word' id='word_1_242' title='bbox 1315 2797 1400 2886; x_wconf 79' lang='grc' dir='ltr'><strong><em>παρὰ</em></strong></span> <span class='ocrx_word' id='word_1_243' title='bbox 1421 2803 1494 2866; x_wconf 77' lang='grc' dir='ltr'><strong><em>τοῦ·</em></strong></span> 
     </span>
     <span class='ocr_line' id='line_1_26' title="bbox 253 2893 1484 2990; baseline 0.006 -29"><span class='ocrx_word' id='word_1_244' title='bbox 253 2893 373 2979; x_wconf 78' lang='grc' dir='ltr'><strong><em>αὐτοῦ,</em></strong></span> <span class='ocrx_word' id='word_1_245' title='bbox 398 2894 474 2967; x_wconf 80' lang='grc' dir='ltr'><strong><em>οὐδὲ</em></strong></span> <span class='ocrx_word' id='word_1_246' title='bbox 496 2899 598 2969; x_wconf 86' lang='grc' dir='ltr'><strong><em>πάλιν</em></strong></span> <span class='ocrx_word' id='word_1_247' title='bbox 621 2899 678 2990; x_wconf 80' lang='grc' dir='ltr'><strong><em>τὴν</em></strong></span> <span class='ocrx_word' id='word_1_248' title='bbox 699 2905 759 2988; x_wconf 75' lang='grc' dir='ltr'><strong><em>μέν</em></strong></span> <span class='ocrx_word' id='word_1_249' title='bbox 782 2903 888 2970; x_wconf 86' lang='grc' dir='ltr'><strong><em>οίκίαν</em></strong></span> <span class='ocrx_word' id='word_1_250' title='bbox 905 2901 1013 2971; x_wconf 81' lang='grc' dir='ltr'><strong><em>εἰκόνα</em></strong></span> <span class='ocrx_word' id='word_1_251' title='bbox 1026 2907 1085 2969; x_wconf 84' lang='grc' dir='ltr'><strong><em>τοῦ</em></strong></span> <span class='ocrx_word' id='word_1_252' title='bbox 1101 2903 1275 2984; x_wconf 88' lang='grc' dir='ltr'><strong><em>κτίζοντος,</em></strong></span> <span class='ocrx_word' id='word_1_253' title='bbox 1297 2901 1484 2969; x_wconf 76' lang='grc' dir='ltr'><strong><em>τόνδὲυὶὸν</em></strong></span> 
     </span>
     <span class='ocr_line' id='line_1_27' title="bbox 262 2997 1484 3092; baseline 0.001 -25"><span class='ocrx_word' id='word_1_254' title='bbox 262 2997 420 3087; x_wconf 77' lang='grc' dir='ltr'><strong><em>ἀνόμοιον</em></strong></span> <span class='ocrx_word' id='word_1_255' title='bbox 448 3007 506 3070; x_wconf 80' lang='grc' dir='ltr'><strong><em>τοῦ</em></strong></span> <span class='ocrx_word' id='word_1_256' title='bbox 533 3009 727 3092; x_wconf 86' lang='grc' dir='ltr'><strong><em>γεννῶντος·</em></strong></span> <span class='ocrx_word' id='word_1_257' title='bbox 758 3001 843 3074; x_wconf 80' lang='grc' dir='ltr'><strong><em>ἀλλὰ</em></strong></span> <span class='ocrx_word' id='word_1_258' title='bbox 868 3008 994 3091; x_wconf 81' lang='grc' dir='ltr'><strong><em>μᾶλλον</em></strong></span> <span class='ocrx_word' id='word_1_259' title='bbox 1016 3003 1092 3070; x_wconf 72' lang='grc' dir='ltr'><strong><em>’τόν</em></strong></span> <span class='ocrx_word' id='word_1_260' title='bbox 1120 3005 1180 3088; x_wconf 79' lang='grc' dir='ltr'><strong><em>μέν</em></strong></span> <span class='ocrx_word' id='word_1_261' title='bbox 1202 3003 1274 3071; x_wconf 77' lang='grc' dir='ltr'><strong><em>υἱόν</em></strong></span> <span class='ocrx_word' id='word_1_262' title='bbox 1297 3003 1406 3070; x_wconf 88' lang='grc' dir='ltr'><strong><em>είκόνα</em></strong></span> <span class='ocrx_word' id='word_1_263' title='bbox 1425 3007 1484 3070; x_wconf 80' lang='grc' dir='ltr'><strong><em>τοῦ</em></strong></span> 
     </span>
     <span class='ocr_line' id='line_1_28' title="bbox 135 3098 1481 3198; baseline 0.001 -28"><span class='ocrx_word' id='word_1_264' title='bbox 135 3173 141 3198; x_wconf 46' lang='grc' dir='ltr'>ι</span> <span class='ocrx_word' id='word_1_265' title='bbox 185 3167 191 3186; x_wconf 78' lang='grc'><strong><em>,</em></strong></span> <span class='ocrx_word' id='word_1_266' title='bbox 260 3102 387 3192; x_wconf 90' lang='grc' dir='ltr'><strong><em>πατρός</em></strong></span> <span class='ocrx_word' id='word_1_267' title='bbox 410 3100 614 3196; x_wconf 82' lang='grc' dir='ltr'><strong><em>ὁμολογήσει,</em></strong></span> <span class='ocrx_word' id='word_1_268' title='bbox 638 3108 696 3197; x_wconf 85' lang='grc' dir='ltr'><strong><em>τὴν</em></strong></span> <span class='ocrx_word' id='word_1_269' title='bbox 719 3110 755 3176; x_wconf 74' lang='grc' dir='ltr'><strong><em>δὲ</em></strong></span> <span class='ocrx_word' id='word_1_270' title='bbox 778 3109 884 3176; x_wconf 80' lang='grc' dir='ltr'><strong><em>οἰκίαν</em></strong></span> <span class='ocrx_word' id='word_1_271' title='bbox 906 3098 1018 3195; x_wconf 86' lang='grc' dir='ltr'><strong><em>τέχνης</em></strong></span> <span class='ocrx_word' id='word_1_272' title='bbox 1034 3102 1119 3174; x_wconf 79' lang='grc' dir='ltr'><strong><em>εἶναι</em></strong></span> <span class='ocrx_word' id='word_1_273' title='bbox 1135 3105 1371 3194; x_wconf 75' lang='grc' dir='ltr'><strong><em>δημιούργημα,</em></strong></span> <span class='ocrx_word' id='word_1_274' title='bbox 1396 3105 1426 3172; x_wconf 82' lang='grc' dir='ltr'><strong><em>εἷ</em></strong></span> <span class='ocrx_word' id='word_1_275' title='bbox 1439 3105 1481 3192; x_wconf 81' lang='grc' dir='ltr'><strong><em>μή</em></strong></span> 
     </span>
     <span class='ocr_line' id='line_1_29' title="bbox 258 3203 1483 3298; baseline -0.001 -25"><span class='ocrx_word' id='word_1_276' title='bbox 258 3231 310 3286; x_wconf 90' lang='grc' dir='ltr'><strong><em>τις</em></strong></span> <span class='ocrx_word' id='word_1_277' title='bbox 338 3203 403 3293; x_wconf 69' lang='grc' dir='ltr'><strong><em>ἄρα</em></strong></span> <span class='ocrx_word' id='word_1_278' title='bbox 431 3207 489 3298; x_wconf 78' lang='grc' dir='ltr'><strong><em>τὴν</em></strong></span> <span class='ocrx_word' id='word_1_279' title='bbox 512 3210 662 3279; x_wconf 87' lang='grc' dir='ltr'><strong><em>διάνοιαν</em></strong></span> <span class='ocrx_word' id='word_1_280' title='bbox 685 3217 799 3296; x_wconf 85' lang='grc' dir='ltr'><strong><em>νοσοίη</em></strong></span> <span class='ocrx_word' id='word_1_281' title='bbox 822 3209 958 3288; x_wconf 83' lang='grc' dir='ltr'><strong><em>καὶτὰς</em></strong></span> <span class='ocrx_word' id='word_1_282' title='bbox 982 3213 1105 3296; x_wconf 81' lang='grc' dir='ltr'><strong><em>φρένας</em></strong></span> <span class='ocrx_word' id='word_1_283' title='bbox 1126 3206 1376 3294; x_wconf 73' lang='grc' dir='ltr'><strong><em>παρεξεστηκός</em></strong></span> <span class='ocrx_word' id='word_1_284' title='bbox 1395 3207 1483 3291; x_wconf 66' lang='grc' dir='ltr'><strong><em>’τυγ-</em></strong></span> 
     </span>
     <span class='ocr_line' id='line_1_30' title="bbox 256 3304 1483 3408; baseline 0 -35"><span class='ocrx_word' id='word_1_285' title='bbox 256 3305 362 3390; x_wconf 82' lang='grc' dir='ltr'><strong><em>χάνοι.</em></strong></span> <span class='ocrx_word' id='word_1_286' title='bbox 399 3304 513 3391; x_wconf 74' lang='grc' dir='ltr'><strong><em>ἀμέλει</em></strong></span> <span class='ocrx_word' id='word_1_287' title='bbox 535 3310 669 3376; x_wconf 85' lang='grc' dir='ltr'><strong><em>πάντων</em></strong></span> <span class='ocrx_word' id='word_1_288' title='bbox 691 3311 818 3392; x_wconf 83' lang='grc' dir='ltr'><strong><em>μᾶλλον</em></strong></span> <span class='ocrx_word' id='word_1_289' title='bbox 840 3307 956 3394; x_wconf 73' lang='grc' dir='ltr'><strong><em>ἡθεία</em></strong></span> <span class='ocrx_word' id='word_1_290' title='bbox 976 3309 1095 3408; x_wconf 78' lang='grc' dir='ltr'><strong><em>γραφή,</em></strong></span> <span class='ocrx_word' id='word_1_291' title='bbox 1119 3308 1325 3395; x_wconf 79' lang='grc' dir='ltr'><strong><em>γινώσκοντα</em></strong></span> <span class='ocrx_word' id='word_1_292' title='bbox 1338 3307 1397 3395; x_wconf 79' lang='grc' dir='ltr'><strong><em>τὴν</em></strong></span> <span class='ocrx_word' id='word_1_293' title='bbox 1413 3307 1483 3374; x_wconf 74' lang='grc' dir='ltr'><strong><em>ἑκό-</em></strong></span> 
     </span>
     <span class='ocr_line' id='line_1_31' title="bbox 261 3406 1482 3496; baseline 0.001 -24"><span class='ocrx_word' id='word_1_294' title='bbox 261 3430 341 3473; x_wconf 89' lang='grc' dir='ltr'><strong><em>στοο</em></strong></span> <span class='ocrx_word' id='word_1_295' title='bbox 370 3408 486 3493; x_wconf 83' lang='grc' dir='ltr'><strong><em>φύσιν,</em></strong></span> <span class='ocrx_word' id='word_1_296' title='bbox 523 3407 601 3494; x_wconf 80' lang='grc' dir='ltr'><strong><em>περὶ</em></strong></span> <span class='ocrx_word' id='word_1_297' title='bbox 629 3409 688 3490; x_wconf 77' lang='grc' dir='ltr'><strong><em>μὲν</em></strong></span> <span class='ocrx_word' id='word_1_298' title='bbox 718 3411 784 3472; x_wconf 87' lang='grc' dir='ltr'><strong><em>τῶν</em></strong></span> <span class='ocrx_word' id='word_1_299' title='bbox 807 3410 1001 3493; x_wconf 82' lang='grc' dir='ltr'><strong><em>κτιζομένων</em></strong></span> <span class='ocrx_word' id='word_1_300' title='bbox 1025 3409 1081 3477; x_wconf 83' lang='grc' dir='ltr'><strong><em>διὰ</em></strong></span> <span class='ocrx_word' id='word_1_301' title='bbox 1103 3415 1277 3488; x_wconf 83' lang='grc' dir='ltr'><strong><em>Μωυσέως</em></strong></span> <span class='ocrx_word' id='word_1_302' title='bbox 1300 3414 1418 3496; x_wconf 88' lang='grc' dir='ltr'><strong><em>φησίν·</em></strong></span> <span class='ocrx_word' id='word_1_303' title='bbox 1449 3406 1482 3473; x_wconf 75' lang='grc' dir='ltr'><strong><em>ἓν</em></strong></span> 
     </span>
     <span class='ocr_line' id='line_1_32' title="bbox 261 3501 1480 3602; baseline 0.003 -31"><span class='ocrx_word' id='word_1_304' title='bbox 261 3501 342 3592; x_wconf 82' lang='grc' dir='ltr'><strong><em>όρχῇ</em></strong></span> <span class='ocrx_word' id='word_1_305' title='bbox 366 3505 521 3593; x_wconf 73' lang='grc' dir='ltr'><strong><em>ἐποίησεν</em></strong></span> <span class='ocrx_word' id='word_1_306' title='bbox 545 3503 562 3571; x_wconf 87' lang='grc' dir='ltr'><strong><em>ό</em></strong></span> <span class='ocrx_word' id='word_1_307' title='bbox 584 3507 667 3586; x_wconf 72' lang='grc' dir='ltr'><strong><em>θεός</em></strong></span> <span class='ocrx_word' id='word_1_308' title='bbox 688 3506 745 3576; x_wconf 89' lang='grc' dir='ltr'><strong><em>τὸν</em></strong></span> <span class='ocrx_word' id='word_1_309' title='bbox 768 3503 905 3602; x_wconf 75' lang='grc' dir='ltr'><strong><em>οὐρανὸν</em></strong></span> <span class='ocrx_word' id='word_1_310' title='bbox 928 3510 983 3576; x_wconf 85' lang='grc' dir='ltr'><strong><em>καὶ</em></strong></span> <span class='ocrx_word' id='word_1_311' title='bbox 1004 3511 1061 3596; x_wconf 85' lang='grc' dir='ltr'><strong><em>τὴν</em></strong></span> <span class='ocrx_word' id='word_1_312' title='bbox 1076 3514 1180 3598; x_wconf 69' lang='grc' dir='ltr'><strong><em>γῆν”)·</em></strong></span> <span class='ocrx_word' id='word_1_313' title='bbox 1204 3510 1480 3598; x_wconf 78' lang='grc' dir='ltr'><strong><em>περὶδὲτοῧυλσῦ</em></strong></span> 
     </span>
     <span class='ocr_line' id='line_1_33' title="bbox 261 3600 1481 3699; baseline 0.005 -28"><span class='ocrx_word' id='word_1_314' title='bbox 261 3600 319 3688; x_wconf 81' lang='grc' dir='ltr'><strong><em>οὐχ</em></strong></span> <span class='ocrx_word' id='word_1_315' title='bbox 342 3605 461 3690; x_wconf 67' lang='grc' dir='ltr'><strong><em>ἕτερον,</em></strong></span> <span class='ocrx_word' id='word_1_316' title='bbox 486 3600 555 3672; x_wconf 74' lang='grc' dir='ltr'><strong><em>ἀλλ’</em></strong></span> <span class='ocrx_word' id='word_1_317' title='bbox 580 3603 679 3676; x_wconf 77' lang='grc' dir='ltr'><strong><em>αὐτόν</em></strong></span> <span class='ocrx_word' id='word_1_318' title='bbox 701 3609 758 3676; x_wconf 90' lang='grc' dir='ltr'><strong><em>τόν</em></strong></span> <span class='ocrx_word' id='word_1_319' title='bbox 780 3619 909 3698; x_wconf 87' lang='grc' dir='ltr'><strong><em>πατέρα</em></strong></span> <span class='ocrx_word' id='word_1_320' title='bbox 932 3619 1084 3699; x_wconf 89' lang='grc' dir='ltr'><strong><em>σημαίνει</em></strong></span> <span class='ocrx_word' id='word_1_321' title='bbox 1106 3614 1258 3697; x_wconf 83' lang='grc' dir='ltr'><strong><em>λέγοντα·</em></strong></span> <span class='ocrx_word' id='word_1_322' title='bbox 1288 3611 1322 3678; x_wconf 79' lang='grc' dir='ltr'><strong><em>έν</em></strong></span> <span class='ocrx_word' id='word_1_323' title='bbox 1344 3611 1481 3698; x_wconf 90' lang='grc' dir='ltr'><strong><em>γαστρός</em></strong></span> 
     </span>
     <span class='ocr_line' id='line_1_34' title="bbox 260 3705 1480 3800; baseline 0.006 -28"><span class='ocrx_word' id='word_1_324' title='bbox 260 3705 327 3793; x_wconf 87' lang='grc' dir='ltr'><strong><em>πρὸ</em></strong></span> <span class='ocrx_word' id='word_1_325' title='bbox 350 3705 519 3794; x_wconf 82' lang='grc' dir='ltr'><strong><em>ἕωςφόρου</em></strong></span> <span class='ocrx_word' id='word_1_326' title='bbox 542 3707 695 3800; x_wconf 78' lang='grc' dir='ltr'><strong><em>ἓγέυνησό</em></strong></span> <span class='ocrx_word' id='word_1_327' title='bbox 717 3717 800 3794; x_wconf 46' lang='grc' dir='ltr'><strong><em>σελγ·</em></strong></span> <span class='ocrx_word' id='word_1_328' title='bbox 822 3711 877 3780; x_wconf 84' lang='grc' dir='ltr'><strong><em>καί</em></strong></span> <span class='ocrx_word' id='word_1_329' title='bbox 900 3713 1017 3780; x_wconf 88' lang='grc' dir='ltr'><strong><em>πάλιν·</em></strong></span> <span class='ocrx_word' id='word_1_330' title='bbox 1040 3713 1112 3792; x_wconf 80' lang='grc' dir='ltr'><strong><em>υἱός</em></strong></span> <span class='ocrx_word' id='word_1_331' title='bbox 1132 3737 1196 3798; x_wconf 91' lang='grc' dir='ltr'><strong><em>μου</em></strong></span> <span class='ocrx_word' id='word_1_332' title='bbox 1220 3708 1250 3780; x_wconf 82' lang='grc' dir='ltr'><strong><em>εἶ</em></strong></span> <span class='ocrx_word' id='word_1_333' title='bbox 1272 3711 1321 3793; x_wconf 83' lang='grc' dir='ltr'><strong><em>σύ,</em></strong></span> <span class='ocrx_word' id='word_1_334' title='bbox 1346 3713 1409 3800; x_wconf 77' lang='grc' dir='ltr'><strong><em>ίγῶ</em></strong></span> <span class='ocrx_word' id='word_1_335' title='bbox 1425 3713 1480 3798; x_wconf 79' lang='grc' dir='ltr'><strong><em>σή-</em></strong></span> 
     </span>
     <span class='ocr_line' id='line_1_35' title="bbox 258 3809 1480 3901; baseline 0.006 -27"><span class='ocrx_word' id='word_1_336' title='bbox 258 3831 358 3895; x_wconf 88' lang='grc' dir='ltr'><strong><em>μερον</em></strong></span> <span class='ocrx_word' id='word_1_337' title='bbox 380 3811 549 3899; x_wconf 81' lang='grc' dir='ltr'><strong><em>γεγέννηκά</em></strong></span> <span class='ocrx_word' id='word_1_338' title='bbox 571 3817 655 3894; x_wconf 60' lang='grc' dir='ltr'><strong><em>σε5)·</em></strong></span> <span class='ocrx_word' id='word_1_339' title='bbox 678 3809 777 3894; x_wconf 85' lang='grc' dir='ltr'><strong><em>αότός</em></strong></span> <span class='ocrx_word' id='word_1_340' title='bbox 798 3839 835 3882; x_wconf 86' lang='grc' dir='ltr'><strong><em>τε</em></strong></span> <span class='ocrx_word' id='word_1_341' title='bbox 856 3814 936 3901; x_wconf 83' lang='grc' dir='ltr'><strong><em>περὶ</em></strong></span> <span class='ocrx_word' id='word_1_342' title='bbox 958 3815 1076 3882; x_wconf 78' lang='grc' dir='ltr'><strong><em>ἑαυτοῦ</em></strong></span> <span class='ocrx_word' id='word_1_343' title='bbox 1100 3811 1118 3880; x_wconf 85' lang='grc' dir='ltr'>ὁ</span> <span class='ocrx_word' id='word_1_344' title='bbox 1139 3813 1252 3900; x_wconf 88' lang='grc' dir='ltr'><strong><em>κόριος</em></strong></span> <span class='ocrx_word' id='word_1_345' title='bbox 1274 3813 1307 3880; x_wconf 83' lang='grc' dir='ltr'><strong><em>ίν</em></strong></span> <span class='ocrx_word' id='word_1_346' title='bbox 1323 3821 1480 3901; x_wconf 82' lang='grc' dir='ltr'><strong><em>παροιμί-</em></strong></span> 
     </span>
     <span class='ocr_line' id='line_1_36' title="bbox 259 3912 1478 4003; baseline 0.006 -28"><span class='ocrx_word' id='word_1_347' title='bbox 259 3933 313 3988; x_wconf 93' lang='grc' dir='ltr'><strong><em>αις</em></strong></span> <span class='ocrx_word' id='word_1_348' title='bbox 341 3912 444 3996; x_wconf 86' lang='grc' dir='ltr'><strong><em>λίγει·</em></strong></span> <span class='ocrx_word' id='word_1_349' title='bbox 473 3914 539 4001; x_wconf 87' lang='grc' dir='ltr'><strong><em>πρὸ</em></strong></span> <span class='ocrx_word' id='word_1_350' title='bbox 562 3917 598 3983; x_wconf 78' lang='grc' dir='ltr'><strong><em>δέ</em></strong></span> <span class='ocrx_word' id='word_1_351' title='bbox 620 3915 755 3982; x_wconf 85' lang='grc' dir='ltr'><strong><em>πάντων</em></strong></span> <span class='ocrx_word' id='word_1_352' title='bbox 776 3919 905 4003; x_wconf 81' lang='grc' dir='ltr'><strong><em>βουνῶν</em></strong></span> <span class='ocrx_word' id='word_1_353' title='bbox 926 3920 1022 4002; x_wconf 78' lang='grc' dir='ltr'><strong><em>γεννᾷ</em></strong></span> <span class='ocrx_word' id='word_1_354' title='bbox 1044 3920 1130 4000; x_wconf 71' lang='grc' dir='ltr'><strong><em>με“)·</em></strong></span> <span class='ocrx_word' id='word_1_355' title='bbox 1157 3915 1214 3982; x_wconf 83' lang='grc' dir='ltr'><strong><em>καὶ</em></strong></span> <span class='ocrx_word' id='word_1_356' title='bbox 1235 3915 1315 4002; x_wconf 86' lang='grc' dir='ltr'><strong><em>περὶ</em></strong></span> <span class='ocrx_word' id='word_1_357' title='bbox 1334 3918 1395 3999; x_wconf 77' lang='grc' dir='ltr'><strong><em>μέν</em></strong></span> <span class='ocrx_word' id='word_1_358' title='bbox 1416 3919 1478 3982; x_wconf 86' lang='grc' dir='ltr'><strong><em>τῶν</em></strong></span> 
     </span>
     <span class='ocr_line' id='line_1_37' title="bbox 257 4013 1478 4106; baseline 0.005 -28"><span class='ocrx_word' id='word_1_359' title='bbox 257 4015 418 4100; x_wconf 86' lang='grc' dir='ltr'><strong><em>γεννητῶν</em></strong></span> <span class='ocrx_word' id='word_1_360' title='bbox 438 4013 493 4082; x_wconf 86' lang='grc' dir='ltr'><strong><em>καί</em></strong></span> <span class='ocrx_word' id='word_1_361' title='bbox 514 4019 654 4084; x_wconf 88' lang='grc' dir='ltr'><strong><em>κτιστῶν</em></strong></span> <span class='ocrx_word' id='word_1_362' title='bbox 678 4013 695 4083; x_wconf 91' lang='grc' dir='ltr'><strong><em>ό</em></strong></span> <span class='ocrx_word' id='word_1_363' title='bbox 714 4013 862 4106; x_wconf 75' lang='grc' dir='ltr'><strong><em>Ἰωάννης</em></strong></span> <span class='ocrx_word' id='word_1_364' title='bbox 884 4023 983 4106; x_wconf 88' lang='grc' dir='ltr'><strong><em>φησί·</em></strong></span> <span class='ocrx_word' id='word_1_365' title='bbox 1006 4017 1117 4084; x_wconf 82' lang='grc' dir='ltr'><strong><em>πάντα</em></strong></span> <span class='ocrx_word' id='word_1_366' title='bbox 1132 4013 1178 4083; x_wconf 83' lang='grc' dir='ltr'><strong><em>δι’</em></strong></span> <span class='ocrx_word' id='word_1_367' title='bbox 1197 4013 1297 4084; x_wconf 80' lang='grc' dir='ltr'><strong><em>αὐτοῦ</em></strong></span> <span class='ocrx_word' id='word_1_368' title='bbox 1313 4015 1478 4104; x_wconf 77' lang='grc' dir='ltr'><strong><em>έγένετο’)·</em></strong></span> 
     </span>
    </p>
   </div>
   <div class='ocr_carea' id='block_1_4' title="bbox 258 4269 1472 4404">
    <p class='ocr_par' dir='ltr' id='par_1_8' title="bbox 258 4269 1472 4404">
     <span class='ocr_line' id='line_1_38' title="bbox 327 4269 1472 4341; baseline 0.007 -22"><span class='ocrx_word' id='word_1_369' title='bbox 327 4269 350 4330; x_wconf 89' lang='lat' dir='ltr'><strong><em>l)</em></strong></span> <span class='ocrx_word' id='word_1_370' title='bbox 369 4271 435 4320; x_wconf 84' lang='grc' dir='ltr'><strong><em>Ιοιο.</em></strong></span> <span class='ocrx_word' id='word_1_371' title='bbox 455 4271 494 4326; x_wconf 81' lang='grc'><strong><em>14.</em></strong></span> <span class='ocrx_word' id='word_1_372' title='bbox 513 4271 538 4321; x_wconf 89' lang='grc'><strong><em>9.</em></strong></span> <span class='ocrx_word' id='word_1_373' title='bbox 609 4272 633 4330; x_wconf 68' lang='grc'><strong><em>2)</em></strong></span> <span class='ocrx_word' id='word_1_374' title='bbox 653 4275 718 4324; x_wconf 82' lang='grc' dir='ltr'><strong><em>Ρνον.</em></strong></span> <span class='ocrx_word' id='word_1_375' title='bbox 738 4275 762 4332; x_wconf 83' lang='grc'><strong><em>8,</em></strong></span> <span class='ocrx_word' id='word_1_376' title='bbox 782 4274 822 4323; x_wconf 79' lang='lat'><strong><em>22.</em></strong></span> <span class='ocrx_word' id='word_1_377' title='bbox 876 4275 901 4328; x_wconf 79' lang='grc'><strong><em>3)</em></strong></span> <span class='ocrx_word' id='word_1_378' title='bbox 920 4275 1006 4324; x_wconf 71' lang='lat' dir='ltr'>Genea.</span> <span class='ocrx_word' id='word_1_379' title='bbox 1028 4275 1050 4323; x_wconf 87' lang='lat'><strong><em>1.</em></strong></span> <span class='ocrx_word' id='word_1_380' title='bbox 1104 4271 1472 4341; x_wconf 72' lang='lat' dir='ltr'><strong>4JPsa1.110[109.Lxx.]‚</strong></span> 
     </span>
     <span class='ocr_line' id='line_1_39' title="bbox 258 4335 1097 4404; baseline 0.002 -16"><span class='ocrx_word' id='word_1_381' title='bbox 258 4335 282 4388; x_wconf 82' lang='grc'><strong><em>3.</em></strong></span> <span class='ocrx_word' id='word_1_382' title='bbox 351 4337 458 4400; x_wconf 63' lang='lat' dir='ltr'><strong><em>mal.</em></strong></span> <span class='ocrx_word' id='word_1_383' title='bbox 478 4337 546 4400; x_wconf 81' lang='grc' dir='ltr'><strong><em>2,·ί.</em></strong></span> <span class='ocrx_word' id='word_1_384' title='bbox 616 4341 640 4400; x_wconf 75' lang='grc' dir='ltr'><strong><em>ὃ)</em></strong></span> <span class='ocrx_word' id='word_1_385' title='bbox 659 4342 726 4392; x_wconf 81' lang='grc' dir='ltr'><strong><em>Ριον.</em></strong></span> <span class='ocrx_word' id='word_1_386' title='bbox 745 4341 769 4404; x_wconf 84' lang='grc'><strong><em>8,</em></strong></span> <span class='ocrx_word' id='word_1_387' title='bbox 789 4342 829 4392; x_wconf 84' lang='lat'><strong><em>25.</em></strong></span> <span class='ocrx_word' id='word_1_388' title='bbox 901 4342 925 4399; x_wconf 71' lang='grc'><strong><em>7)</em></strong></span> <span class='ocrx_word' id='word_1_389' title='bbox 946 4343 1009 4392; x_wconf 72' lang='lat' dir='ltr'>loun.</span> <span class='ocrx_word' id='word_1_390' title='bbox 1032 4343 1054 4404; x_wconf 88' lang='lat'><strong><em>1,</em></strong></span> <span class='ocrx_word' id='word_1_391' title='bbox 1075 4341 1097 4391; x_wconf 84' lang='grc'><strong><em>3.</em></strong></span> 
     </span>
    </p>
   </div>
   <div class='ocr_carea' id='block_1_5' title="bbox 205 4451 1472 4611">
    <p class='ocr_par' dir='ltr' id='par_1_9' title="bbox 205 4451 1472 4611">
     <span class='ocr_line' id='line_1_40' title="bbox 205 4451 1472 4545; baseline 0.004 -22"><span class='ocrx_word' id='word_1_392' title='bbox 205 4527 215 4545; x_wconf 44' lang='grc' dir='ltr'><em>Ι</em></span> <span class='ocrx_word' id='word_1_393' title='bbox 288 4489 310 4524; x_wconf 80' lang='grc' dir='ltr'><strong><em>ο.</em></strong></span> <span class='ocrx_word' id='word_1_394' title='bbox 329 4451 370 4525; x_wconf 71' lang='grc' dir='ltr'><strong><em>εἰσ</em></strong></span> <span class='ocrx_word' id='word_1_395' title='bbox 388 4473 445 4536; x_wconf 66' lang='lat' dir='ltr'><strong><em>neg.</em></strong></span> <span class='ocrx_word' id='word_1_396' title='bbox 465 4473 549 4524; x_wconf 81' lang='lat' dir='ltr'><strong>codex.</strong></span> <span class='ocrx_word' id='word_1_397' title='bbox 585 4471 627 4522; x_wconf 72' lang='lat' dir='ltr'><strong><em>Alii</em></strong></span> <span class='ocrx_word' id='word_1_398' title='bbox 653 4485 675 4526; x_wconf 80' lang='grc' dir='ltr'><strong><em>ει</em></strong></span> <span class='ocrx_word' id='word_1_399' title='bbox 693 4475 749 4526; x_wconf 72' lang='lat' dir='ltr'>edili</span> <span class='ocrx_word' id='word_1_400' title='bbox 769 4479 840 4526; x_wconf 83' lang='lat' dir='ltr'><strong>omit·</strong></span> <span class='ocrx_word' id='word_1_401' title='bbox 893 4475 945 4526; x_wconf 71' lang='lat' dir='ltr'><strong><em>mox</em></strong></span> <span class='ocrx_word' id='word_1_402' title='bbox 963 4475 1025 4526; x_wconf 82' lang='lat' dir='ltr'>idem</span> <span class='ocrx_word' id='word_1_403' title='bbox 1038 4469 1241 4540; x_wconf 66' lang='grc' dir='ltr'><strong><em>λοςόνιονοείν,</em></strong></span> <span class='ocrx_word' id='word_1_404' title='bbox 1262 4479 1302 4528; x_wconf 84' lang='lat' dir='ltr'><strong><em>ubi</em></strong></span> <span class='ocrx_word' id='word_1_405' title='bbox 1322 4478 1362 4528; x_wconf 74' lang='lat' dir='ltr'>alii</span> <span class='ocrx_word' id='word_1_406' title='bbox 1381 4485 1402 4528; x_wconf 79' lang='lat' dir='ltr'><strong><em>el</em></strong></span> <span class='ocrx_word' id='word_1_407' title='bbox 1420 4475 1472 4528; x_wconf 82' lang='grc' dir='ltr'><strong><em>εδῑιῑ</em></strong></span> 
     </span>
     <span class='ocr_line' id='line_1_41' title="bbox 254 4533 973 4611; baseline 0.001 -21"><span class='ocrx_word' id='word_1_408' title='bbox 254 4549 305 4593; x_wconf 76' lang='lat' dir='ltr'>tunt</span> <span class='ocrx_word' id='word_1_409' title='bbox 333 4535 349 4602; x_wconf 75' lang='grc' dir='ltr'><em>ἢ</em></span> <span class='ocrx_word' id='word_1_410' title='bbox 376 4535 451 4596; x_wconf 74' lang='grc' dir='ltr'><strong><em>τίνος</em></strong></span> <span class='ocrx_word' id='word_1_411' title='bbox 477 4533 573 4592; x_wconf 73' lang='grc' dir='ltr'><strong><em>αὐτοῖς</em></strong></span> <span class='ocrx_word' id='word_1_412' title='bbox 602 4537 836 4611; x_wconf 73' lang='grc' dir='ltr'><strong><em>παραδεδωκότος.</em></strong></span> <span class='ocrx_word' id='word_1_413' title='bbox 869 4543 973 4603; x_wconf 72' lang='grc' dir='ltr'><strong><em>,νοεῖν</em></strong></span> 
     </span>
    </p>
   </div>
   <div class='ocr_carea' id='block_1_6' title="bbox 0 0 1592 5082">
    <p class='ocr_par' dir='ltr' id='par_1_10' title="bbox 0 0 1592 5082">
     <span class='ocr_line' id='line_1_42' title="bbox 0 0 1592 5082; baseline 0 6"><span class='ocrx_word' id='word_1_414' title='bbox 0 0 1592 5082; x_wconf 95' lang='lat' dir='ltr'><strong><em> </em></strong></span> 
     </span>
    </p>
   </div>
  </div>
 </body>
</html>
