3176 5058
413 323 560 368 anieron
574 323 613 366 oe
627 321 770 367 aacnarrs
786 321 930 366 nicaenae
945 319 1063 366 srnoor.
1311 311 1349 372 77

123 475 178 551 nit,
201 475 318 557 spernit
338 483 369 538 et
389 475 519 537 Patrem.
563 471 693 554 Namque
714 471 812 554 nmmo
834 471 949 535 etiamsi
965 473 1058 534 ileum
1073 473 1114 536 ita
1132 475 1351 555 appellaverint,
1360 493 1436 538 nasu

122 595 185 640 non
218 577 287 640 inde
316 585 414 639 temen
446 573 601 636 conficitur
621 573 749 638 Verbum
778 593 815 637 ex
840 575 925 638 iactis
953 573 1043 636 rebus
1077 593 1156 636 esse.
1205 577 1242 638 Ut
1274 576 1353 640 euim

123 680 190 759 ipse
211 679 290 745 letus
313 685 361 740 eet
382 675 572 738 substantiae·
585 675 694 746 Petris,
717 677 762 740 aie
782 675 860 758 apud
881 675 963 738 illum
985 684 1129 756 perpetuo
1152 675 1261 740 existit.
1292 677 1355 742 lVeo

123 779 203 842 enim
225 779 286 842 boc
306 795 417 840 nomen
439 785 573 840 naturam
594 777 660 839 Filii
682 778 823 853 destruit,
845 795 940 856 neque
962 795 1019 838 vox
1040 777 1097 838 istu
1119 777 1279 840 non-lacti
1300 797 1351 840 re-

124 881 221 944 lertur
241 879 279 942 ad
301 877 424 953 rurum,
448 879 501 940 aed
525 878 563 940 ad
584 897 634 952 ea,
664 897 739 958 quae
759 897 814 959 per
833 877 938 942 lilium
961 879 1035 940 laeto
1059 887 1138 941 sunt.
1182 879 1223 941 ilo
1244 897 1351 959 quem-

126 980 285 1042 admodum
307 978 358 1059 qui
379 978 571 1041 architectum
592 979 700 1042 domus
722 979 768 1040 rel
789 979 873 1042 urbis
899 979 1115 1041 aedificatorem
1129 980 1266 1061 appellat,
1289 999 1350 1044 non

125 1079 298 1144 huiusmodi
319 1080 461 1142 vocebnlo
483 1079 575 1143 lilium
597 1099 632 1143 ex
654 1082 721 1160 ipso
744 1081 872 1161 genitum
894 1081 1128 1160 comprehendit,
1151 1081 1205 1144 aed
1221 1080 1278 1144 boc
1292 1099 1350 1144 ao·

125 1181 222 1256 mine,
251 1181 330 1261 quod
358 1182 476 1262 quidam
503 1181 545 1244 illi
572 1181 611 1244 ob
640 1201 724 1246 suem
752 1181 784 1244 in
812 1181 953 1245 aediliciis
975 1181 1184 1245 construendis
1206 1189 1299 1244 artem
1320 1189 1352 1246 ot

125 1282 282 1345 seientiam
303 1283 449 1357 tribuitur,
471 1283 615 1364 significat
636 1301 704 1346 eum
727 1283 854 1346 similem
876 1301 937 1346 non
959 1301 1027 1347 osee
1048 1283 1105 1359 bis,
1128 1302 1203 1364 quae
1225 1281 1261 1346 ab
1283 1284 1351 1365 ipso

124 1385 203 1447 iacta
232 1392 316 1457 sunt,
348 1402 414 1446 urin
443 1393 541 1447 autem
569 1385 720 1448 architecti
747 1391 882 1446 naturam
910 1384 987 1446 idem
1016 1403 1077 1447 non
1104 1386 1236 1466 ignoret,
1269 1381 1376 1448 norit'

125 1503 244 1564 qnoqrm
264 1503 342 1559 eum,
364 1485 414 1564 qni
435 1504 470 1547 ex
492 1485 543 1548 illo
564 1486 687 1566 genitus
702 1494 759 1560 eet,
781 1485 871 1548 alium
893 1486 1016 1549 omnino
1039 1505 1107 1550 esea
1129 1487 1164 1550 ab
1186 1487 1244 1548 illis
1267 1487 1350 1549 aedi-

126 1586 211 1661 liciis,
234 1605 268 1648 ac
289 1585 413 1666 proinde
434 1595 557 1666 propter
579 1587 671 1648 lilium
693 1587 791 1668 ipsum
813 1597 927 1668 patrem
948 1596 1042 1661 vocat,
1065 1597 1096 1650 et
1116 1597 1239 1670 propter
1260 1606 1352 1668 opera

124 1696 288 1750 erectorem
311 1695 341 1750 et
362 1689 552 1759 effectorem
581 1687 688 1750 eodem
716 1688 802 1769 plane
824 1690 928 1763 modo,
958 1690 1007 1770 qni
1029 1691 1122 1753 ileum
1149 1690 1351 1752 non-lactum

123 1789 203 1865 dicit,
227 1809 264 1852 ex
286 1789 362 1870 ipsis
385 1788 527 1869 operibns
551 1807 620 1852 eum
641 1787 682 1851 ite
698 1789 832 1852 nominat
845 1791 1057 1872 significetque,
1081 1790 1163 1854 illum
1178 1807 1238 1853 non
1254 1791 1351 1853 solnm

123 1909 185 1954 non
209 1908 278 1952 esse
300 1891 417 1963 lacuum,
442 1890 495 1952 sed
518 1890 619 1970 potins
641 1907 741 1952 rerum
763 1891 905 1954 luctarum
927 1901 1078 1956 auctorem
1100 1911 1178 1956 osse.
1222 1892 1350 1955 Verbum

125 2000 225 2054 autem
247 1989 326 2053 uliud
348 2009 365 2053 a
385 1991 470 2053 laetis
492 1991 584 2053 rebus
607 2009 675 2054 ease
696 1990 774 2054 idem
797 1993 887 2068 norit,
910 1995 1066 2075 solumque
1084 1995 1238 2075 proprium
1253 1993 1350 2056 Patris

123 2095 216 2157 letum
238 2111 315 2167 ease,
341 2111 507 2174 perquem
528 2091 617 2155 etiam
639 2093 739 2156 omnia
760 2093 835 2156 lacte
858 2104 927 2157 sunt
947 2115 981 2159 ac
1002 2093 1179 2158 consistunt

141 2565 145 2574 ,
212 2500 264 2562 30.
307 2497 369 2560 Nec
389 2499 468 2562 enim
489 2497 548 2578 ipei
569 2515 689 2579 quoquo
710 2494 890 2578 prophetae,
920 2495 970 2575 qui
997 2493 1091 2556 Deum
1120 2493 1353 2574 omnipotentem

124 2596 322 2678 appellabant,
344 2617 410 2662 eum
430 2600 491 2662 boc
510 2600 693 2662 exornabant
713 2597 846 2673 nomine,
869 2605 902 2658 ut
921 2595 1094 2670 indicerent,
1117 2595 1244 2658 Verbum
1259 2613 1351 2658 unum

124 2717 194 2760 ease
216 2717 251 2762 ex
275 2700 432 2777 omnibua;
464 2703 575 2782 quippe
602 2699 754 2764 cumillis
783 2706 972 2781 perspectum
1000 2704 1097 2771 esset,
1128 2697 1233 2760 Filium
1261 2697 1435 2763 aliumnur.

126 2817 195 2861 esee
216 2818 233 2862 a
254 2801 338 2864 laetis
358 2803 465 2876 rebus,
495 2821 623 2883 eumque
654 2802 692 2864 ob
720 2819 805 2864 snam
833 2819 899 2863 enm
922 2799 1008 2862 Patre
1036 2795 1258 2863 similitudinem
1281 2817 1348 2862 om·

128 2898 211 2960 nium
233 2919 352 2980 quoque
372 2919 440 2964 esso
462 2903 632 2976 dominom3
655 2903 709 2964 sed
730 2902 797 2982 quia
820 2902 963 2975 omnium,
985 2919 1060 2980 quae
1080 2919 1136 2980 per
1149 2901 1255 2963 Filium
1273 2901 1350 2974 lecit,

128 3001 196 3080 ipse
218 2999 357 3060 domium
379 3009 427 3061 est
447 3017 609 3080 eorumque
630 3008 808 3079 potestatem
822 3003 898 3066 Vilio
919 3001 1009 3075 dedit,
1032 3020 1089 3080 qna
1110 3001 1176 3064 data
1198 3003 1264 3080 ipse
1282 3018 1352 3064 rur·

129 3117 186 3162 sue
208 3098 350 3161 omnibus
371 3117 425 3180 per
445 3099 574 3162 Verbum
602 3100 780 3162 dominetur.
822 3103 961 3166 Similiter
988 3103 1080 3164 ileum
1110 3102 1262 3164 dominum
1291 3100 1352 3161 vir-

128 3207 226 3264 tutum
248 3201 366 3276 dixere,
400 3219 461 3263 oon
490 3200 558 3280 qnia
580 3199 709 3264 Verbum
738 3219 793 3263 una
823 3203 909 3264 etiem
937 3213 1017 3267 esset
1043 3223 1078 3266 ex
1107 3203 1165 3266 illis
1186 3202 1353 3275 virtutibus,

129 3303 183 3392 sed
205 3303 274 3382 quia
295 3311 327 3364 et
346 3302 411 3366 Filii
432 3311 520 3384 pater
541 3311 571 3365 et
592 3303 732 3366 virtutum
759 3303 938 3386 petillium
966 3308 1107 3368 lectarum
1135 3303 1274 3366 dominus
1297 3309 1352 3365 eet.

128 3405 201 3468 Nam
224 3413 256 3466 et
274 3405 373 3485 ipsum
395 3405 483 3468 etium
506 3404 645 3480 Verbum,
668 3405 746 3485 qrrod
769 3407 867 3469 estin
889 3407 986 3482 Patre,
1013 3407 1119 3468 borum
1141 3406 1274 3468 omnium
1295 3406 1352 3468 do·
1479 3479 1481 3486 Ι

127 3506 228 3568 aniona
255 3513 302 3568 eet
322 3505 479 3586 omniaque
501 3506 590 3569 babet
610 3506 641 3568 in
662 3515 827 3586 potestate,
848 3509 1085 3589 quandoquidem
1107 3509 1171 3572 Filii
1194 3516 1264 3571 sunt
1285 3525 1351 3570 om-

129 3608 195 3682 nia,
224 3625 299 3687 qnae
320 3607 406 3670 l’ater
427 3607 525 3672 babet.
570 3608 608 3670 Ut
635 3607 725 3688 igitur
751 3609 801 3673 bic
826 3618 873 3672 eet
898 3609 1014 3672 illarum
1046 3611 1208 3673 dictionum
1231 3627 1351 3683 sensus,

128 3709 174 3771 sie
194 3709 243 3788 qui
265 3707 358 3771 lleum
380 3710 569 3772 non-lactum
592 3710 674 3790 cupit
693 3711 808 3785 dicere,
832 3709 1013 3785 diceresne,
1035 3711 1061 3772 si
1083 3727 1209 3790 prorsus
1232 3711 1272 3773 itu
1292 3711 1350 3792 ipsi

127 3807 259 3884 videtur,
280 3829 382 3872 verum
405 3829 466 3872 non
489 3829 525 3872 oo
540 3819 639 3874 notor
652 3813 783 3887 nomine,
805 3824 839 3874 nt
860 3813 1006 3893 significet
1021 3812 1147 3874 Verbum
1165 3812 1253 3874 rebus
1267 3811 1351 3874 lactis

127 3912 381 3974 annumerandum
404 3931 487 3986 esee,
521 3913 574 3974 sed
596 3913 663 3992 quia
684 3912 781 3988 Deus,
810 3923 955 3994 utsupra
977 3913 1053 3982 dixi,
1083 3931 1143 3975 uon
1172 3913 1269 3974 solum
1291 3931 1351 3976 nou

128 4021 176 4074 est
196 4013 306 4085 laone,
335 4013 387 4075 sed
416 4021 447 4076 et
465 4031 565 4076 rerum
588 4013 728 4076 laetarum
751 4033 805 4096 per
825 4015 979 4094 proprium
1002 4014 1129 4076 Verbum
1151 4015 1274 4076 ellector
1297 4021 1351 4076 est

126 4111 259 4193 Namque
281 4113 368 4176 ctiam
397 4133 463 4177 curn
490 4113 556 4176 talis
580 4113 687 4178 dicitur
706 4113 810 4189 Peter,
838 4115 1031 4178 nibilominus
1054 4115 1181 4178 Verbum
1205 4124 1236 4178 et
1255 4116 1351 4192 imago

127 4213 225 4276 Patris
248 4223 278 4288 et
298 4215 394 4277 eidem
411 4213 670 4279 consubstantiale
691 4223 752 4291 est,
780 4233 815 4278 ac
841 4217 966 4296 proinde
995 4235 1061 4280 oum
1090 4216 1154 4279 eins
1183 4216 1224 4280 eit
1243 4216 1351 4294 imogo,

154 4468 245 4590 ,dacsic
263 4470 319 4533 lleg.
354 4468 384 4520 tt
407 4469 447 4522 alil
472 4475 496 4520 et
519 4469 575 4520 editi
599 4463 644 4520 eet
660 4463 716 4536 reio
802 4485 823 4522 e.
842 4470 899 4536 lieu.
917 4465 949 4522 ed
967 4469 1095 4522 τοιοῦτον
1111 4463 1167 4537 ἔχει
1184 4465 1257 4518 νοῦν.

128 4549 181 4584 αυτ
214 4573 219 4585 .
