<?xml version="1.0" encoding="UTF-8"?>
<!DOCTYPE html PUBLIC "-//W3C//DTD XHTML 1.0 Transitional//EN"
    "http://www.w3.org/TR/xhtml1/DTD/xhtml1-transitional.dtd">
<html xmlns="http://www.w3.org/1999/xhtml" xml:lang="en" lang="en">
 <head>
  <title>
</title>
<meta http-equiv="Content-Type" content="text/html;charset=utf-8" />
  <meta name='ocr-system' content='tesseract 3.04.00' />
  <meta name='ocr-capabilities' content='ocr_page ocr_carea ocr_par ocr_line ocrx_word'/>
</head>
<body>
  <div class='ocr_page' id='page_1' title='image "./sanctiathanasii03athagoog_0020.png"; bbox 0 0 3174 5082; ppageno 0'>
   <div class='ocr_carea' id='block_1_1' title="bbox 176 273 903 336">
    <p class='ocr_par' dir='ltr' id='par_1_1' title="bbox 176 273 903 336">
     <span class='ocr_line' id='line_1_1' title="bbox 176 273 903 336; baseline -0.003 -2"><span class='ocrx_word' id='word_1_1' title='bbox 176 273 215 336; x_wconf 81' lang='lat' dir='ltr'><strong>tu</strong></span> <span class='ocrx_word' id='word_1_2' title='bbox 699 287 872 334; x_wconf 81' lang='lat' dir='ltr'><strong>erasarum.</strong></span> <span class='ocrx_word' id='word_1_3' title='bbox 898 299 903 306; x_wconf 96' lang='lat'>·</span> 
     </span>
    </p>
   </div>
   <div class='ocr_carea' id='block_1_2' title="bbox 89 435 1482 4444">
    <p class='ocr_par' dir='ltr' id='par_1_2' title="bbox 89 435 1482 3136">
     <span class='ocr_line' id='line_1_2' title="bbox 174 435 1396 520; baseline 0.002 -21"><span class='ocrx_word' id='word_1_4' title='bbox 174 437 292 518; x_wconf 85' lang='lat' dir='ltr'><strong>quendi</strong></span> <span class='ocrx_word' id='word_1_5' title='bbox 311 438 485 517; x_wconf 89' lang='lat' dir='ltr'><strong>dicendique</strong></span> <span class='ocrx_word' id='word_1_6' title='bbox 514 435 630 516; x_wconf 86' lang='lat' dir='ltr'><strong>generis</strong></span> <span class='ocrx_word' id='word_1_7' title='bbox 663 445 799 516; x_wconf 89' lang='lat' dir='ltr'><strong>patrum,</strong></span> <span class='ocrx_word' id='word_1_8' title='bbox 833 455 891 516; x_wconf 92' lang='lat' dir='ltr'><strong>quo</strong></span> <span class='ocrx_word' id='word_1_9' title='bbox 924 439 1082 517; x_wconf 76' lang='lat' dir='ltr'><strong>peculiaria</strong></span> <span class='ocrx_word' id='word_1_10' title='bbox 1116 457 1221 502; x_wconf 83' lang='lat' dir='ltr'><strong>conum</strong></span> <span class='ocrx_word' id='word_1_11' title='bbox 1249 438 1396 520; x_wconf 87' lang='lat' dir='ltr'><strong>cogitandi</strong></span> 
     </span>
     <span class='ocr_line' id='line_1_3' title="bbox 175 536 1482 618; baseline -0.002 -18"><span class='ocrx_word' id='word_1_12' title='bbox 175 540 381 618; x_wconf 87' lang='lat' dir='ltr'><strong>sentiendique</strong></span> <span class='ocrx_word' id='word_1_13' title='bbox 404 537 479 598; x_wconf 91' lang='lat' dir='ltr'><strong>ratio</strong></span> <span class='ocrx_word' id='word_1_14' title='bbox 504 545 533 598; x_wconf 90' lang='lat' dir='ltr'><strong>et</strong></span> <span class='ocrx_word' id='word_1_15' title='bbox 555 536 639 616; x_wconf 88' lang='lat' dir='ltr'><strong>quasi</strong></span> <span class='ocrx_word' id='word_1_16' title='bbox 661 537 756 600; x_wconf 84' lang='lat' dir='ltr'><strong>torma</strong></span> <span class='ocrx_word' id='word_1_17' title='bbox 779 537 890 617; x_wconf 90' lang='lat' dir='ltr'><strong>ingenii</strong></span> <span class='ocrx_word' id='word_1_18' title='bbox 913 557 1053 618; x_wconf 84' lang='lat' dir='ltr'><strong>expressa</strong></span> <span class='ocrx_word' id='word_1_19' title='bbox 1082 548 1144 612; x_wconf 87' lang='lat' dir='ltr'><strong>est,</strong></span> <span class='ocrx_word' id='word_1_20' title='bbox 1177 539 1300 604; x_wconf 89' lang='lat' dir='ltr'><strong>multum</strong></span> <span class='ocrx_word' id='word_1_21' title='bbox 1328 541 1397 604; x_wconf 87' lang='lat' dir='ltr'><strong>facit</strong></span> <span class='ocrx_word' id='word_1_22' title='bbox 1478 588 1482 598; x_wconf 91' lang='lat'>.</span> 
     </span>
     <span class='ocr_line' id='line_1_4' title="bbox 174 637 1398 721; baseline 0.001 -17"><span class='ocrx_word' id='word_1_23' title='bbox 174 640 261 704; x_wconf 87' lang='lat' dir='ltr'><strong>etiarn</strong></span> <span class='ocrx_word' id='word_1_24' title='bbox 289 639 327 700; x_wconf 87' lang='lat' dir='ltr'><strong>ad</strong></span> <span class='ocrx_word' id='word_1_25' title='bbox 353 637 485 699; x_wconf 75' lang='lat' dir='ltr'><strong>rabones</strong></span> <span class='ocrx_word' id='word_1_26' title='bbox 514 637 711 715; x_wconf 87' lang='lat' dir='ltr'><strong>dogmaticas,</strong></span> <span class='ocrx_word' id='word_1_27' title='bbox 748 657 822 718; x_wconf 90' lang='lat' dir='ltr'><strong>quas</strong></span> <span class='ocrx_word' id='word_1_28' title='bbox 851 638 945 702; x_wconf 91' lang='lat' dir='ltr'><strong>secuti</strong></span> <span class='ocrx_word' id='word_1_29' title='bbox 972 647 1057 712; x_wconf 87' lang='lat' dir='ltr'><strong>sunt,</strong></span> <span class='ocrx_word' id='word_1_30' title='bbox 1091 641 1275 721; x_wconf 86' lang='lat' dir='ltr'><strong>aperiendas.</strong></span> <span class='ocrx_word' id='word_1_31' title='bbox 1318 642 1398 704; x_wconf 89' lang='lat' dir='ltr'><strong>llaec</strong></span> 
     </span>
     <span class='ocr_line' id='line_1_5' title="bbox 172 736 1398 822; baseline 0 -18"><span class='ocrx_word' id='word_1_32' title='bbox 172 741 262 822; x_wconf 88' lang='lat' dir='ltr'><strong>igitur</strong></span> <span class='ocrx_word' id='word_1_33' title='bbox 282 736 432 818; x_wconf 84' lang='lat' dir='ltr'><strong>praesidia</strong></span> <span class='ocrx_word' id='word_1_34' title='bbox 452 738 488 800; x_wconf 90' lang='lat' dir='ltr'><strong>ad</strong></span> <span class='ocrx_word' id='word_1_35' title='bbox 510 737 705 818; x_wconf 75' lang='lat' dir='ltr'><strong>indagandam</strong></span> <span class='ocrx_word' id='word_1_36' title='bbox 725 738 876 802; x_wconf 81' lang='lat' dir='ltr'><strong>veritatem</strong></span> <span class='ocrx_word' id='word_1_37' title='bbox 899 739 1040 804; x_wconf 84' lang='lat' dir='ltr'><strong>deficiunt</strong></span> <span class='ocrx_word' id='word_1_38' title='bbox 1060 758 1125 816; x_wconf 87' lang='lat' dir='ltr'><strong>eos,</strong></span> <span class='ocrx_word' id='word_1_39' title='bbox 1148 741 1250 822; x_wconf 87' lang='lat' dir='ltr'><strong>quide</strong></span> <span class='ocrx_word' id='word_1_40' title='bbox 1265 742 1398 805; x_wconf 85' lang='lat' dir='ltr'><strong>doctrina</strong></span> 
     </span>
     <span class='ocr_line' id='line_1_6' title="bbox 173 838 1396 922; baseline 0.002 -19"><span class='ocrx_word' id='word_1_41' title='bbox 173 838 283 903; x_wconf 78' lang='lat' dir='ltr'><strong>ueteris</strong></span> <span class='ocrx_word' id='word_1_42' title='bbox 312 838 454 902; x_wconf 88' lang='lat' dir='ltr'><strong>ecclesiae</strong></span> <span class='ocrx_word' id='word_1_43' title='bbox 482 847 658 918; x_wconf 77' lang='lat' dir='ltr'><strong>quaerentes</strong></span> <span class='ocrx_word' id='word_1_44' title='bbox 686 839 795 921; x_wconf 89' lang='lat' dir='ltr'><strong>scripta</strong></span> <span class='ocrx_word' id='word_1_45' title='bbox 822 849 938 922; x_wconf 91' lang='lat' dir='ltr'><strong>patrum</strong></span> <span class='ocrx_word' id='word_1_46' title='bbox 971 860 1033 906; x_wconf 90' lang='lat' dir='ltr'><strong>non</strong></span> <span class='ocrx_word' id='word_1_47' title='bbox 1065 859 1170 922; x_wconf 87' lang='lat' dir='ltr'><strong>graece</strong></span> <span class='ocrx_word' id='word_1_48' title='bbox 1191 852 1221 906; x_wconf 89' lang='lat' dir='ltr'><strong>et</strong></span> <span class='ocrx_word' id='word_1_49' title='bbox 1241 843 1330 906; x_wconf 87' lang='lat' dir='ltr'><strong>latine</strong></span> <span class='ocrx_word' id='word_1_50' title='bbox 1351 844 1396 906; x_wconf 89' lang='lat' dir='ltr'><strong>le-</strong></span> 
     </span>
     <span class='ocr_line' id='line_1_7' title="bbox 173 938 1396 1022; baseline 0.003 -18"><span class='ocrx_word' id='word_1_51' title='bbox 173 948 255 1021; x_wconf 89' lang='lat' dir='ltr'><strong>gunt,</strong></span> <span class='ocrx_word' id='word_1_52' title='bbox 279 939 332 1002; x_wconf 88' lang='lat' dir='ltr'><strong>sed</strong></span> <span class='ocrx_word' id='word_1_53' title='bbox 354 938 544 1002; x_wconf 81' lang='lat' dir='ltr'><strong>versionibus</strong></span> <span class='ocrx_word' id='word_1_54' title='bbox 566 947 689 1003; x_wconf 90' lang='lat' dir='ltr'><strong>utuntur</strong></span> <span class='ocrx_word' id='word_1_55' title='bbox 711 942 775 1005; x_wconf 89' lang='lat' dir='ltr'><strong>sira</strong></span> <span class='ocrx_word' id='word_1_56' title='bbox 795 943 979 1018; x_wconf 81' lang='lat' dir='ltr'><strong>vernaculis,</strong></span> <span class='ocrx_word' id='word_1_57' title='bbox 1007 944 1071 1006; x_wconf 83' lang='lat' dir='ltr'><strong>sire</strong></span> <span class='ocrx_word' id='word_1_58' title='bbox 1091 942 1191 1006; x_wconf 87' lang='lat' dir='ltr'><strong>latinis</strong></span> <span class='ocrx_word' id='word_1_59' title='bbox 1213 961 1396 1022; x_wconf 87' lang='lat' dir='ltr'><strong>graecorum,</strong></span> 
     </span>
     <span class='ocr_line' id='line_1_8' title="bbox 174 1039 1397 1123; baseline 0.002 -19"><span class='ocrx_word' id='word_1_60' title='bbox 174 1047 205 1104; x_wconf 86' lang='lat' dir='ltr'><strong>et</strong></span> <span class='ocrx_word' id='word_1_61' title='bbox 226 1059 262 1102; x_wconf 82' lang='lat' dir='ltr'><strong>ex</strong></span> <span class='ocrx_word' id='word_1_62' title='bbox 283 1039 331 1102; x_wconf 90' lang='lat' dir='ltr'><strong>his</strong></span> <span class='ocrx_word' id='word_1_63' title='bbox 354 1058 460 1120; x_wconf 90' lang='lat' dir='ltr'><strong>sapere</strong></span> <span class='ocrx_word' id='word_1_64' title='bbox 482 1049 652 1106; x_wconf 78' lang='lat' dir='ltr'><strong>conantum·</strong></span> <span class='ocrx_word' id='word_1_65' title='bbox 680 1042 767 1116; x_wconf 84' lang='lat' dir='ltr'><strong>Quod</strong></span> <span class='ocrx_word' id='word_1_66' title='bbox 789 1061 858 1105; x_wconf 84' lang='lat' dir='ltr'><strong>vcro</strong></span> <span class='ocrx_word' id='word_1_67' title='bbox 881 1043 1090 1123; x_wconf 82' lang='lat' dir='ltr'><strong>grauissimum</strong></span> <span class='ocrx_word' id='word_1_68' title='bbox 1113 1054 1175 1118; x_wconf 89' lang='lat' dir='ltr'><strong>est,</strong></span> <span class='ocrx_word' id='word_1_69' title='bbox 1197 1040 1286 1108; x_wconf 84' lang='lat' dir='ltr'><strong>iidem</strong></span> <span class='ocrx_word' id='word_1_70' title='bbox 1308 1044 1397 1108; x_wconf 80' lang='lat' dir='ltr'><strong>aeriis</strong></span> 
     </span>
     <span class='ocr_line' id='line_1_9' title="bbox 89 1139 1398 1226; baseline 0.004 -25"><span class='ocrx_word' id='word_1_71' title='bbox 89 1141 92 1148; x_wconf 87' lang='lat'>&#39;</span> <span class='ocrx_word' id='word_1_72' title='bbox 175 1139 295 1202; x_wconf 84' lang='lat' dir='ltr'><strong>abnoxii</strong></span> <span class='ocrx_word' id='word_1_73' title='bbox 318 1148 389 1202; x_wconf 90' lang='lat' dir='ltr'><strong>sunt</strong></span> <span class='ocrx_word' id='word_1_74' title='bbox 409 1142 562 1206; x_wconf 88' lang='lat' dir='ltr'><strong>erroribus</strong></span> <span class='ocrx_word' id='word_1_75' title='bbox 584 1161 620 1204; x_wconf 85' lang='lat' dir='ltr'><strong>ex</strong></span> <span class='ocrx_word' id='word_1_76' title='bbox 641 1142 793 1224; x_wconf 89' lang='lat' dir='ltr'><strong>imperitia.</strong></span> <span class='ocrx_word' id='word_1_77' title='bbox 812 1144 858 1204; x_wconf 87' lang='lat' dir='ltr'><strong>rel</strong></span> <span class='ocrx_word' id='word_1_78' title='bbox 882 1142 1061 1223; x_wconf 76' lang='lat' dir='ltr'><strong>negligentia</strong></span> <span class='ocrx_word' id='word_1_79' title='bbox 1081 1146 1287 1226; x_wconf 88' lang='lat' dir='ltr'><strong>interpretum,</strong></span> <span class='ocrx_word' id='word_1_80' title='bbox 1309 1145 1398 1208; x_wconf 90' lang='lat' dir='ltr'><strong>etiam</strong></span> 
     </span>
     <span class='ocr_line' id='line_1_10' title="bbox 176 1241 1399 1327; baseline 0.003 -23"><span class='ocrx_word' id='word_1_81' title='bbox 176 1241 361 1324; x_wconf 82' lang='lat' dir='ltr'><strong>expertium</strong></span> <span class='ocrx_word' id='word_1_82' title='bbox 383 1243 500 1317; x_wconf 88' lang='lat' dir='ltr'><strong>studio,</strong></span> <span class='ocrx_word' id='word_1_83' title='bbox 533 1262 591 1324; x_wconf 91' lang='lat' dir='ltr'><strong>quc</strong></span> <span class='ocrx_word' id='word_1_84' title='bbox 619 1244 695 1306; x_wconf 90' lang='lat' dir='ltr'><strong>tides</strong></span> <span class='ocrx_word' id='word_1_85' title='bbox 721 1245 917 1324; x_wconf 87' lang='lat' dir='ltr'><strong>interpretum</strong></span> <span class='ocrx_word' id='word_1_86' title='bbox 946 1243 976 1306; x_wconf 88' lang='lat' dir='ltr'><strong>iu</strong></span> <span class='ocrx_word' id='word_1_87' title='bbox 1008 1244 1067 1307; x_wconf 89' lang='lat' dir='ltr'><strong>hoc</strong></span> <span class='ocrx_word' id='word_1_88' title='bbox 1089 1249 1269 1326; x_wconf 87' lang='lat' dir='ltr'><strong>scriptorum</strong></span> <span class='ocrx_word' id='word_1_89' title='bbox 1291 1263 1399 1327; x_wconf 88' lang='lat' dir='ltr'><strong>genere</strong></span> 
     </span>
     <span class='ocr_line' id='line_1_11' title="bbox 176 1343 1399 1427; baseline 0.002 -21"><span class='ocrx_word' id='word_1_90' title='bbox 176 1343 345 1407; x_wconf 76' lang='lat' dir='ltr'><strong>etiamnunc</strong></span> <span class='ocrx_word' id='word_1_91' title='bbox 383 1343 566 1406; x_wconf 90' lang='lat' dir='ltr'><strong>sollicitatur.</strong></span> <span class='ocrx_word' id='word_1_92' title='bbox 625 1344 667 1406; x_wconf 81' lang='lat' dir='ltr'><strong>lie</strong></span> <span class='ocrx_word' id='word_1_93' title='bbox 709 1343 844 1406; x_wconf 89' lang='lat' dir='ltr'><strong>lloesleri</strong></span> <span class='ocrx_word' id='word_1_94' title='bbox 887 1344 1184 1424; x_wconf 83' lang='lat' dir='ltr'><strong>interpretationibus</strong></span> <span class='ocrx_word' id='word_1_95' title='bbox 1219 1347 1249 1408; x_wconf 92' lang='lat' dir='ltr'><strong>id</strong></span> <span class='ocrx_word' id='word_1_96' title='bbox 1280 1347 1399 1427; x_wconf 89' lang='lat' dir='ltr'><strong>quidem</strong></span> 
     </span>
     <span class='ocr_line' id='line_1_12' title="bbox 123 1443 1399 1535; baseline 0.006 -33"><span class='ocrx_word' id='word_1_97' title='bbox 123 1487 131 1502; x_wconf 86' lang='grc'><em>,</em></span> <span class='ocrx_word' id='word_1_98' title='bbox 176 1445 286 1535; x_wconf 81' lang='lat' dir='ltr'><strong>dictum</strong></span> <span class='ocrx_word' id='word_1_99' title='bbox 309 1443 395 1507; x_wconf 77' lang='lat' dir='ltr'><strong>nclot</strong></span> <span class='ocrx_word' id='word_1_100' title='bbox 423 1443 478 1507; x_wconf 89' lang='lat' dir='ltr'><strong>aed</strong></span> <span class='ocrx_word' id='word_1_101' title='bbox 508 1444 588 1508; x_wconf 91' lang='lat' dir='ltr'><strong>hunc</strong></span> <span class='ocrx_word' id='word_1_102' title='bbox 609 1461 727 1524; x_wconf 89' lang='lat' dir='ltr'><strong>quoque</strong></span> <span class='ocrx_word' id='word_1_103' title='bbox 748 1443 896 1506; x_wconf 90' lang='lat' dir='ltr'><strong>interdum</strong></span> <span class='ocrx_word' id='word_1_104' title='bbox 917 1444 1127 1507; x_wconf 80' lang='lat' dir='ltr'><strong>hallucinatum</strong></span> <span class='ocrx_word' id='word_1_105' title='bbox 1150 1464 1217 1508; x_wconf 89' lang='lat' dir='ltr'><strong>esse</strong></span> <span class='ocrx_word' id='word_1_106' title='bbox 1239 1456 1269 1508; x_wconf 91' lang='lat' dir='ltr'><strong>at</strong></span> <span class='ocrx_word' id='word_1_107' title='bbox 1290 1467 1308 1509; x_wconf 92' lang='lat' dir='ltr'><strong>a</strong></span> <span class='ocrx_word' id='word_1_108' title='bbox 1328 1465 1399 1510; x_wconf 87' lang='lat' dir='ltr'><strong>rere</strong></span> 
     </span>
     <span class='ocr_line' id='line_1_13' title="bbox 176 1544 1400 1628; baseline 0 -18"><span class='ocrx_word' id='word_1_109' title='bbox 176 1548 372 1628; x_wconf 85' lang='lat' dir='ltr'><strong>scriptorum,</strong></span> <span class='ocrx_word' id='word_1_110' title='bbox 396 1545 521 1608; x_wconf 88' lang='lat' dir='ltr'><strong>maxime</strong></span> <span class='ocrx_word' id='word_1_111' title='bbox 548 1562 736 1623; x_wconf 90' lang='lat' dir='ltr'><strong>graecorum,</strong></span> <span class='ocrx_word' id='word_1_112' title='bbox 760 1561 851 1605; x_wconf 91' lang='lat' dir='ltr'><strong>sensu</strong></span> <span class='ocrx_word' id='word_1_113' title='bbox 879 1544 1035 1608; x_wconf 88' lang='lat' dir='ltr'><strong>aberrasse</strong></span> <span class='ocrx_word' id='word_1_114' title='bbox 1063 1563 1123 1607; x_wconf 92' lang='lat' dir='ltr'><strong>non</strong></span> <span class='ocrx_word' id='word_1_115' title='bbox 1145 1545 1291 1608; x_wconf 87' lang='lat' dir='ltr'><strong>dubitabit</strong></span> <span class='ocrx_word' id='word_1_116' title='bbox 1312 1549 1400 1610; x_wconf 90' lang='lat' dir='ltr'><strong>etiam</strong></span> 
     </span>
     <span class='ocr_line' id='line_1_14' title="bbox 176 1643 1401 1729; baseline -0.002 -19"><span class='ocrx_word' id='word_1_117' title='bbox 176 1649 227 1728; x_wconf 92' lang='lat' dir='ltr'><strong>qni</strong></span> <span class='ocrx_word' id='word_1_118' title='bbox 260 1666 320 1709; x_wconf 90' lang='lat' dir='ltr'><strong>non</strong></span> <span class='ocrx_word' id='word_1_119' title='bbox 350 1644 514 1726; x_wconf 84' lang='lat' dir='ltr'><strong>inspexerit</strong></span> <span class='ocrx_word' id='word_1_120' title='bbox 533 1643 761 1720; x_wconf 80' lang='lat' dir='ltr'><strong>bibliothecam,</strong></span> <span class='ocrx_word' id='word_1_121' title='bbox 794 1645 821 1706; x_wconf 89' lang='lat' dir='ltr'><strong>si</strong></span> <span class='ocrx_word' id='word_1_122' title='bbox 853 1645 953 1726; x_wconf 89' lang='lat' dir='ltr'><strong>operis</strong></span> <span class='ocrx_word' id='word_1_123' title='bbox 975 1645 1052 1710; x_wconf 88' lang='lat' dir='ltr'><strong>iutra</strong></span> <span class='ocrx_word' id='word_1_124' title='bbox 1073 1663 1185 1729; x_wconf 89' lang='lat' dir='ltr'><strong>paucos</strong></span> <span class='ocrx_word' id='word_1_125' title='bbox 1208 1663 1304 1709; x_wconf 91' lang='lat' dir='ltr'><strong>annos</strong></span> <span class='ocrx_word' id='word_1_126' title='bbox 1327 1665 1401 1709; x_wconf 90' lang='lat' dir='ltr'><strong>con-</strong></span> 
     </span>
     <span class='ocr_line' id='line_1_15' title="bbox 176 1745 1400 1826; baseline 0 -15"><span class='ocrx_word' id='word_1_127' title='bbox 176 1747 245 1812; x_wconf 88' lang='lat' dir='ltr'><strong>fecti</strong></span> <span class='ocrx_word' id='word_1_128' title='bbox 277 1747 387 1809; x_wconf 89' lang='lat' dir='ltr'><strong>molem</strong></span> <span class='ocrx_word' id='word_1_129' title='bbox 419 1755 449 1808; x_wconf 89' lang='lat' dir='ltr'><strong>et</strong></span> <span class='ocrx_word' id='word_1_130' title='bbox 478 1745 679 1808; x_wconf 83' lang='lat' dir='ltr'><strong>difficultatem</strong></span> <span class='ocrx_word' id='word_1_131' title='bbox 712 1745 893 1826; x_wconf 84' lang='lat' dir='ltr'><strong>expenderit.</strong></span> <span class='ocrx_word' id='word_1_132' title='bbox 939 1746 1027 1820; x_wconf 84' lang='lat' dir='ltr'><strong>Quod</strong></span> <span class='ocrx_word' id='word_1_133' title='bbox 1055 1748 1082 1810; x_wconf 87' lang='lat' dir='ltr'><strong>si</strong></span> <span class='ocrx_word' id='word_1_134' title='bbox 1113 1746 1203 1826; x_wconf 91' lang='lat' dir='ltr'><strong>igitur</strong></span> <span class='ocrx_word' id='word_1_135' title='bbox 1225 1765 1281 1810; x_wconf 91' lang='lat' dir='ltr'><strong>nec</strong></span> <span class='ocrx_word' id='word_1_136' title='bbox 1301 1748 1400 1812; x_wconf 87' lang='lat' dir='ltr'><strong>lloes-</strong></span> 
     </span>
     <span class='ocr_line' id='line_1_16' title="bbox 176 1847 1403 1928; baseline 0.002 -17"><span class='ocrx_word' id='word_1_137' title='bbox 176 1848 230 1912; x_wconf 85' lang='lat' dir='ltr'><strong>lari</strong></span> <span class='ocrx_word' id='word_1_138' title='bbox 255 1847 361 1910; x_wconf 90' lang='lat' dir='ltr'><strong>studiis</strong></span> <span class='ocrx_word' id='word_1_139' title='bbox 384 1847 442 1922; x_wconf 90' lang='lat' dir='ltr'><strong>illa,</strong></span> <span class='ocrx_word' id='word_1_140' title='bbox 464 1865 540 1928; x_wconf 88' lang='lat' dir='ltr'><strong>quae</strong></span> <span class='ocrx_word' id='word_1_141' title='bbox 561 1847 672 1908; x_wconf 87' lang='lat' dir='ltr'><strong>multos</strong></span> <span class='ocrx_word' id='word_1_142' title='bbox 696 1865 731 1910; x_wconf 86' lang='lat' dir='ltr'><strong>ex</strong></span> <span class='ocrx_word' id='word_1_143' title='bbox 753 1847 899 1928; x_wconf 88' lang='lat' dir='ltr'><strong>theologis</strong></span> <span class='ocrx_word' id='word_1_144' title='bbox 922 1848 1060 1911; x_wconf 85' lang='lat' dir='ltr'><strong>litteratis</strong></span> <span class='ocrx_word' id='word_1_145' title='bbox 1083 1856 1113 1912; x_wconf 92' lang='lat' dir='ltr'><strong>et</strong></span> <span class='ocrx_word' id='word_1_146' title='bbox 1127 1848 1198 1912; x_wconf 90' lang='lat' dir='ltr'><strong>olim</strong></span> <span class='ocrx_word' id='word_1_147' title='bbox 1214 1849 1403 1914; x_wconf 82' lang='lat' dir='ltr'><strong>desiderasse</strong></span> 
     </span>
     <span class='ocr_line' id='line_1_17' title="bbox 178 1948 1402 2030; baseline 0.002 -18"><span class='ocrx_word' id='word_1_148' title='bbox 178 1958 208 2012; x_wconf 89' lang='lat' dir='ltr'><strong>et</strong></span> <span class='ocrx_word' id='word_1_149' title='bbox 230 1967 310 2012; x_wconf 91' lang='lat' dir='ltr'><strong>nunc</strong></span> <span class='ocrx_word' id='word_1_150' title='bbox 329 1948 500 2012; x_wconf 87' lang='lat' dir='ltr'><strong>desiderare</strong></span> <span class='ocrx_word' id='word_1_151' title='bbox 527 1949 670 2026; x_wconf 82' lang='lat' dir='ltr'><strong>diximus,</strong></span> <span class='ocrx_word' id='word_1_152' title='bbox 703 1948 818 2028; x_wconf 85' lang='lat' dir='ltr'><strong>expleta</strong></span> <span class='ocrx_word' id='word_1_153' title='bbox 844 1957 930 2024; x_wconf 91' lang='lat' dir='ltr'><strong>sunt,</strong></span> <span class='ocrx_word' id='word_1_154' title='bbox 962 1950 1095 2030; x_wconf 88' lang='lat' dir='ltr'><strong>prolecto</strong></span> <span class='ocrx_word' id='word_1_155' title='bbox 1125 1951 1285 2014; x_wconf 86' lang='lat' dir='ltr'><strong>verendum</strong></span> <span class='ocrx_word' id='word_1_156' title='bbox 1314 1951 1402 2014; x_wconf 87' lang='lat' dir='ltr'><strong>nobis</strong></span> 
     </span>
     <span class='ocr_line' id='line_1_18' title="bbox 178 2047 1401 2130; baseline 0.002 -18"><span class='ocrx_word' id='word_1_157' title='bbox 178 2069 239 2112; x_wconf 91' lang='lat' dir='ltr'><strong>nou</strong></span> <span class='ocrx_word' id='word_1_158' title='bbox 261 2057 323 2126; x_wconf 89' lang='lat' dir='ltr'><strong>est,</strong></span> <span class='ocrx_word' id='word_1_159' title='bbox 355 2069 393 2113; x_wconf 90' lang='lat' dir='ltr'><strong>ne</strong></span> <span class='ocrx_word' id='word_1_160' title='bbox 422 2049 545 2112; x_wconf 81' lang='lat' dir='ltr'><strong>edentes</strong></span> <span class='ocrx_word' id='word_1_161' title='bbox 565 2047 778 2112; x_wconf 89' lang='lat' dir='ltr'><strong>Bibliotheeam</strong></span> <span class='ocrx_word' id='word_1_162' title='bbox 800 2057 918 2130; x_wconf 92' lang='lat' dir='ltr'><strong>patrum</strong></span> <span class='ocrx_word' id='word_1_163' title='bbox 940 2069 1113 2130; x_wconf 87' lang='lat' dir='ltr'><strong>graecorum</strong></span> <span class='ocrx_word' id='word_1_164' title='bbox 1135 2050 1332 2130; x_wconf 83' lang='lat' dir='ltr'><strong>dogmaticam</strong></span> <span class='ocrx_word' id='word_1_165' title='bbox 1354 2052 1401 2114; x_wconf 91' lang='lat' dir='ltr'><strong>di-</strong></span> 
     </span>
     <span class='ocr_line' id='line_1_19' title="bbox 179 2149 1403 2232; baseline 0.002 -19"><span class='ocrx_word' id='word_1_166' title='bbox 179 2169 280 2213; x_wconf 91' lang='lat' dir='ltr'><strong>camur</strong></span> <span class='ocrx_word' id='word_1_167' title='bbox 302 2159 365 2214; x_wconf 88' lang='lat' dir='ltr'><strong>acta</strong></span> <span class='ocrx_word' id='word_1_168' title='bbox 387 2169 489 2232; x_wconf 88' lang='lat' dir='ltr'><strong>agere,</strong></span> <span class='ocrx_word' id='word_1_169' title='bbox 518 2168 576 2232; x_wconf 88' lang='lat' dir='ltr'><strong>qua</strong></span> <span class='ocrx_word' id='word_1_170' title='bbox 603 2149 640 2212; x_wconf 88' lang='lat' dir='ltr'><strong>ab</strong></span> <span class='ocrx_word' id='word_1_171' title='bbox 667 2150 832 2213; x_wconf 85' lang='lat' dir='ltr'><strong>temeritate</strong></span> <span class='ocrx_word' id='word_1_172' title='bbox 853 2151 970 2214; x_wconf 91' lang='lat' dir='ltr'><strong>animus</strong></span> <span class='ocrx_word' id='word_1_173' title='bbox 993 2151 1143 2214; x_wconf 82' lang='lat' dir='ltr'><strong>abhorret</strong></span> <span class='ocrx_word' id='word_1_174' title='bbox 1188 2151 1283 2216; x_wconf 88' lang='lat' dir='ltr'><strong>Simul</strong></span> <span class='ocrx_word' id='word_1_175' title='bbox 1303 2161 1403 2220; x_wconf 84' lang='lat' dir='ltr'><strong>autem</strong></span> 
     </span>
     <span class='ocr_line' id='line_1_20' title="bbox 178 2251 1402 2332; baseline 0.002 -18"><span class='ocrx_word' id='word_1_176' title='bbox 178 2251 305 2314; x_wconf 90' lang='lat' dir='ltr'><strong>strictim</strong></span> <span class='ocrx_word' id='word_1_177' title='bbox 328 2251 609 2326; x_wconf 82' lang='lat' dir='ltr'><strong>demonstravimus,</strong></span> <span class='ocrx_word' id='word_1_178' title='bbox 639 2269 692 2313; x_wconf 91' lang='lat' dir='ltr'><strong>cur</strong></span> <span class='ocrx_word' id='word_1_179' title='bbox 713 2251 802 2314; x_wconf 90' lang='lat' dir='ltr'><strong>nobis</strong></span> <span class='ocrx_word' id='word_1_180' title='bbox 824 2269 887 2313; x_wconf 91' lang='lat' dir='ltr'><strong>nou</strong></span> <span class='ocrx_word' id='word_1_181' title='bbox 908 2252 1052 2332; x_wconf 87' lang='lat' dir='ltr'><strong>probetur</strong></span> <span class='ocrx_word' id='word_1_182' title='bbox 1072 2252 1147 2313; x_wconf 88' lang='lat' dir='ltr'><strong>ratio</strong></span> <span class='ocrx_word' id='word_1_183' title='bbox 1170 2252 1304 2316; x_wconf 87' lang='lat' dir='ltr'><strong>lloesleri</strong></span> <span class='ocrx_word' id='word_1_184' title='bbox 1326 2253 1402 2316; x_wconf 93' lang='lat' dir='ltr'><strong>alio-</strong></span> 
     </span>
     <span class='ocr_line' id='line_1_21' title="bbox 178 2352 1403 2436; baseline 0.002 -20"><span class='ocrx_word' id='word_1_185' title='bbox 178 2370 304 2433; x_wconf 85' lang='lat' dir='ltr'><strong>rumque</strong></span> <span class='ocrx_word' id='word_1_186' title='bbox 325 2354 456 2416; x_wconf 89' lang='lat' dir='ltr'><strong>rirorum</strong></span> <span class='ocrx_word' id='word_1_187' title='bbox 478 2354 643 2428; x_wconf 86' lang='lat' dir='ltr'><strong>doctorum,</strong></span> <span class='ocrx_word' id='word_1_188' title='bbox 666 2354 718 2434; x_wconf 91' lang='lat' dir='ltr'><strong>qui</strong></span> <span class='ocrx_word' id='word_1_189' title='bbox 739 2361 875 2432; x_wconf 81' lang='lat' dir='ltr'><strong>excerpta</strong></span> <span class='ocrx_word' id='word_1_190' title='bbox 897 2353 999 2432; x_wconf 88' lang='lat' dir='ltr'><strong>potius</strong></span> <span class='ocrx_word' id='word_1_191' title='bbox 1022 2371 1055 2414; x_wconf 88' lang='lat' dir='ltr'><strong>ex</strong></span> <span class='ocrx_word' id='word_1_192' title='bbox 1078 2359 1194 2432; x_wconf 84' lang='lat' dir='ltr'><strong>patrum</strong></span> <span class='ocrx_word' id='word_1_193' title='bbox 1216 2352 1300 2416; x_wconf 92' lang='lat' dir='ltr'><strong>libris</strong></span> <span class='ocrx_word' id='word_1_194' title='bbox 1315 2373 1403 2436; x_wconf 90' lang='lat' dir='ltr'><strong>quam</strong></span> 
     </span>
     <span class='ocr_line' id='line_1_22' title="bbox 178 2452 1404 2535; baseline 0.004 -22"><span class='ocrx_word' id='word_1_195' title='bbox 178 2452 292 2534; x_wconf 89' lang='lat' dir='ltr'><strong>integra</strong></span> <span class='ocrx_word' id='word_1_196' title='bbox 315 2473 420 2516; x_wconf 88' lang='lat' dir='ltr'><strong>corum</strong></span> <span class='ocrx_word' id='word_1_197' title='bbox 442 2454 552 2532; x_wconf 86' lang='lat' dir='ltr'><strong>scripta</strong></span> <span class='ocrx_word' id='word_1_198' title='bbox 573 2452 718 2515; x_wconf 90' lang='lat' dir='ltr'><strong>studiosis</strong></span> <span class='ocrx_word' id='word_1_199' title='bbox 741 2454 910 2534; x_wconf 86' lang='lat' dir='ltr'><strong>theologiae</strong></span> <span class='ocrx_word' id='word_1_200' title='bbox 932 2453 1090 2517; x_wconf 86' lang='lat' dir='ltr'><strong>historicae</strong></span> <span class='ocrx_word' id='word_1_201' title='bbox 1111 2455 1306 2535; x_wconf 86' lang='lat' dir='ltr'><strong>proponenda</strong></span> <span class='ocrx_word' id='word_1_202' title='bbox 1335 2474 1404 2520; x_wconf 86' lang='lat' dir='ltr'><strong>esse</strong></span> 
     </span>
     <span class='ocr_line' id='line_1_23' title="bbox 180 2553 1402 2634; baseline 0.006 -20"><span class='ocrx_word' id='word_1_203' title='bbox 180 2563 377 2626; x_wconf 88' lang='lat' dir='ltr'><strong>censuerunt,</strong></span> <span class='ocrx_word' id='word_1_204' title='bbox 409 2571 506 2632; x_wconf 88' lang='lat' dir='ltr'><strong>neque</strong></span> <span class='ocrx_word' id='word_1_205' title='bbox 531 2561 670 2633; x_wconf 92' lang='lat' dir='ltr'><strong>putamus</strong></span> <span class='ocrx_word' id='word_1_206' title='bbox 698 2553 780 2626; x_wconf 89' lang='lat' dir='ltr'><strong>lore,</strong></span> <span class='ocrx_word' id='word_1_207' title='bbox 810 2553 860 2634; x_wconf 91' lang='lat' dir='ltr'><strong>qul</strong></span> <span class='ocrx_word' id='word_1_208' title='bbox 887 2571 968 2615; x_wconf 92' lang='lat' dir='ltr'><strong>nnnc</strong></span> <span class='ocrx_word' id='word_1_209' title='bbox 995 2553 1052 2614; x_wconf 89' lang='lat' dir='ltr'><strong>tale</strong></span> <span class='ocrx_word' id='word_1_210' title='bbox 1081 2555 1151 2632; x_wconf 89' lang='lat' dir='ltr'><strong>quid</strong></span> <span class='ocrx_word' id='word_1_211' title='bbox 1178 2573 1195 2616; x_wconf 91' lang='lat' dir='ltr'><strong>a</strong></span> <span class='ocrx_word' id='word_1_212' title='bbox 1231 2555 1320 2620; x_wconf 90' lang='lat' dir='ltr'><strong>uobis</strong></span> <span class='ocrx_word' id='word_1_213' title='bbox 1349 2575 1402 2620; x_wconf 86' lang='lat' dir='ltr'><strong>ex-</strong></span> 
     </span>
     <span class='ocr_line' id='line_1_24' title="bbox 104 2637 1402 2737; baseline 0.003 -22"><span class='ocrx_word' id='word_1_214' title='bbox 104 2693 116 2700; x_wconf 96' lang='lat'><em>-</em></span> <span class='ocrx_word' id='word_1_215' title='bbox 179 2660 324 2733; x_wconf 82' lang='lat' dir='ltr'><strong>spectent.</strong></span> <span class='ocrx_word' id='word_1_216' title='bbox 367 2653 429 2714; x_wconf 91' lang='lat' dir='ltr'><strong>Nec</strong></span> <span class='ocrx_word' id='word_1_217' title='bbox 450 2662 548 2715; x_wconf 87' lang='lat' dir='ltr'><strong>tamen</strong></span> <span class='ocrx_word' id='word_1_218' title='bbox 570 2671 676 2715; x_wconf 88' lang='lat' dir='ltr'><strong>noram</strong></span> <span class='ocrx_word' id='word_1_219' title='bbox 698 2653 824 2732; x_wconf 87' lang='lat' dir='ltr'><strong>aliquam</strong></span> <span class='ocrx_word' id='word_1_220' title='bbox 853 2671 910 2714; x_wconf 86' lang='lat' dir='ltr'><strong>nos</strong></span> <span class='ocrx_word' id='word_1_221' title='bbox 938 2637 1073 2732; x_wconf 79' lang='lat' dir='ltr'><strong>prolerre</strong></span> <span class='ocrx_word' id='word_1_222' title='bbox 1102 2661 1315 2732; x_wconf 79' lang='lat' dir='ltr'><strong>syntagmatum</strong></span> <span class='ocrx_word' id='word_1_223' title='bbox 1347 2675 1402 2737; x_wconf 91' lang='lat' dir='ltr'><strong>pa-</strong></span> 
     </span>
     <span class='ocr_line' id='line_1_25' title="bbox 179 2751 1405 2833; baseline 0.005 -17"><span class='ocrx_word' id='word_1_224' title='bbox 179 2753 364 2816; x_wconf 91' lang='lat' dir='ltr'><strong>tristicorum</strong></span> <span class='ocrx_word' id='word_1_225' title='bbox 387 2752 533 2833; x_wconf 85' lang='lat' dir='ltr'><strong>speciem,</strong></span> <span class='ocrx_word' id='word_1_226' title='bbox 565 2771 640 2832; x_wconf 90' lang='lat' dir='ltr'><strong>quae</strong></span> <span class='ocrx_word' id='word_1_227' title='bbox 662 2751 788 2814; x_wconf 88' lang='lat' dir='ltr'><strong>dubitari</strong></span> <span class='ocrx_word' id='word_1_228' title='bbox 809 2752 907 2832; x_wconf 88' lang='lat' dir='ltr'><strong>possit</strong></span> <span class='ocrx_word' id='word_1_229' title='bbox 928 2770 966 2813; x_wconf 91' lang='lat' dir='ltr'><strong>an</strong></span> <span class='ocrx_word' id='word_1_230' title='bbox 992 2752 1113 2814; x_wconf 90' lang='lat' dir='ltr'><strong>omnino</strong></span> <span class='ocrx_word' id='word_1_231' title='bbox 1137 2752 1176 2814; x_wconf 91' lang='lat' dir='ltr'><strong>eit</strong></span> <span class='ocrx_word' id='word_1_232' title='bbox 1197 2756 1352 2820; x_wconf 82' lang='lat' dir='ltr'><strong>commoda</strong></span> <span class='ocrx_word' id='word_1_233' title='bbox 1374 2765 1405 2821; x_wconf 89' lang='lat' dir='ltr'><strong>et</strong></span> 
     </span>
     <span class='ocr_line' id='line_1_26' title="bbox 150 2847 1403 2934; baseline 0.004 -18"><span class='ocrx_word' id='word_1_234' title='bbox 150 2850 152 2861; x_wconf 89' lang='lat'>&#39;</span> <span class='ocrx_word' id='word_1_235' title='bbox 180 2853 248 2916; x_wconf 90' lang='lat' dir='ltr'><strong>usui</strong></span> <span class='ocrx_word' id='word_1_236' title='bbox 271 2847 478 2933; x_wconf 85' lang='lat' dir='ltr'><strong>theologorum</strong></span> <span class='ocrx_word' id='word_1_237' title='bbox 500 2852 697 2922; x_wconf 79' lang='lat' dir='ltr'><strong>conveniens,</strong></span> <span class='ocrx_word' id='word_1_238' title='bbox 730 2852 760 2914; x_wconf 93' lang='lat' dir='ltr'><strong>id</strong></span> <span class='ocrx_word' id='word_1_239' title='bbox 783 2852 989 2915; x_wconf 88' lang='lat' dir='ltr'><strong>collectionum</strong></span> <span class='ocrx_word' id='word_1_240' title='bbox 1012 2851 1174 2926; x_wconf 90' lang='lat' dir='ltr'><strong>eiusmodi,</strong></span> <span class='ocrx_word' id='word_1_241' title='bbox 1202 2873 1276 2934; x_wconf 89' lang='lat' dir='ltr'><strong>quas</strong></span> <span class='ocrx_word' id='word_1_242' title='bbox 1297 2874 1403 2921; x_wconf 84' lang='lat' dir='ltr'><strong>recen·</strong></span> 
     </span>
     <span class='ocr_line' id='line_1_27' title="bbox 149 2952 1479 3048; baseline 0.005 -32"><span class='ocrx_word' id='word_1_243' title='bbox 149 3013 152 3016; x_wconf 85' lang='lat'>.</span> <span class='ocrx_word' id='word_1_244' title='bbox 181 2955 307 3028; x_wconf 90' lang='lat' dir='ltr'><strong>suimus,</strong></span> <span class='ocrx_word' id='word_1_245' title='bbox 330 2954 461 3036; x_wconf 85' lang='lat' dir='ltr'><strong>exempla</strong></span> <span class='ocrx_word' id='word_1_246' title='bbox 484 2955 601 3046; x_wconf 81' lang='lat' dir='ltr'><strong>docent.</strong></span> <span class='ocrx_word' id='word_1_247' title='bbox 644 2953 707 3016; x_wconf 77' lang='lat' dir='ltr'><strong>ntis</strong></span> <span class='ocrx_word' id='word_1_248' title='bbox 727 2971 798 3015; x_wconf 89' lang='lat' dir='ltr'><strong>vero</strong></span> <span class='ocrx_word' id='word_1_249' title='bbox 822 2961 870 3016; x_wconf 88' lang='lat' dir='ltr'><strong>cst</strong></span> <span class='ocrx_word' id='word_1_250' title='bbox 890 2952 1042 3034; x_wconf 86' lang='lat' dir='ltr'><strong>quaestio,</strong></span> <span class='ocrx_word' id='word_1_251' title='bbox 1064 2971 1101 3016; x_wconf 89' lang='lat' dir='ltr'><strong>an</strong></span> <span class='ocrx_word' id='word_1_252' title='bbox 1124 2963 1203 3018; x_wconf 89' lang='lat' dir='ltr'><strong>recte</strong></span> <span class='ocrx_word' id='word_1_253' title='bbox 1230 2965 1405 3032; x_wconf 85' lang='lat' dir='ltr'><strong>statuamus,</strong></span> <span class='ocrx_word' id='word_1_254' title='bbox 1476 3039 1479 3048; x_wconf 20' lang='grc' dir='ltr'><strong><em>Δ</em></strong></span> 
     </span>
     <span class='ocr_line' id='line_1_28' title="bbox 164 3054 1405 3136; baseline 0.002 -19"><span class='ocrx_word' id='word_1_255' title='bbox 164 3055 293 3118; x_wconf 46' lang='lat' dir='ltr'><strong>*naamis</strong></span> <span class='ocrx_word' id='word_1_256' title='bbox 329 3055 513 3136; x_wconf 80' lang='lat' dir='ltr'><strong>temporibus</strong></span> <span class='ocrx_word' id='word_1_257' title='bbox 551 3054 658 3118; x_wconf 90' lang='lat' dir='ltr'><strong>edendi</strong></span> <span class='ocrx_word' id='word_1_258' title='bbox 695 3055 795 3136; x_wconf 88' lang='lat' dir='ltr'><strong>operis</strong></span> <span class='ocrx_word' id='word_1_259' title='bbox 832 3055 1019 3120; x_wconf 87' lang='lat' dir='ltr'><strong>occasionem</strong></span> <span class='ocrx_word' id='word_1_260' title='bbox 1054 3055 1141 3120; x_wconf 86' lang='lat' dir='ltr'><strong>nohis</strong></span> <span class='ocrx_word' id='word_1_261' title='bbox 1180 3075 1248 3120; x_wconf 90' lang='lat' dir='ltr'><strong>ease</strong></span> <span class='ocrx_word' id='word_1_262' title='bbox 1291 3059 1405 3122; x_wconf 73' lang='lat' dir='ltr'><strong>damme</strong></span> 
     </span>
    </p>

    <p class='ocr_par' dir='ltr' id='par_1_3' title="bbox 152 3155 1459 3626">
     <span class='ocr_line' id='line_1_29' title="bbox 181 3155 1405 3241; baseline -0.001 -22"><span class='ocrx_word' id='word_1_263' title='bbox 181 3155 219 3220; x_wconf 90' lang='lat' dir='ltr'><strong>de</strong></span> <span class='ocrx_word' id='word_1_264' title='bbox 240 3176 297 3238; x_wconf 91' lang='lat' dir='ltr'><strong>qua</strong></span> <span class='ocrx_word' id='word_1_265' title='bbox 319 3166 474 3241; x_wconf 88' lang='lat' dir='ltr'><strong>antequam</strong></span> <span class='ocrx_word' id='word_1_266' title='bbox 497 3157 593 3220; x_wconf 91' lang='lat' dir='ltr'><strong>dicam</strong></span> <span class='ocrx_word' id='word_1_267' title='bbox 614 3156 685 3238; x_wconf 92' lang='lat' dir='ltr'><strong>quid</strong></span> <span class='ocrx_word' id='word_1_268' title='bbox 712 3157 855 3230; x_wconf 74' lang='lat' dir='ltr'><strong>sennam,</strong></span> <span class='ocrx_word' id='word_1_269' title='bbox 887 3175 1012 3220; x_wconf 89' lang='lat' dir='ltr'><strong>necesse</strong></span> <span class='ocrx_word' id='word_1_270' title='bbox 1042 3165 1090 3218; x_wconf 89' lang='lat' dir='ltr'><strong>est</strong></span> <span class='ocrx_word' id='word_1_271' title='bbox 1116 3157 1154 3218; x_wconf 90' lang='lat' dir='ltr'><strong>de</strong></span> <span class='ocrx_word' id='word_1_272' title='bbox 1181 3159 1276 3237; x_wconf 86' lang='lat' dir='ltr'><strong>ipsius</strong></span> <span class='ocrx_word' id='word_1_273' title='bbox 1304 3157 1405 3234; x_wconf 88' lang='lat' dir='ltr'><strong>operis</strong></span> 
     </span>
     <span class='ocr_line' id='line_1_30' title="bbox 181 3253 1459 3332; baseline -0.005 -10"><span class='ocrx_word' id='word_1_274' title='bbox 181 3259 318 3322; x_wconf 87' lang='lat' dir='ltr'><strong>instituto</strong></span> <span class='ocrx_word' id='word_1_275' title='bbox 339 3258 529 3321; x_wconf 82' lang='lat' dir='ltr'><strong>vel-materia</strong></span> <span class='ocrx_word' id='word_1_276' title='bbox 551 3267 581 3320; x_wconf 93' lang='lat' dir='ltr'><strong>et</strong></span> <span class='ocrx_word' id='word_1_277' title='bbox 602 3260 697 3320; x_wconf 82' lang='lat' dir='ltr'><strong>torma</strong></span> <span class='ocrx_word' id='word_1_278' title='bbox 720 3257 875 3320; x_wconf 86' lang='lat' dir='ltr'><strong>disseram.</strong></span> <span class='ocrx_word' id='word_1_279' title='bbox 920 3255 951 3316; x_wconf 92' lang='lat' dir='ltr'><strong>ld</strong></span> <span class='ocrx_word' id='word_1_280' title='bbox 965 3255 1044 3315; x_wconf 90' lang='lat' dir='ltr'><strong>enim</strong></span> <span class='ocrx_word' id='word_1_281' title='bbox 1061 3255 1228 3316; x_wconf 86' lang='lat' dir='ltr'><strong>institutum</strong></span> <span class='ocrx_word' id='word_1_282' title='bbox 1250 3254 1337 3332; x_wconf 89' lang='lat' dir='ltr'><strong>quale</strong></span> <span class='ocrx_word' id='word_1_283' title='bbox 1355 3256 1404 3328; x_wconf 89' lang='lat' dir='ltr'><strong>sit,</strong></span> <span class='ocrx_word' id='word_1_284' title='bbox 1454 3253 1459 3263; x_wconf 84' lang='grc'><strong>“</strong></span> 
     </span>
     <span class='ocr_line' id='line_1_31' title="bbox 152 3351 1406 3438; baseline -0.004 -17"><span class='ocrx_word' id='word_1_285' title='bbox 152 3376 278 3438; x_wconf 64' lang='lat' dir='ltr'><strong>1neque</strong></span> <span class='ocrx_word' id='word_1_286' title='bbox 300 3358 454 3438; x_wconf 87' lang='lat' dir='ltr'><strong>inscriptio</strong></span> <span class='ocrx_word' id='word_1_287' title='bbox 477 3359 516 3419; x_wconf 87' lang='lat' dir='ltr'><strong>ita</strong></span> <span class='ocrx_word' id='word_1_288' title='bbox 539 3357 658 3432; x_wconf 88' lang='lat' dir='ltr'><strong>indicat,</strong></span> <span class='ocrx_word' id='word_1_289' title='bbox 685 3367 718 3420; x_wconf 88' lang='lat' dir='ltr'><strong>ut</strong></span> <span class='ocrx_word' id='word_1_290' title='bbox 740 3355 813 3419; x_wconf 89' lang='lat' dir='ltr'><strong>nihil</strong></span> <span class='ocrx_word' id='word_1_291' title='bbox 835 3371 911 3434; x_wconf 89' lang='lat' dir='ltr'><strong>opus</strong></span> <span class='ocrx_word' id='word_1_292' title='bbox 934 3352 974 3414; x_wconf 89' lang='lat' dir='ltr'><strong>sit</strong></span> <span class='ocrx_word' id='word_1_293' title='bbox 991 3351 1115 3413; x_wconf 86' lang='lat' dir='ltr'><strong>editoris</strong></span> <span class='ocrx_word' id='word_1_294' title='bbox 1130 3351 1332 3430; x_wconf 81' lang='lat' dir='ltr'><strong>professione,</strong></span> <span class='ocrx_word' id='word_1_295' title='bbox 1350 3370 1406 3416; x_wconf 90' lang='lat' dir='ltr'><strong>ne·</strong></span> 
     </span>
     <span class='ocr_line' id='line_1_32' title="bbox 183 3451 1407 3538; baseline -0.001 -17"><span class='ocrx_word' id='word_1_296' title='bbox 183 3477 241 3538; x_wconf 92' lang='lat' dir='ltr'><strong>que</strong></span> <span class='ocrx_word' id='word_1_297' title='bbox 262 3458 405 3528; x_wconf 88' lang='lat' dir='ltr'><strong>hactenus</strong></span> <span class='ocrx_word' id='word_1_298' title='bbox 427 3458 499 3520; x_wconf 90' lang='lat' dir='ltr'><strong>satis</strong></span> <span class='ocrx_word' id='word_1_299' title='bbox 522 3457 552 3519; x_wconf 93' lang='lat' dir='ltr'><strong>in</strong></span> <span class='ocrx_word' id='word_1_300' title='bbox 574 3457 630 3520; x_wconf 92' lang='lat' dir='ltr'><strong>hac</strong></span> <span class='ocrx_word' id='word_1_301' title='bbox 649 3457 831 3538; x_wconf 87' lang='lat' dir='ltr'><strong>praelatione</strong></span> <span class='ocrx_word' id='word_1_302' title='bbox 853 3453 1028 3534; x_wconf 81' lang='lat' dir='ltr'><strong>exphcatum</strong></span> <span class='ocrx_word' id='word_1_303' title='bbox 1051 3460 1112 3527; x_wconf 91' lang='lat' dir='ltr'><strong>eat,</strong></span> <span class='ocrx_word' id='word_1_304' title='bbox 1142 3452 1200 3514; x_wconf 89' lang='lat' dir='ltr'><strong>etsi</strong></span> <span class='ocrx_word' id='word_1_305' title='bbox 1228 3451 1265 3514; x_wconf 90' lang='lat' dir='ltr'><strong>ab</strong></span> <span class='ocrx_word' id='word_1_306' title='bbox 1287 3452 1407 3534; x_wconf 86' lang='lat' dir='ltr'><strong>ipsura</strong></span> 
     </span>
     <span class='ocr_line' id='line_1_33' title="bbox 182 3551 1325 3626; baseline -0.01 -4"><span class='ocrx_word' id='word_1_307' title='bbox 182 3559 282 3622; x_wconf 84' lang='lat' dir='ltr'><strong>exorsi</strong></span> <span class='ocrx_word' id='word_1_308' title='bbox 304 3577 419 3621; x_wconf 88' lang='lat' dir='ltr'><strong>sumus.</strong></span> <span class='ocrx_word' id='word_1_309' title='bbox 1158 3551 1161 3558; x_wconf 87' lang='lat'>&#39;</span> <span class='ocrx_word' id='word_1_310' title='bbox 1319 3611 1325 3626; x_wconf 78' lang='grc'>,</span> 
     </span>
    </p>

    <p class='ocr_par' dir='ltr' id='par_1_4' title="bbox 113 3649 1409 4444">
     <span class='ocr_line' id='line_1_34' title="bbox 185 3649 1405 3741; baseline -0.002 -19"><span class='ocrx_word' id='word_1_311' title='bbox 185 3649 219 3676; x_wconf 84' lang='grc'><strong><em>”</em></strong></span> <span class='ocrx_word' id='word_1_312' title='bbox 267 3659 398 3724; x_wconf 81' lang='lat' dir='ltr'><strong>Primum</strong></span> <span class='ocrx_word' id='word_1_313' title='bbox 420 3658 510 3739; x_wconf 89' lang='lat' dir='ltr'><strong>igitur</strong></span> <span class='ocrx_word' id='word_1_314' title='bbox 531 3660 610 3741; x_wconf 93' lang='lat' dir='ltr'><strong>quod</strong></span> <span class='ocrx_word' id='word_1_315' title='bbox 631 3659 750 3723; x_wconf 85' lang='lat' dir='ltr'><strong>maximi</strong></span> <span class='ocrx_word' id='word_1_316' title='bbox 772 3665 820 3721; x_wconf 90' lang='lat' dir='ltr'><strong>est</strong></span> <span class='ocrx_word' id='word_1_317' title='bbox 847 3655 991 3724; x_wconf 90' lang='lat' dir='ltr'><strong>momenti</strong></span> <span class='ocrx_word' id='word_1_318' title='bbox 1019 3674 1180 3737; x_wconf 83' lang='lat' dir='ltr'><strong>exponam,</strong></span> <span class='ocrx_word' id='word_1_319' title='bbox 1209 3655 1315 3736; x_wconf 90' lang='lat' dir='ltr'><strong>quihus</strong></span> <span class='ocrx_word' id='word_1_320' title='bbox 1343 3666 1405 3720; x_wconf 89' lang='lat' dir='ltr'><strong>ter-</strong></span> 
     </span>
     <span class='ocr_line' id='line_1_35' title="bbox 182 3758 1407 3844; baseline -0.003 -20"><span class='ocrx_word' id='word_1_321' title='bbox 182 3762 272 3824; x_wconf 91' lang='lat' dir='ltr'><strong>minis</strong></span> <span class='ocrx_word' id='word_1_322' title='bbox 294 3761 439 3838; x_wconf 89' lang='lat' dir='ltr'><strong>collectio,</strong></span> <span class='ocrx_word' id='word_1_323' title='bbox 461 3781 548 3844; x_wconf 89' lang='lat' dir='ltr'><strong>quam</strong></span> <span class='ocrx_word' id='word_1_324' title='bbox 570 3762 745 3842; x_wconf 90' lang='lat' dir='ltr'><strong>simpliciter</strong></span> <span class='ocrx_word' id='word_1_325' title='bbox 769 3758 983 3823; x_wconf 81' lang='lat' dir='ltr'><strong>Bibliotheeam</strong></span> <span class='ocrx_word' id='word_1_326' title='bbox 1001 3771 1128 3838; x_wconf 83' lang='lat' dir='ltr'><strong>potrum</strong></span> <span class='ocrx_word' id='word_1_327' title='bbox 1149 3775 1330 3837; x_wconf 82' lang='lat' dir='ltr'><strong>pruscorum</strong></span> <span class='ocrx_word' id='word_1_328' title='bbox 1352 3759 1407 3820; x_wconf 90' lang='lat' dir='ltr'><strong>dc-</strong></span> 
     </span>
     <span class='ocr_line' id='line_1_36' title="bbox 183 3858 1407 3941; baseline -0.003 -17"><span class='ocrx_word' id='word_1_329' title='bbox 183 3865 340 3940; x_wconf 82' lang='lat' dir='ltr'><strong>pmatr&#39;com</strong></span> <span class='ocrx_word' id='word_1_330' title='bbox 355 3863 519 3924; x_wconf 88' lang='lat' dir='ltr'><strong>inscribere</strong></span> <span class='ocrx_word' id='word_1_331' title='bbox 533 3862 606 3924; x_wconf 89' lang='lat' dir='ltr'><strong>mihi</strong></span> <span class='ocrx_word' id='word_1_332' title='bbox 622 3861 741 3941; x_wconf 83' lang='lat' dir='ltr'><strong>placuit,</strong></span> <span class='ocrx_word' id='word_1_333' title='bbox 764 3859 804 3920; x_wconf 89' lang='lat' dir='ltr'><strong>sit</strong></span> <span class='ocrx_word' id='word_1_334' title='bbox 825 3859 1046 3937; x_wconf 87' lang='lat' dir='ltr'><strong>circumscripta</strong></span> <span class='ocrx_word' id='word_1_335' title='bbox 1068 3858 1113 3919; x_wconf 87' lang='lat' dir='ltr'><strong>rel</strong></span> <span class='ocrx_word' id='word_1_336' title='bbox 1132 3876 1275 3936; x_wconf 87' lang='lat' dir='ltr'><strong>quaenam</strong></span> <span class='ocrx_word' id='word_1_337' title='bbox 1291 3867 1407 3938; x_wconf 84' lang='lat' dir='ltr'><strong>patrum</strong></span> 
     </span>
     <span class='ocr_line' id='line_1_37' title="bbox 184 3956 1409 4039; baseline -0.001 -19"><span class='ocrx_word' id='word_1_338' title='bbox 184 3977 357 4038; x_wconf 88' lang='lat' dir='ltr'><strong>graecorum</strong></span> <span class='ocrx_word' id='word_1_339' title='bbox 386 3962 528 4039; x_wconf 87' lang='lat' dir='ltr'><strong>opuscula</strong></span> <span class='ocrx_word' id='word_1_340' title='bbox 556 3961 721 4038; x_wconf 83' lang='lat' dir='ltr'><strong>dogmatica</strong></span> <span class='ocrx_word' id='word_1_341' title='bbox 748 3975 784 4019; x_wconf 83' lang='lat' dir='ltr'><strong>ex</strong></span> <span class='ocrx_word' id='word_1_342' title='bbox 810 3975 916 4036; x_wconf 89' lang='lat' dir='ltr'><strong>magna</strong></span> <span class='ocrx_word' id='word_1_343' title='bbox 946 3975 1022 4038; x_wconf 89' lang='lat' dir='ltr'><strong>quae</strong></span> <span class='ocrx_word' id='word_1_344' title='bbox 1050 3964 1144 4018; x_wconf 83' lang='lat' dir='ltr'><strong>exstat</strong></span> <span class='ocrx_word' id='word_1_345' title='bbox 1171 3956 1358 4021; x_wconf 87' lang='lat' dir='ltr'><strong>multitudine</strong></span> <span class='ocrx_word' id='word_1_346' title='bbox 1378 3965 1409 4020; x_wconf 88' lang='lat' dir='ltr'><strong>et</strong></span> 
     </span>
     <span class='ocr_line' id='line_1_38' title="bbox 184 4053 1406 4138; baseline 0 -18"><span class='ocrx_word' id='word_1_347' title='bbox 184 4058 325 4121; x_wconf 76' lang='lat' dir='ltr'><strong>radente</strong></span> <span class='ocrx_word' id='word_1_348' title='bbox 346 4059 475 4138; x_wconf 89' lang='lat' dir='ltr'><strong>deligere</strong></span> <span class='ocrx_word' id='word_1_349' title='bbox 497 4059 678 4137; x_wconf 88' lang='lat' dir='ltr'><strong>iunctimque</strong></span> <span class='ocrx_word' id='word_1_350' title='bbox 699 4056 788 4119; x_wconf 89' lang='lat' dir='ltr'><strong>edere</strong></span> <span class='ocrx_word' id='word_1_351' title='bbox 809 4059 998 4135; x_wconf 88' lang='lat' dir='ltr'><strong>propositum</strong></span> <span class='ocrx_word' id='word_1_352' title='bbox 1021 4053 1071 4115; x_wconf 87' lang='lat' dir='ltr'><strong>sit</strong></span> <span class='ocrx_word' id='word_1_353' title='bbox 1116 4055 1180 4126; x_wconf 83' lang='lat' dir='ltr'><strong>Qua</strong></span> <span class='ocrx_word' id='word_1_354' title='bbox 1208 4053 1246 4116; x_wconf 89' lang='lat' dir='ltr'><strong>de</strong></span> <span class='ocrx_word' id='word_1_355' title='bbox 1273 4076 1305 4120; x_wconf 91' lang='lat' dir='ltr'><strong>rc</strong></span> <span class='ocrx_word' id='word_1_356' title='bbox 1333 4076 1406 4119; x_wconf 91' lang='lat' dir='ltr'><strong>cou-</strong></span> 
     </span>
     <span class='ocr_line' id='line_1_39' title="bbox 186 4151 1407 4240; baseline -0.003 -18"><span class='ocrx_word' id='word_1_357' title='bbox 186 4157 284 4222; x_wconf 90' lang='lat' dir='ltr'><strong>silium</strong></span> <span class='ocrx_word' id='word_1_358' title='bbox 312 4175 412 4221; x_wconf 88' lang='lat' dir='ltr'><strong>meum</strong></span> <span class='ocrx_word' id='word_1_359' title='bbox 440 4158 477 4219; x_wconf 89' lang='lat' dir='ltr'><strong>ab</strong></span> <span class='ocrx_word' id='word_1_360' title='bbox 515 4157 600 4220; x_wconf 65' lang='lat' dir='ltr'><strong>inita</strong></span> <span class='ocrx_word' id='word_1_361' title='bbox 632 4151 828 4240; x_wconf 87' lang='lat' dir='ltr'><strong>praelationis</strong></span> <span class='ocrx_word' id='word_1_362' title='bbox 865 4155 905 4218; x_wconf 84' lang='lat' dir='ltr'><strong>ita</strong></span> <span class='ocrx_word' id='word_1_363' title='bbox 937 4152 1057 4235; x_wconf 81' lang='lat' dir='ltr'><strong>aperui,</strong></span> <span class='ocrx_word' id='word_1_364' title='bbox 1089 4159 1123 4213; x_wconf 92' lang='lat' dir='ltr'><strong>ut</strong></span> <span class='ocrx_word' id='word_1_365' title='bbox 1150 4152 1179 4212; x_wconf 93' lang='lat' dir='ltr'><strong>in</strong></span> <span class='ocrx_word' id='word_1_366' title='bbox 1207 4171 1293 4217; x_wconf 89' lang='lat' dir='ltr'><strong>usum</strong></span> <span class='ocrx_word' id='word_1_367' title='bbox 1319 4157 1407 4220; x_wconf 89' lang='lat' dir='ltr'><strong>theo-</strong></span> 
     </span>
     <span class='ocr_line' id='line_1_40' title="bbox 113 4237 1409 4338; baseline -0.003 -16"><span class='ocrx_word' id='word_1_368' title='bbox 113 4253 117 4262; x_wconf 83' lang='grc'>’</span> <span class='ocrx_word' id='word_1_369' title='bbox 176 4260 323 4338; x_wconf 78' lang='lat' dir='ltr'><strong>&#39;logcrum</strong></span> <span class='ocrx_word' id='word_1_370' title='bbox 354 4255 481 4318; x_wconf 85' lang='lat' dir='ltr'><strong>maxime</strong></span> <span class='ocrx_word' id='word_1_371' title='bbox 502 4237 665 4324; x_wconf 75' lang='lat' dir='ltr'><strong>desidera‘ri</strong></span> <span class='ocrx_word' id='word_1_372' title='bbox 696 4255 932 4317; x_wconf 89' lang='lat' dir='ltr'><strong>demonstrarem</strong></span> <span class='ocrx_word' id='word_1_373' title='bbox 964 4251 1110 4314; x_wconf 89' lang='lat' dir='ltr'><strong>delectum</strong></span> <span class='ocrx_word' id='word_1_374' title='bbox 1141 4251 1409 4318; x_wconf 88' lang='lat' dir='ltr'><strong>illustrissimorum</strong></span> 
     </span>
     <span class='ocr_line' id='line_1_41' title="bbox 184 4349 1408 4444; baseline -0.005 -21"><span class='ocrx_word' id='word_1_375' title='bbox 184 4367 303 4444; x_wconf 88' lang='lat' dir='ltr'><strong>patrum</strong></span> <span class='ocrx_word' id='word_1_376' title='bbox 324 4373 507 4439; x_wconf 88' lang='lat' dir='ltr'><strong>graecorum,</strong></span> <span class='ocrx_word' id='word_1_377' title='bbox 531 4354 582 4436; x_wconf 93' lang='lat' dir='ltr'><strong>qui</strong></span> <span class='ocrx_word' id='word_1_378' title='bbox 602 4373 691 4436; x_wconf 70' lang='lat' dir='ltr'><strong>mum</strong></span> <span class='ocrx_word' id='word_1_379' title='bbox 713 4351 887 4438; x_wconf 87' lang='lat' dir='ltr'><strong>principalia</strong></span> <span class='ocrx_word' id='word_1_380' title='bbox 910 4363 940 4418; x_wconf 89' lang='lat' dir='ltr'><strong>et</strong></span> <span class='ocrx_word' id='word_1_381' title='bbox 962 4350 1140 4438; x_wconf 77' lang='lat' dir='ltr'><strong>universalia</strong></span> <span class='ocrx_word' id='word_1_382' title='bbox 1160 4349 1313 4432; x_wconf 89' lang='lat' dir='ltr'><strong>religionis</strong></span> <span class='ocrx_word' id='word_1_383' title='bbox 1328 4353 1408 4418; x_wconf 89' lang='lat' dir='ltr'><strong>chri·</strong></span> 
     </span>
    </p>
   </div>
   <div class='ocr_carea' id='block_1_3' title="bbox 187 4451 1407 4540">
    <p class='ocr_par' dir='ltr' id='par_1_5' title="bbox 187 4451 1407 4540">
     <span class='ocr_line' id='line_1_42' title="bbox 187 4451 1407 4540; baseline -0.007 -14"><span class='ocrx_word' id='word_1_384' title='bbox 187 4461 301 4526; x_wconf 86' lang='lat' dir='ltr'><strong>stirnac</strong></span> <span class='ocrx_word' id='word_1_385' title='bbox 321 4459 518 4540; x_wconf 77' lang='lat' dir='ltr'><strong>regmen-de</strong></span> <span class='ocrx_word' id='word_1_386' title='bbox 533 4458 663 4524; x_wconf 87' lang='lat' dir='ltr'><strong>trinitate</strong></span> <span class='ocrx_word' id='word_1_387' title='bbox 678 4467 708 4524; x_wconf 90' lang='lat' dir='ltr'><strong>ct</strong></span> <span class='ocrx_word' id='word_1_388' title='bbox 721 4455 926 4524; x_wconf 85' lang='lat' dir='ltr'><strong>incarnatione</strong></span> <span class='ocrx_word' id='word_1_389' title='bbox 948 4455 997 4522; x_wconf 91' lang='lat' dir='ltr'><strong>dei</strong></span> <span class='ocrx_word' id='word_1_390' title='bbox 1017 4455 1050 4519; x_wconf 92' lang='lat' dir='ltr'><strong>in</strong></span> <span class='ocrx_word' id='word_1_391' title='bbox 1071 4451 1285 4536; x_wconf 88' lang='lat' dir='ltr'><strong>disceptatione</strong></span> <span class='ocrx_word' id='word_1_392' title='bbox 1305 4473 1407 4518; x_wconf 80' lang='lat' dir='ltr'><strong>seraa-</strong></span> 
     </span>
    </p>
   </div>
   <div class='ocr_carea' id='block_1_4' title="bbox 0 0 1606 5082">
    <p class='ocr_par' dir='ltr' id='par_1_6' title="bbox 0 0 1606 5082">
     <span class='ocr_line' id='line_1_43' title="bbox 0 0 1606 5082; baseline 0 0"><span class='ocrx_word' id='word_1_393' title='bbox 0 0 1606 5082; x_wconf 95' lang='lat' dir='ltr'><strong> </strong></span> 
     </span>
    </p>
   </div>
  </div>
 </body>
</html>
