3216 5048
201 279 264 348 τεο
601 293 631 335 ι.
646 287 800 334 mmm
813 286 1039 334 ιτσειτιιεεοει

117 443 239 512 most&
260 441 345 522 υίσῦ,
368 443 443 518 πάς
464 437 529 526 ἀρα
549 437 607 504 τὸν
628 437 712 506 θεὸν
733 443 865 526 κτίστην
888 431 974 504 εἶναι
995 437 1120 523 λέγετε,
1143 435 1195 502 ἐἴ
1207 459 1246 522 γε
1259 433 1317 502 διά
1331 433 1433 522 λόγου

160 587 171 600 -
201 545 255 612 καὶ
278 543 313 611 ἐν
336 547 441 630 σοφίᾳ
463 539 575 608 πάντα
595 539 639 607 τὰ
658 539 816 627 γινόμενα
834 545 968 626 γίνεται,
991 543 1093 622 χωρίς
1113 561 1150 604 τε
1170 534 1290 603 τούτου
1313 530 1373 604 οάιι
1390 535 1434 604 άν

201 670 238 712 τι
256 648 394 730 γίνοιτο,
419 636 477 708 οάκ
492 641 558 725 ἔχει
572 642 609 708 δὲ
630 635 711 709 καθ’
736 635 824 726 ἀμᾶς
844 639 878 708 έν
893 629 921 728 ᾦ
935 642 989 708 καί
1006 633 1053 706 δι’
1079 627 1118 705 οὗ
1135 637 1177 706 τὰ
1191 637 1304 707 πάντα
1318 647 1434 722 ποιεῖς

203 746 232 814 εί
253 745 291 811 δὲ
311 742 357 831 μή
378 741 584 831 καρπογόνος
605 741 694 811 ἐστίν
716 737 818 830 ιἀἀτή
840 737 860 832 ἡ
881 747 964 809 θεία
986 736 1102 821 οὐσία,
1126 734 1195 806 ἀλλ’
1221 739 1341 828 ἕρημος
1361 735 1431 807 κατ’

203 839 324 924 αὖτοὺς
338 839 384 924 ὥς
406 848 479 933 φῶς
499 845 544 933 μή
561 845 706 934 φωτίζον
719 843 776 911 καὶ
789 842 877 931 πηγή
893 842 983 931 ξηρά,
1007 845 1082 922 πῶς
1097 840 1328 930 δημιουργυιὴν
1344 841 1436 929 ἐνέρ-

203 970 295 1034 γειαν
318 945 401 1030 ἔχειν
425 941 534 1028 αὐτόν,
546 948 695 1033 λέγοντες
717 939 775 1012 οάκ
796 943 1006 1028 αἰσχύνονται
1012 975 1024 1026 ,·
1045 946 1100 1012 καί
1116 941 1329 1033 ἀναιροῦντες
1343 945 1380 1012 δέ
1393 945 1437 1011 τὸ

203 1045 288 1118 κατὰ
310 1047 421 1136 φύσιν,
444 1051 520 1128 πῶς
533 1047 573 1116 τὸ
587 1047 671 1116 κατὰ
683 1046 841 1135 βούλησιν
858 1052 1103 1136 επροηγεῖσθαι
1114 1047 1272 1126 θέλοντες
1287 1041 1346 1113 οὖν
1360 1046 1437 1134 ἐρυ-

202 1152 367 1237 θριῶσινς
398 1149 428 1217 ελ
450 1151 487 1217 δέ
507 1149 550 1217 τά
571 1148 663 1228 ἐκτὸς
690 1149 744 1216 καί
772 1142 830 1214 οάκ
858 1145 937 1216 όντα
963 1146 1142 1235 πρότερον,
1174 1147 1376 1236 βουλόμενος
1397 1149 1439 1217 δὲ

204 1246 289 1319 αάτάι
310 1245 404 1331 εἶναι,
429 1253 621 1340 δημιουργεῖ
642 1253 697 1318 καὶ
718 1257 844 1337 γίνεται
857 1249 984 1316 τούτων
999 1249 1149 1337 ποιητής,
1173 1251 1289 1338 πολλῷ
1313 1249 1437 1336 πρότε-

203 1375 262 1440 ρον
285 1353 336 1441 ε’ίη
359 1346 399 1421 ἀν
421 1351 532 1441 πατήρ
553 1351 754 1440 γεννήματος
767 1351 802 1420 ἐκ
815 1354 875 1438 τῆς
889 1350 977 1430 ἰδίας
998 1346 1123 1431 οὐσίας.
1153 1352 1182 1419 εἰ
1196 1350 1258 1439 γάρ
1279 1351 1320 1418 τό
1335 1351 1437 1439 αβοά-

204 1456 329 1522 λισθαι
350 1451 429 1542 περὶ
449 1458 517 1522 τῶν
536 1453 582 1543 μή
597 1451 710 1526 ,ὄντων
732 1452 868 1521 διδόασι
888 1455 935 1540 τῷ
957 1454 1040 1539 θεῷ,
1064 1449 1156 1520 διατί
1168 1452 1215 1540 μὴ
1228 1457 1267 1522 τὸ
1282 1450 1439 1542 ὑπερκεί-

203 1579 303 1641 μενον
325 1547 383 1643 τῆς
403 1555 592 1645 βουλήσεως
614 1550 673 1623 οὖν
688 1555 945 1641 ίπιγινιόσκουσι
966 1557 1025 1620 τοῦ
1041 1556 1143 1637 θεοῦς
1166 1551 1437 1646 ἀπεραναβίβηνιε

206 1657 242 1724 δδ
263 1659 322 1744 τῆς
341 1655 530 1744 βουλήσεως
551 1657 590 1725 τὸ
612 1664 797 1747 πεφυκέναι
817 1655 874 1723 καὶ
889 1650 974 1724 εἶναι
989 1650 1088 1722 αὐτὸν
1111 1663 1259 1745 ’πατέρα
1272 1662 1332 1726 τοῦ
1349 1659 1439 1728 λδίσυ

205 1757 314 1844 λόγου.
360 1758 390 1827 εἰ
411 1766 522 1826 τοίνυν
543 1759 582 1826 τὸ
604 1759 777 1846 πρότερον,
801 1754 978 1844 όπερέστί
1002 1757 1211 1846 κατὰφύσιν,
1236 1753 1294 1844 οδχ
1311 1757 1438 1851 άπῆρξε

206 1859 290 1928 κατὰ
312 1859 370 1948 τὴν
393 1858 524 1927 ἐκείνων
546 1858 677 1940 ἀνοιαν,
701 1862 776 1939 πῶς
796 1857 835 1926 τὸ
858 1858 1024 1945 δεύτερον,
1056 1854 1139 1947 ὅπερ
1162 1859 1233 1927 ἔστί
1254 1863 1338 1930 κατὰ
1358 1865 1439 1951 βοά-

208 1963 313 2050 λησιν,
335 1947 458 2048 γένοιτ’
483 1959 540 2045 άνς
563 1960 726 2049 πρότερον
749 1962 785 2028 δέ
800 1960 890 2028 ἐστιν
905 1955 924 2026 6
939 1959 1036 2046 λόγος
1049 1964 1104 2028 καὶ
1121 1961 1271 2049 δεύτερον
1285 1960 1306 2051 ή
1320 1972 1437 2047 κτίσις.

210 2057 283 2130 ἀλλ’
309 2063 398 2132 ἔστιν
420 2058 438 2130 6
461 2063 572 2150 λόγος,
600 2057 661 2150 κᾷν
682 2063 823 2130 πλείονα
843 2062 1012 2146 τολμῶσιν
1035 2062 1067 2128 σί
1090 2057 1237 2150 ἀσεβεῖς·
1271 2062 1312 2133 δι’
1335 2063 1441 2135 αὐτοῖν

208 2164 271 2253 γάρ
292 2171 422 2253 γέγονεν
443 2161 463 2252 ή
485 2172 601 2246 κτίσις,
623 2167 678 2232 καί
701 2165 800 2250 δήλου
822 2159 863 2231 άν
886 2165 936 2251 εἴη
952 2159 1006 2230 ὅτι
1024 2165 1166 2254 ποιητής
1181 2162 1227 2234 ὢν
1241 2163 1259 2232 6
1273 2166 1355 2245 θεὸς
1371 2169 1439 2250 ἔχει

209 2267 345 2336 καὶτὸν
368 2265 597 2358 δημιουργικὸν
619 2265 716 2353 λόγον
738 2259 797 2332 οάκ
818 2265 944 2346 ἔξωθεν
966 2260 1034 2332 ἀλλ’
1059 2266 1147 2334 ἰ’διον
1171 2268 1299 2336 ἑαυτοῦ·
1330 2266 1436 2334 πάλιν

208 2368 271 2455 γὰρ
292 2369 332 2437 τὸ
354 2364 435 2438 αὐτὸ
458 2371 582 2460 ῥητέον.
628 2369 658 2438 εἰ
679 2368 719 2435 τὸ
739 2367 925 2454 βούλεσθαι
948 2367 1023 2450 ἔχει,
1045 2371 1099 2435 καί
1120 2369 1159 2435 τὸ
1173 2369 1321 2458 βούλημα
1335 2363 1435 2435 ahma

209 2469 384 2552 ποιητικόν
407 2470 493 2549 ἐστι,
527 2470 583 2538 καὶ
610 2466 703 2556 ἀρκεῖ
727 2468 766 2536 τό
788 2468 938 2554 βούλημα
961 2463 1063 2535 αὐτοῦ
1084 2467 1170 2555 πρὸς
1191 2471 1358 2539 σύστασιν
1372 2473 1440 2539 τῶν

208 2572 398 2651 γινομένων,
423 2564 441 2633 6
464 2570 502 2634 δὲ
523 2569 620 2654 λόγος
642 2569 731 2636 ἐστὶν
749 2565 850 2636 αὐτοῦ
872 2569 1060 2654 λποιητικὸς
1074 2567 1129 2636 καὶ
1142 2569 1358 2657 δημιουργός·
1381 2567 1442 2639 οάιι

210 2661 408 2754 ἀμφίβολον,
433 2663 487 2734 ότι
508 2664 608 2747 αάτός
630 2669 720 2736 ἐστιν
741 2665 761 2759 ἦ
783 2673 842 2736 τοῦ
858 2669 987 2757 πατρὸς
1002 2673 1091 2752 ζῶσα
1102 2669 1203 2756 βουλή
1218 2674 1271 2736 καί
1288 2671 1440 2752 ίνοόσιος

210 2767 356 2854 ένίργεια
376 2771 430 2836 καί
455 2769 551 2856 λόγος
574 2764 744 2860 ἀληθινός,
769 2771 804 2838 έν
826 2761 854 2858 ᾦ
874 2775 929 2839 καί
951 2779 1124 2860 συνέστηκε
1137 2773 1190 2838 καί
1207 2772 1383 2839 διοικεῖται
1397 2771 1442 2840 τά

210 2868 322 2936 πάντα
343 2870 460 2952 καλῶς.
483 2867 613 2951 ὀὐδεὶς
633 2873 669 2940 δὲ
692 2867 770 2941 οὐδὲ
785 2873 977 2954 διατάξειεν,
1002 2870 1047 2953 ὥς
1065 2871 1083 2940 6
1100 2869 1248 2962 ἁρμόζων
1262 2875 1321 2962 τῆς
1336 2869 1442 2960 ἀρμο-

211 2978 284 3053 νίας
298 2971 353 3042 καὶ
367 2977 434 3042 τῶν
456 2969 688 3062 ἁρμοζομένων
710 2974 866 3061 πρόεστι,
889 2977 943 3042 καί
967 2975 1118 3063 δεύτερόν
1141 2976 1222 3058 έστι,
1243 2975 1336 3042 καθά
1357 2999 1443 3062 προ-

212 3085 319 3158 εῖπον,
341 3075 382 3144 τό
405 3079 615 3166 δημιουργεῖν
637 3081 695 3146 τοῦ
717 3081 832 3164 γεννᾶν
854 3075 911 3144 τὸν
933 3075 1027 3144 θεόν.
1050 3077 1090 3145 τὸ
1110 3080 1173 3162 μέν
1192 3077 1254 3166 γάρ
1269 3077 1340 3156 υίὸς
1354 3077 1443 3144 ἴδιον

211 3180 285 3246 ΙΙκαί
308 3175 445 3268 ἀληθῶς
467 3179 501 3250 έκ
522 3184 581 3267 τῆς
601 3185 765 3265 μακαρίας
787 3177 910 3265 ἐκείνης
936 3181 991 3246 καί
1015 3173 1065 3246 ἀεί
1094 3177 1195 3268 οόσης
1223 3176 1339 3259 σάσίας
1361 3177 1440 3258 ἐστί,

211 3279 254 3346 τά
282 3282 318 3348 δέ
342 3279 376 3347 ἐκ
403 3282 592 3368 βουλήσεως
619 3274 719 3364 αὐτῆς
749 3279 875 3357 ἔξωθεν
904 3280 1125 3366 συνιστάμενα
1151 3287 1278 3368 γίνεται
1302 3282 1356 3348 καὶ
1386 3280 1444 3368 δη-

211 3390 420 3463 μιουργεῖται
440 3379 512 3446 ἰδιά
532 3381 592 3444 τοῦ
615 3377 702 3444 ίδίου
724 3381 777 3446 καί
801 3377 837 3459 ἐξ
857 3373 958 3470 αὐτῆς
977 3381 1185 3471 γεννήματος.

298 3483 327 3544 3.
377 3471 504 3544 Οὐκοῦν
526 3481 585 3544 τοῦ
614 3477 712 3565 λόγου
735 3480 920 3563 δεικνόντος
941 3473 1068 3571 πολλὴν
1091 3479 1237 3552 ἀτοπίαν
1268 3481 1353 3552 κατὰ
1377 3483 1445 3549 τῶν

214 3577 373 3663 λεγόντων
395 3577 440 3665 μή
464 3573 550 3647 εἶναι
571 3578 642 3648 υἱὸν
665 3584 749 3650 θεοῦ
772 3569 857 3652 ἀλλά
884 3590 1029 3673 ποίημα,
1061 3580 1182 3674 ἀνάγκη
1210 3586 1331 3654 λοιπὸν
1359 3579 1446 3674 ἡμᾶς

214 3679 448 3767 συνομολογεῖν
470 3681 542 3749 υλὸν
566 3677 652 3751 εἶναι
672 3685 730 3752 τὸν
751 3685 873 3772 κόριον.
919 3685 955 3755 εί
972 3687 1008 3754 δὲ
1030 3687 1102 3768 υίάς
1125 3687 1231 3768 ἐστιν,
1256 3683 1366 3772 ὥςπερ
1388 3674 1446 3752 οάν

213 3783 268 3848 καλ
291 3781 396 3864 ἔστιν,
421 3781 631 3874 ὡμολόγηται
653 3787 689 3854 δέ
712 3782 731 3853 6
752 3785 826 3866 υίὸς
846 3779 905 3854 οάκ
927 3787 1053 3867 ἔξωθεν
1076 3784 1145 3857 ἀλλ’
1171 3787 1206 3856 ἐκ
1227 3789 1287 3853 τοῦ
1309 3789 1449 3874 γεννῶν-

213 3905 272 3963 τος
292 3875 416 3966 ι“ελναι,
447 3885 492 3974 μή
515 3887 797 3976 διαφερέσδωσαν
818 3898 894 3968 ταῖς
916 3889 1033 3971 λέξεσι,
1056 3889 1150 3959 καθά
1170 3899 1356 3976 προεῖπον,
1391 3885 1449 3956 ἐὰν

248 4121 270 4157 ι.
295 4108 336 4158 Sic
362 4109 462 4172 Segner.
487 4112 585 4164 Goblor.
612 4122 635 4164 ει
661 4113 764 4163 Felekm.
784 4113 806 4165 Ι.
891 4131 912 4165 υ.
931 4115 1030 4176 sepner.
1049 4113 1146 4166 Gobler.
1165 4109 1309 4160 ειῖεΙεΙιιυ.
1324 4106 1346 4154 ¹.
1364 4115 1449 4179 πυθμ-

214 4173 259 4226 Ani
276 4190 332 4226 ιιτο
352 4186 377 4226 ει
394 4177 450 4228 editi
468 4172 493 4228 εί
508 4173 563 4244 γάρ
581 4174 635 4229 διά.
666 4182 807 4244 Ρυσίοησιι
855 4181 970 4248 μεῖσθαι
986 4175 1118 4233 θέλοντες.
1154 4178 1218 4229 Ειίίιι
1236 4183 1260 4225 ιι
1277 4165 1450 4236 ιίιλπρυβαλ·

215 4243 314 4305 sennar.
329 4239 419 4310 χωρίς
437 4259 472 4296 τι.
509 4249 569 4296 &dni
589 4257 613 4298 ει
631 4252 703 4299 celeri
717 4243 807 4318 χιιρλι·
856 4247 954 4301 lame.
1350 4297 1358 4316 ,

214 4304 252 4361 δέ.
289 4311 339 4361 λιιι
358 4317 456 4374 ευμεν.
475 4316 574 4365 comer.
592 4323 615 4365 ει
628 4317 732 4366 δαείω.
747 4317 768 4367 ί.
782 4317 806 4368 ί.
891 4316 914 4367 ί.
933 4317 1033 4377 δτςιιιι.
1058 4323 1082 4364 ιι
1099 4312 1206 4364 Felckm.
1220 4311 1250 4381 42
1262 4302 1450 4375 flmm-

214 4369 609 4457 53062326022022'61255.
642 4384 688 4434 Alii
707 4393 732 4436 ιι
749 4385 807 4436 editi
890 4397 912 4432 ε.
931 4381 1030 4444 Βεςυιιι.
1050 4373 1137 4431 σάτδν
1179 4373 1240 4430 ἀσει
1255 4371 1370 4443 πατέρα.
1398 4375 1452 4426 Μαι

215 4459 264 4495 ουιι
280 4442 336 4513 ἔχει
351 4441 421 4498 καθ’
441 4443 520 4516 ὑμᾶς.
858 4451 921 4501 iden
946 4460 971 4501 ιι
993 4451 1050 4514 λος.
1077 4444 1102 4502 εί
1122 4465 1218 4501 τοινυν
1245 4443 1279 4500 τά
1302 4437 1449 4511 πότερον.

248 4515 272 4563 b.
291 4519 390 4577 Seguer.
412 4519 510 4569 Gobler.
528 4527 553 4569 ει
570 4519 674 4571 Felckm.
688 4521 711 4570 1.
729 4509 806 4578 τότε.
857 4519 948 4579 Angue.
963 4519 1061 4570 [ἰάλλει.
1072 4521 1178 4572 Ὲείιίιω.
1189 4520 1213 4571 1.
1232 4529 1257 4572 ιι
1273 4518 1298 4569 ί.
1316 4459 1342 4568 ελ
1358 4516 1455 4565 τοίνυν
