3084 5042
481 243 629 288 eruerant
643 245 664 290 r.
680 247 716 288 sn
733 245 930 293 suessionen.
992 279 998 284 -
1151 281 1153 284 -
1248 239 1309 302 733
1372 283 1377 290 -

80 395 211 476 Spiritus
234 400 366 466 sanctus,
390 393 440 472 qui
462 394 493 456 in
515 393 578 456 Dea
600 401 656 469 est,
679 395 868 460 immutabilis
890 407 921 460 et
940 399 1129 481 incorruptus
1151 375 1393 486 amnisqueesu.

78 495 294 559 vicissitudinis
317 511 422 573 expers
452 513 521 558 esse
543 497 709 559 censendus
731 507 787 560 est.
830 500 876 562 At.
888 518 988 563 rerum
1009 503 1150 565 laetarum
1172 514 1202 566 et
1223 525 1307 570 crea-

79 606 176 660 tarum
198 604 303 658 natura
326 595 477 659 mutabilis
499 606 561 671 est,
588 605 693 677 utpote
720 617 796 679 quse
817 600 856 662 sit
877 611 958 665 extra
980 604 1032 664 Dei
1062 603 1257 666 substantiam
1278 615 1309 670 et

79 698 212 760 euibilo
233 697 390 761 exstiterit.
434 689 587 778 Siquidem
611 699 715 762 Omnis
738 700 834 773 bosso,
857 701 962 783 inquit,
983 707 1121 777 oreadas,
1145 714 1175 767 et
1198 706 1308 768 Ooaaes

75 809 283 882 peccauerunt
305 809 333 862 et
355 810 440 878 egeat
461 799 562 878 gloria
583 799 648 862 Dei.
692 801 823 882 Angelos
844 821 927 877 aero,
951 810 1005 887 qui
1024 824 1087 869 aaa
1104 820 1393 872 seraaaoruottrnas.

78 921 169 966 suum
186 903 408 982 principatum,
439 902 492 964 sod
514 901 741 984 dereliquerunt
768 923 857 966 saum
878 907 1073 980 domicilium,
1103 913 1138 971 iu
1164 912 1309 974 iudicium

75 1005 181 1082 magni
206 1003 266 1064 diei
291 1001 422 1064 uinculis
450 1005 584 1068 aeternis
612 1003 668 1065 sud
698 999 824 1084 calipius
856 1012 1036 1072 reservavit.
1080 1009 1118 1072 Et
1139 1011 1217 1090 apud
1237 1011 1307 1075 lob:

79 1103 116 1166 Si
135 1109 249 1166 sancus
271 1102 393 1184 Angelis
425 1107 490 1166 suis
518 1122 580 1165 ooo
606 1091 691 1185 fidit,
719 1106 772 1168 scd
800 1118 907 1169 caretro
928 1109 1057 1188 Angelos
1081 1119 1216 1190 prunum
1237 1113 1309 1194 guid

79 1209 231 1286 cogitauit.
272 1203 389 1268 Stellae
418 1223 491 1266 uero
513 1223 577 1267 aaa
598 1216 670 1296 sant
690 1207 820 1270 mundae
841 1213 874 1270 iro
896 1221 1056 1290 conspectu
1077 1215 1153 1274 eius.
1196 1211 1306 1274 Paulus

78 1316 178 1370 antem
207 1305 325 1367 scribit:
354 1305 483 1368 Nescitis
510 1310 652 1386 quoniam
673 1303 802 1386 Angelos
822 1309 1046 1374 iudicabimus?
1072 1323 1185 1393 guanto
1212 1319 1307 1394 magis
1339 1347 1344 1352 ·

79 1405 257 1471 secularia?
301 1406 380 1481 Quin
404 1407 491 1468 etiam
514 1405 689 1480 audivimus,
714 1407 874 1484 diabolum,
900 1410 1002 1490 quiin
1024 1411 1123 1474 media
1147 1411 1305 1477 Cherubim

79 1507 178 1592 stabat
199 1515 229 1569 et
248 1507 430 1587 signaculum
454 1507 656 1569 similitudinis
680 1515 758 1583 erat,
781 1528 798 1572 e
819 1511 901 1571 caelo
924 1512 1008 1591 quasi
1022 1512 1129 1592 ‚fulgur
1149 1514 1303 1578 cecidisse.

78 1609 112 1671 Si
133 1627 225 1688 porra
248 1627 281 1670 ea
310 1617 358 1670 est
385 1626 484 1672 rerum
514 1617 677 1670 creatarum
707 1617 812 1672 natum
839 1619 869 1672 et
896 1612 969 1674 haec
996 1612 1033 1675 de
1053 1615 1172 1699 Angelis
1195 1616 1306 1697 scripta

78 1719 159 1785 suut,
182 1710 209 1772 si
230 1719 332 1772 conus
354 1709 484 1789 Spiritus
503 1711 585 1772 idem
609 1728 729 1790 semper
750 1721 781 1773 et
802 1713 900 1774 omnis
922 1703 1096 1776 mutationis
1119 1734 1225 1796 expers
1248 1727 1305 1790 est,

77 1812 129 1893 qui
152 1820 182 1874 et
200 1811 268 1874 Filii
289 1811 533 1875 immutabilitatis
554 1811 702 1892 particeps
721 1831 792 1874 cum
813 1812 881 1894 ipso
897 1831 1017 1894 semper
1030 1815 1222 1878 immutabilis
1238 1835 1294 1880 ms-

75 1923 145 1989 net3
177 1931 320 1994 quaenam
349 1913 454 1976 amabo
483 1913 657 2008 similitudoss
667 1913 858 1988 immutabilis
880 1933 947 1978 cum
969 1916 1187 1980 mutabilibus?
1229 1917 1307 1982 iiiuc

76 2015 157 2080 enim
178 2015 368 2095 perspicuum
390 2023 452 2089 est,
481 2029 579 2095 neque
606 2033 670 2076 rem
697 2022 825 2077 cresum
846 2034 915 2078 esse
935 2034 1033 2094 neque
1055 2018 1093 2078 ad
1113 2019 1304 2096 Angelorum,

74 2127 181 2198 utpute
202 2117 252 2196 qui
274 2115 431 2180 mutabiles
454 2115 531 2189 sint,
559 2123 696 2177 naturam
715 2116 881 2195 pertinere,
909 2115 962 2178 sed
984 2116 1073 2179 Verbi
1095 2117 1252 2196 imaginem
1275 2129 1306 2180 et

74 2219 173 2282 Patris
188 2219 356 2299 -praprium
386 2237 463 2280 esse.
507 2218 663 2280 Praeterea
691 2216 820 2296 Spiritus
849 2217 968 2279 Domini
999 2218 1171 2279 universnm
1200 2218 1321 2280 orbem·

74 2321 210 2401 replerit.
253 2319 296 2382 lis
318 2319 397 2382 enim
419 2319 509 2382 David
532 2319 652 2382 cecinit:
678 2319 747 2391 Qua
770 2319 860 2380 ida'a
881 2317 1005 2398 Spiritu
1027 2316 1105 2381 tua?
1148 2317 1185 2378 Et
1199 2318 1230 2379 iu
1245 2317 1302 2380 Ss-

74 2423 188 2504 pientia
209 2421 353 2499 scriptum
374 2429 435 2484 est:
460 2419 541 2484 Tuus
563 2423 643 2482 euim
662 2423 864 2500 incorruptus
880 2417 1016 2499 Spiritus
1032 2428 1077 2480 est
1098 2423 1132 2480 ia
1154 2419 1302 2482 omnibus.

75 2522 165 2602 Atqui
187 2520 343 2583 universae
371 2539 419 2584 res
450 2523 543 2583 iactae
565 2519 721 2590 indivisis
743 2519 816 2582 locis
840 2519 986 2592 existunt,
1016 2519 1097 2582 verbi
1125 2521 1218 2600 gratia
1246 2521 1303 2594 sol,
1379 2527 1385 2542 '

74 2624 146 2686 luna
169 2629 200 2685 et
220 2631 299 2685 astra
319 2621 350 2684 in
371 2623 568 2695 firmamenta,
592 2629 623 2683 et
643 2621 737 2685 nubes
758 2623 790 2684 in
812 2627 892 2684 aere.
936 2621 971 2683 ln
992 2622 1164 2684 bominibus
1186 2641 1305 2703 quoquo

73 2725 229 2790 nationum
254 2723 397 2786 terminos
420 2723 583 2786 constituit.
626 2723 730 2803 Augeli
751 2722 888 2786 similiter
904 2723 936 2785 in
950 2723 1118 2786 ministeria
1131 2722 1303 2791 mittuntur:

74 2826 114 2888 lit
135 2836 286 2889 asserunt
307 2825 415 2906 Angeli
432 2825 498 2899 Dei,
522 2836 558 2889 at
579 2829 757 2889 assisterent
779 2842 881 2888 caram
903 2824 1043 2896 Domina,
1065 2823 1109 2886 uti
1130 2823 1162 2886 in
1181 2823 1235 2887 iob
1248 2825 1303 2908 ¹le·

75 2927 184 3006 gimus.
227 2927 264 2989 Et
285 2926 456 2990 Somaluoit
473 2927 563 2991 iacob
578 2927 772 3018 Patriorclto.
815 2925 855 2988 llt
876 2945 940 2989 ecce
954 2927 1039 2988 scala
1060 2929 1169 2988 inemo
1189 2930 1223 2988 ia
1237 2924 1303 2988 torss

76 3047 125 3100 ra,
150 3032 234 3092 ouius
258 3047 398 3092 comatos
420 3030 460 3092 ad
483 3029 597 3091 caelum
615 3029 822 3109 perueniebat,
849 3037 877 3090 ot
898 3027 1007 3106 Angeli
1026 3025 1086 3092 set
1105 3027 1311 3090 ascendebant

75 3137 108 3190 et
130 3128 344 3193 descendebant
360 3147 420 3210 por
441 3134 548 3208 ipsam.
591 3128 623 3191 Si
637 3129 727 3208 igitur
742 3128 870 3207 Spiritus
885 3125 984 3189 omnia
999 3125 1102 3206 implet
1116 3135 1145 3188 et
1158 3125 1189 3186 in
1204 3124 1302 3187 Verbo

73 3249 221 3311 praeseus
243 3230 341 3292 estin
364 3228 461 3292 media
485 3230 629 3305 omnium,
652 3231 679 3292 si
701 3237 803 3292 contm
817 3228 919 3307 Angeli
936 3229 992 3289 hac
1012 3229 1043 3290 iu
1065 3247 1098 3288 re
1119 3226 1161 3288 iili
1183 3227 1302 3300 cedunt,

73 3339 164 3410 atque
185 3331 245 3394 illic
264 3337 379 3392 tautum
401 3331 510 3393 adsunt
531 3350 589 3412 quo
611 3332 775 3406 mittantur,
798 3328 919 3392 dubium
941 3329 1043 3410 utique
1063 3347 1125 3390 nan
1148 3337 1202 3402 est,
1230 3327 1302 3407 quin

73 3431 206 3511 Spiritus
234 3449 290 3494 nec
315 3449 365 3522 res
392 3433 468 3494 iacta
496 3451 552 3495 nec
577 3433 706 3513 Angelus
730 3432 785 3507 sit,
814 3431 857 3492 uti
886 3431 1066 3494 contendere
1087 3429 1217 3504 audetis,
1248 3431 1301 3492 sed
1328 3499 1334 3516 x

71 3531 255 3611 Angelorum
276 3537 382 3626 natura
404 3533 543 3612 superior
564 3541 646 3596 certe
668 3533 836 3596 censendus
859 3543 915 3594 est.

71 3720 111 3768 sic
129 3718 215 3768 behet:
231 3709 259 3768 ni
274 3715 345 3767 sarda
363 3712 452 3784 ἁγίων
469 3711 553 3768 edroi
572 3710 604 3766 οὗ
620 3732 663 3766 m-
714 3719 812 3769 Goblsr.
838 3727 861 3768 et
884 3717 990 3767 i'elcim.
1011 3717 1032 3766 1.
1058 3731 1190 3780 anonymus
1214 3710 1246 3766 τὸ
1271 3711 1301 3766 δὲ

71 3776 173 3840 distiti,
185 3777 275 3850 ἄστρα
285 3780 315 3836 dt
324 3796 368 3837 ete
387 3789 537 3838 intermediis
556 3788 663 3836 omissis.
713 3783 820 3851 πνεῦμα
837 3777 868 3832 τὸ
884 3773 897 3796 ”
917 3797 960 3831 ιον
977 3775 1045 3832 αὐτό
1062 3777 1121 3832 ἐστι
1137 3779 1237 3834 solete.
1255 3783 1302 3835 Alii

108 3853 192 3902 dosia
209 3853 267 3915 fleg.
286 3853 308 3904 i.
327 3855 468 3916 Sogaerieu.
487 3863 511 3903 et
528 3855 600 3903 basil.
636 3857 664 3904 At
715 3861 739 3903 at
756 3854 813 3902 editi
831 3845 862 3899 ab
898 3845 1036 3918 ὲπνεῦμα
1053 3843 1082 3899 ἕν
1099 3844 1157 3900 lasa
1174 3845 1223 3898 sal
1239 3860 1284 3904 etc.

70 3920 174 3980 ¹Gabler.
193 3929 216 3970 et
234 3921 376 3972 reiciet.
394 3911 460 3968 dtas
476 3913 523 3968 ital
540 3913 554 3968 ὃ
573 3913 665 3998 διάρσ-
749 3920 765 3967 l.
792 3920 833 3968 Sic
855 3919 912 3980 fleg.
934 3919 956 3967 i.
980 3920 1079 3981 Seguar.
1103 3918 1176 3968 Bssii.
1203 3921 1301 3972 Gabler.

68 3984 128 4040 lor.
166 3988 257 4049 Augiic.
276 3996 300 4037 et
317 3988 409 4052 Regi.
428 3981 494 4036 ἀλλὰ
511 3981 566 4057 γὰρ
584 3979 663 4035 seed
716 3985 887 4036 eructarunt.
925 3985 1003 4035 Ceteri
1022 3995 1046 4034 et
1063 3986 1119 4036 editi
1137 3979 1220 4034 ἐστίν.
1250 3988 1301 4038 ilex
1386 4013 1388 4016 ·

70 4047 209 4117 stipatos.
244 4055 288 4104 Alii
306 4057 398 4106 etaditi
416 4049 483 4104 itta
499 4047 554 4120 γὰρ
573 4047 587 4102 d
606 4046 665 4101 ‹loai-
714 4052 787 4120 iidem
812 4067 869 4102 iuss.
893 4051 983 4102 habent
1005 4045 1181 4102 limentinus
1204 4047 1301 4118 τούτῳ.
1334 4099 1337 4104 Δ

67 4119 162 4186 βολος.
198 4123 274 4173 Paula
292 4132 350 4187 pcst
367 4124 449 4184 iidem,
463 4125 520 4186 fleg.
533 4123 554 4171 1.
564 4123 664 4184 Ssgner.
715 4120 793 4171 Ceteri
817 4128 841 4169 et
864 4119 920 4170 editi
943 4111 1070 4174 ἐλάττους
1087 4112 1163 4173 ὄντες
1179 4113 1209 4170 lr
1226 4115 1302 4186 τόπῳ

68 4199 97 4241 et
115 4189 189 4239 [iasii.
208 4191 297 4241 babent
314 4183 343 4240 lot
360 4189 409 4240 τοῦ
427 4181 553 4255 adparari.
585 4188 664 4241 Ceteri
714 4179 774 4238 olai.
809 4187 884 4238 iidem
895 4189 951 4238 item
970 4191 1128 4254 manuscripti
1139 4189 1234 4240 codices
1244 4203 1301 4250 por-

68 4267 96 4308 et
115 4257 174 4308 editi
191 4250 221 4306 lto
237 4257 295 4307 suiv
310 4249 452 4326 οὐρανῶν..
713 4255 812 4305 tienlsm
836 4241 900 4310 odo,
928 4269 1001 4319 quatu
1026 4258 1065 4306 olii
1090 4265 1114 4306 et
1137 4257 1193 4304 editi
1213 4255 1301 4302 babent

109 4340 131 4374 e.
150 4326 207 4388 Reg.
220 4326 242 4377 i.
254 4336 278 4377 et
289 4328 389 4389 Seguer.
408 4319 526 4392 τρεπτὴν
542 4317 597 4391 ἔχει
614 4318 665 4384 τὴν
714 4332 771 4387 past
788 4313 954 4388 ἀμφίβολον,
975 4324 1095 4383 amittant,
1113 4323 1234 4384 iidemque
1245 4327 1301 4382 past

69 4385 170 4458 φύσιν.
205 4394 259 4444 tior
276 4395 348 4444 iidem
367 4403 391 4445 et
408 4395 481 4444 Sosii.
499 4409 526 4444 oe
543 4394 664 4456 Angiican.
716 4381 900 4454 odrsgsequeus
918 4391 1009 4442 addunt
1026 4383 1109 4447 dioc,
1130 4403 1191 4455 quae
1208 4399 1251 4436 rar
1270 4387 1300 4436 ab

68 4453 106 4508 τὸ
125 4454 164 4526 ,δὲ
189 4459 297 4526 πνεῦμα
326 4456 357 4512 τὸ
383 4453 450 4510 αὐτό
469 4453 529 4511 ἐστι
549 4455 596 4512 stol
619 4469 664 4511 etc.
715 4457 770 4510 aliis
787 4465 811 4509 et
828 4459 898 4508 oditis
916 4458 993 4510 obest.
