3084 5042
478 235 621 279 narsrona
635 235 656 278 ι.
672 237 708 278 uo
725 235 920 282 summoueri.
1250 227 1307 290 731

81 388 179 450 dictus
202 393 259 450 eet.
303 383 342 446 Ut
363 383 435 468 item
450 383 541 446 Filius
564 397 610 447 est
632 385 775 464 sapientia
798 387 969 460 atrocitas,
991 389 1036 450 sic
1058 391 1144 452 etiam
1168 393 1395 473 scriptumeers.

83 497 146 560 est,
178 487 323 566 Spiritum
353 504 422 546 esse
445 485 581 564 spiritum
604 486 766 566 sapientiae
790 487 980 551 atrocitatis.
1025 491 1116 553 Filius
1147 501 1195 554 est
1222 495 1309 556 etiam

83 590 178 651 virtus
201 588 254 649 Dei
277 595 308 648 et
328 586 467 648 dominus
490 587 612 665 gloriae.
656 588 799 650 Similiter
820 589 951 670 Spiritus
975 591 1082 654 dicitur
1105 594 1226 674 spiritus
1250 598 1309 658 vir·
1318 609 1394 652 narr.

83 690 156 752 tutis
183 698 214 750 et
241 687 365 767 spiritus
394 687 521 766 gloriae,
556 688 592 748 de
629 689 736 768 quibus
767 689 891 770 singulis
921 692 965 754 sic
992 693 1123 772 loquitur
1150 693 1311 774 Scriptum,

83 809 193 869 nempe
215 789 266 850 ubi
286 787 396 850 Paulus
419 789 455 849 ad
478 789 648 852 Corinthios
669 791 786 852 scribit:
820 785 954 855 Siccius
975 797 1199 879 copnoaiss‘rnu
1231 817 1314 858 nuu-

84 910 176 972 punm
198 891 358 952 boeticum
379 890 496 970 pieriae
520 890 754 970 mucifiairseut.
799 892 837 954 Et
857 891 942 954 alibi:
966 893 1034 957 Nou
1056 901 1135 958 caua
1156 903 1312 980 accepistis

84 995 229 1071 spiritura
251 995 409 1053 seror'tutis
431 996 541 1054 iterum
564 997 596 1054 iu
619 998 768 1066 timorem,
800 997 852 1057 sed
879 1000 1035 1077 accepistis
1059 997 1210 1078 Spiritum
1237 999 1312 1062 udo-

82 1096 210 1174 ptiorsis.
253 1091 291 1152 Et
312 1093 435 1152 iterum:
465 1091 548 1156 Misit
568 1092 652 1155 beas
674 1093 824 1174 Spiritum
847 1095 918 1158 Filii
945 1104 996 1160 sui
1020 1104 1053 1160 in
1085 1101 1178 1162 cordo
1210 1115 1312 1163 oestro

86 1193 281 1256 stannatum
302 1193 386 1272 Abba
404 1203 506 1273 pater.
551 1193 657 1255 Petrus
679 1195 748 1256 item
765 1196 883 1257 scribit:
906 1197 944 1259 Si
963 1200 1193 1278 eaprotrummt
1206 1205 1239 1262 iu
1254 1221 1312 1264 rto-

83 1301 164 1358 miua
187 1295 309 1365 Christi,
333 1295 420 1366 beati,
443 1297 584 1375 quonium
605 1293 722 1374 pieriae
743 1309 771 1360 et
793 1301 917 1360 uirtutis
939 1310 968 1360 ct
983 1298 1042 1360 Dei
1060 1297 1197 1380 Spiritus.
1219 1321 1312 1382 super

84 1415 141 1458 eos
163 1399 321 1478 requievit.
364 1395 434 1473 lpse
462 1403 560 1456 autern
575 1382 726 1459 'Dominus
749 1397 890 1478 Spiritum
919 1406 949 1472 st
970 1399 1100 1462 veritatis
1125 1400 1259 1480 spiritum
1282 1411 1312 1462 et

83 1497 265 1576 paracletum
295 1515 363 1559 esse
391 1505 492 1577 aperte
520 1505 654 1560 testatur.
705 1497 748 1559 Ex
775 1499 883 1578 quibus
912 1509 992 1579 patet
1018 1501 1178 1582 perfectam
1209 1503 1238 1563 in
1260 1503 1310 1564 iiio

84 1615 156 1660 esse
177 1597 359 1660 Trinitatem.
404 1599 437 1659 ln
466 1599 516 1660 iilo
546 1599 644 1678 itaque
665 1600 794 1662 Verbum
822 1619 871 1662 res
901 1610 1014 1664 creatas
1045 1602 1188 1681 glorificat
1209 1604 1309 1666 homi-

85 1717 198 1779 nesque
219 1699 292 1760 deos
316 1706 346 1762 et
366 1699 443 1760 titios
466 1700 595 1762 efficiens
617 1701 697 1762 Patri
718 1702 844 1764 adducit.
888 1703 975 1782 dtqtai
997 1702 1023 1762 is
1032 1725 1058 1776 ,e
1071 1703 1121 1782 qui
1152 1721 1203 1765 res
1226 1723 1310 1765 crea-

85 1811 132 1862 tas
154 1819 219 1864 oum
242 1799 338 1862 Verbo
361 1801 523 1882 coniungit,
546 1803 612 1883 ipse
634 1811 714 1864 certe
736 1821 786 1866 res
808 1811 905 1865 cauata
928 1822 996 1865 esse
1018 1821 1079 1865 non
1097 1813 1208 1886 potest.
1251 1805 1311 1878 Qut

83 1903 158 1964 item
179 1921 228 1963 res
251 1909 364 1988 mestas
386 1903 463 1964 iiiios
484 1904 590 1978 efficite
619 1923 679 1967 non
711 1913 848 1985 potesta
870 1905 946 1966 Filio
969 1904 1083 1968 alienus
1107 1925 1185 1968 esse.
1227 1905 1311 1967 ttio-

85 2003 267 2081 quinalium
289 2003 425 2083 spiritum
448 2023 590 2084 quaerere
613 2025 736 2068 necesse
759 2014 849 2079 esset,
872 2015 903 2066 ut
925 2006 982 2067 iste
1003 2007 1034 2068 in
1056 2007 1107 2068 ilio
1129 2025 1196 2070 curn
1214 2007 1311 2068 Verbo

84 2104 223 2183 coniungi
245 2114 358 2186 posset.
405 2107 511 2168 Verum
541 2107 570 2186 id
599 2107 813 2187 perabsurdum
842 2117 898 2167 est.
943 2107 1132 2187 Quapropter
1160 2108 1311 2168 intendunt

84 2215 141 2278 est,
164 2225 226 2268 non
248 2227 282 2268 ex
306 2207 396 2268 rebus
418 2208 503 2269 iactis
526 2227 594 2270 esse
617 2207 769 2287 Spiritum,
792 2206 1028 2270 sedfdirinitatis
1044 2208 1140 2268 Patris
1156 2208 1311 2286 proprium

67 2327 170 2383 sessa,
200 2308 231 2370 in
261 2327 321 2388 quo
349 2319 380 2372 et
406 2310 504 2389 ipsum
528 2309 655 2372 Verbum
685 2328 735 2370 res
758 2311 848 2371 iactas
871 2308 986 2394 divinae
1009 2317 1131 2370 naturae
1153 2318 1311 2371 consortes

81 2410 193 2472 reddit
236 2411 387 2489 diociis,
419 2412 450 2472 in
472 2429 531 2492 quo
554 2419 657 2474 natura
680 2419 776 2473 creata
798 2407 958 2472 divinitatis
981 2408 1200 2490 triporticus,
1229 2419 1311 2472 extra

83 2511 182 2572 Patris
205 2509 381 2576 divinitatem
402 2515 468 2595 ipse
490 2533 558 2577 esse
581 2532 642 2574 non
664 2499 773 2595 potest

174 2614 225 2676 26.
269 2611 405 2676 Ceterum
427 2635 462 2677 ex
482 2615 530 2678 bis
554 2633 672 2696 quoquo
693 2615 846 2696 percipere
861 2614 940 2687 licet,
963 2613 1105 2694 Spiritum
1121 2611 1211 2672 rebus
1227 2631 1311 2675 cres-

83 2712 124 2775 tis
147 2713 333 2793 superiorem
360 2703 508 2796 aliumuuo
536 2735 551 2778 a
579 2715 670 2780 rebus
699 2716 783 2778 iactis
811 2733 891 2776 esse.
934 2713 1047 2793 Nempe
1068 2711 1259 2774 immutabilis
1284 2719 1314 2772 et

84 2813 234 2876 variantis
256 2834 363 2896 expers
386 2827 433 2880 est
455 2817 585 2898 Spiritus
609 2827 745 2880 sanctas:
768 2816 903 2900 Spiritus
927 2825 1068 2886 sauctus,
1092 2812 1196 2892 inquit,
1220 2813 1312 2874 disci—

83 2915 189 2996 plinae
210 2918 307 2997 supiet
329 2918 446 3004 dotum,
475 2930 505 2981 et
532 2921 653 2999 auferet
674 2939 706 2982 se
727 2938 746 2980 a
769 2917 1016 2998 capitationibus,
1045 2933 1120 2994 quae
1148 2922 1222 2974 suut
1249 2917 1313 2974 siue

87 3016 251 3080 iuteiiectu.
295 3018 335 3080 Et
354 3019 459 3082 Penus
482 3021 538 3082 ait:
561 3019 600 3082 Iu
621 3019 910 3101 incorruptibilitate
933 3020 1027 3098 quieti
1046 3025 1075 3076 et
1095 3015 1224 3074 modesti
1242 3011 1313 3090 Spi-

88 3125 180 3180 ritus.
223 3118 262 3180 iit
283 3119 390 3182 iterum
412 3121 442 3181 in
465 3120 614 3201 Sapientia
636 3120 759 3199 legitur:
785 3118 865 3181 Tuus
888 3121 965 3179 emm
986 3120 1187 3192 incorruptus
1209 3111 1318 3190 Spiri-¹

88 3233 139 3282 tus
159 3229 206 3282 est
227 3225 259 3282 in
281 3222 430 3284 omuibus.
475 3222 547 3283 item
571 3223 596 3283 si
619 3221 711 3284 Nemo
736 3223 873 3301 capuceis
896 3236 970 3298 puae
991 3227 1064 3278 suut
1079 3213 1143 3286 Dei,
1166 3215 1230 3276 nisi
1241 3212 1314 3293 Spi-

88 3325 171 3384 ritus
192 3321 258 3393 Dei,
280 3327 334 3404 qui
349 3317 399 3385 ¹est
423 3328 456 3386 iu
478 3327 555 3403 ipso,
579 3341 640 3384 non
663 3332 708 3383 est
729 3329 825 3383 autem
848 3318 925 3398 apud
940 3317 1042 3390 Deum,
1066 3323 1099 3378 ut
1120 3316 1208 3376 docet
1228 3313 1314 3376 loco-

86 3423 162 3496 bus,
199 3421 426 3487 transmutatio
460 3443 512 3486 uec
545 3425 761 3488 vicissitudinis
797 3422 1001 3484 obumbratio:
1041 3419 1105 3480 iure
1138 3435 1173 3478 ac
1204 3415 1311 3478 merito

86 3569 287 3625 notaiudietc.
325 3577 413 3625 ibidem
432 3592 477 3641 pro
496 3569 635 3624 συνάπτον
653 3577 676 3624 in
727 3573 1050 3626 uast1.uobt.etietctm.
1072 3572 1093 3623 l.
1119 3571 1314 3622 utstGrnecus

86 3645 180 3704 ungria.
198 3645 254 3705 fleg.
276 3644 296 3692 i.
315 3643 456 3694 reactus.
475 3653 498 3694 et
517 3641 598 3694 Ottab.
618 3645 678 3705 isai·
727 3643 865 3708 Scripturas
891 3650 968 3690 textus
993 3643 1081 3691 babent
1098 3633 1231 3691 nardulus.
1267 3637 1312 3687 biii

88 3723 129 3762 tur
148 3704 320 3768 συνδοξᾶζον.
357 3714 412 3774 dieu.
426 3711 451 3762 2.
471 3714 586 3780 mendose
605 3712 677 3760 babet
728 3719 752 3761 et
769 3712 825 3762 editi
844 3704 954 3775 appius.

87 3773 379 3908 συέῗῖοῑξῖεξῖνοῑθῑῑοῡ·
397 3840 427 3897 ἓν
439 3845 549 3913 tttttftj
566 3840 694 3923 “Mida
729 3813 785 3928 ab
797 3805 1273 3940 *binium''ngtessieffitbff'fkssefi‘
1285 3815 1316 3922 icit

86 3912 129 3978 “23
148 3911 218 3976 θεῷ·
249 3914 300 3963 ”⁰¹
322 3924 376 3964 ⁸⁰¹⁸
394 3913 452 3963 τῶν
468 3912 592 3978 γενητῶν
609 3917 678 3974 ΜΨ·
729 3947 781 3996 eiirs
800 3953 823 3994 et
841 3947 941 4006 Seguer.
960 3945 1137 4008 subcripturae
1152 3951 1214 3992 textu
1233 3943 1314 4002 ebest;

88 3973 406 4112 ξὲὲῗᾞενξῶὶωὶξιυῖ
423 3981 678 4113 ἓΐξῗῃὲέεέᾟέζοὲ
729 4027 797 4092 sequ.
816 4004 898 4060 πάλιν
915 4012 983 4062 deest
1002 4014 1023 4061 io
1035 4011 1132 4062 Gobter.
1144 4017 1167 4060 et
1180 4010 1283 4060 i'eicbm.
1295 4010 1315 4060 l.

88 4118 121 4165 tie
149 4117 235 4166 desunt
264 4120 287 4166 io
312 4117 386 4179 Rapio
406 4116 428 4168 2.
448 4127 471 4166 et
489 4114 594 4164 iniciam.
612 4113 635 4163 2.
655 4123 685 4172 et
763 4128 784 4175 a.
804 4113 844 4164 Sic
862 4113 951 4175 lieni.
971 4113 1069 4175 Sernes.
1089 4110 1158 4163 Gobi.
1178 4110 1315 4162 atFeietun.

88 4184 176 4234 editis:
202 4177 232 4231 iv
256 4198 278 4249 ῳ
304 4177 337 4232 τὰ
359 4177 460 4248 γενητὰ
484 4175 678 4247 didyocdeo-
731 4181 753 4230 t.
788 4180 832 4230 tut
852 4196 906 4231 raro
926 4187 949 4230 et
968 4182 1023 4230 editi
1042 4173 1204 4230 sinmittnnt.
1241 4173 1314 4250 Paulo

87 4249 169 4300 narei.
544 4307 547 4315 ¹
730 4257 786 4313 post
803 4263 849 4312 pra
865 4247 968 4314 τροπῆς
977 4251 1075 4311 Segner.
1089 4248 1160 4296 babet
1169 4253 1315 4310 τροπαως.

123 4335 145 4368 e.
164 4320 312 4382 Siciieg.i.
332 4320 431 4382 Segner.
451 4319 523 4368 ussit.
544 4319 679 4369 Gobier.et
731 4315 810 4366 Ottob.
828 4315 993 4384 reposcendo.
1030 4310 1315 4374 carucatarum.

86 4386 229 4436 Palaiml.
265 4389 310 4438 trit
328 4402 383 4437 tero
402 4395 426 4437 et
443 4387 499 4438 editi
518 4378 547 4435 let
565 4379 679 4435 τούτων.
730 4392 786 4448 poet
810 4377 839 4431 ir
856 4382 895 4448 τῷ
913 4382 969 4448 θεῷ
988 4385 1099 4432 omittunt
1116 4380 1222 4431 τοίνυν,
1251 4375 1317 4440 qaod

84 4455 164 4504 Penio
184 4463 240 4518 poet
257 4455 328 4505 iidem
348 4469 406 4504 mss.
426 4455 481 4518 Rea.
497 4455 518 4504 l.
537 4454 677 4517 Segnnrisn.
727 4453 753 4500 in
772 4453 827 4502 airis
845 4459 868 4502 et
886 4451 956 4510 aditis
975 4453 1068 4513 legitur.
