<?xml version="1.0" encoding="UTF-8"?>
<!DOCTYPE html PUBLIC "-//W3C//DTD XHTML 1.0 Transitional//EN"
    "http://www.w3.org/TR/xhtml1/DTD/xhtml1-transitional.dtd">
<html xmlns="http://www.w3.org/1999/xhtml" xml:lang="en" lang="en">
 <head>
  <title>
</title>
<meta http-equiv="Content-Type" content="text/html;charset=utf-8" />
  <meta name='ocr-system' content='tesseract 3.04.00' />
  <meta name='ocr-capabilities' content='ocr_page ocr_carea ocr_par ocr_line ocrx_word'/>
</head>
<body>
  <div class='ocr_page' id='page_1' title='image "./sanctiathanasii03athagoog_0713.png"; bbox 0 0 3054 5304; ppageno 0'>
   <div class='ocr_carea' id='block_1_1' title="bbox 237 169 1114 234">
    <p class='ocr_par' dir='ltr' id='par_1_1' title="bbox 237 169 1114 234">
     <span class='ocr_line' id='line_1_1' title="bbox 237 169 1114 234; baseline -0.01 0"><span class='ocrx_word' id='word_1_1' title='bbox 237 169 298 234; x_wconf 79' lang='grc'><em>668</em></span> <span class='ocrx_word' id='word_1_2' title='bbox 627 169 816 230; x_wconf 82' lang='lat' dir='ltr'><em>s.eruiiiesii</em></span> <span class='ocrx_word' id='word_1_3' title='bbox 830 182 1049 228; x_wconf 77' lang='lat' dir='ltr'><em>inanissimam</em></span> <span class='ocrx_word' id='word_1_4' title='bbox 1113 223 1114 232; x_wconf 71' lang='grc'>,</span> 
     </span>
    </p>
   </div>
   <div class='ocr_carea' id='block_1_2' title="bbox 150 336 1491 3965">
    <p class='ocr_par' dir='ltr' id='par_1_2' title="bbox 150 336 1473 620">
     <span class='ocr_line' id='line_1_2' title="bbox 150 336 1473 418; baseline 0.002 -22"><span class='ocrx_word' id='word_1_5' title='bbox 150 339 321 407; x_wconf 78' lang='lat' dir='ltr'><em>notabere,</em></span> <span class='ocrx_word' id='word_1_6' title='bbox 336 347 450 398; x_wconf 84' lang='lat' dir='ltr'><em>·taaien</em></span> <span class='ocrx_word' id='word_1_7' title='bbox 481 353 549 398; x_wconf 88' lang='lat' dir='ltr'><em>anm</em></span> <span class='ocrx_word' id='word_1_8' title='bbox 575 339 608 397; x_wconf 87' lang='lat' dir='ltr'><em>in</em></span> <span class='ocrx_word' id='word_1_9' title='bbox 636 337 771 398; x_wconf 87' lang='lat' dir='ltr'><em>omnibns</em></span> <span class='ocrx_word' id='word_1_10' title='bbox 799 355 871 418; x_wconf 90' lang='lat' dir='ltr'><em>quos</em></span> <span class='ocrx_word' id='word_1_11' title='bbox 899 336 1026 398; x_wconf 84' lang='lat' dir='ltr'><em>iiidiiiins</em></span> <span class='ocrx_word' id='word_1_12' title='bbox 1058 337 1274 414; x_wconf 71' lang='lat' dir='ltr'><em>manuscriptis</em></span> <span class='ocrx_word' id='word_1_13' title='bbox 1307 336 1473 400; x_wconf 75' lang='lat' dir='ltr'><em>codicibus</em></span> 
     </span>
     <span class='ocr_line' id='line_1_3' title="bbox 237 436 1469 518; baseline -0.002 -17"><span class='ocrx_word' id='word_1_14' title='bbox 237 437 368 501; x_wconf 88' lang='lat' dir='ltr'><em>secunda</em></span> <span class='ocrx_word' id='word_1_15' title='bbox 389 436 528 517; x_wconf 78' lang='lat' dir='ltr'><em>Epistola</em></span> <span class='ocrx_word' id='word_1_16' title='bbox 549 441 581 499; x_wconf 92' lang='lat' dir='ltr'><em>in</em></span> <span class='ocrx_word' id='word_1_17' title='bbox 604 439 678 500; x_wconf 87' lang='lat' dir='ltr'><em>duas</em></span> <span class='ocrx_word' id='word_1_18' title='bbox 701 437 797 500; x_wconf 87' lang='lat' dir='ltr'><em>ueluti</em></span> <span class='ocrx_word' id='word_1_19' title='bbox 816 436 969 518; x_wconf 84' lang='lat' dir='ltr'><em>Epistulas</em></span> <span class='ocrx_word' id='word_1_20' title='bbox 992 437 1134 498; x_wconf 87' lang='lat' dir='ltr'><em>distinata</em></span> <span class='ocrx_word' id='word_1_21' title='bbox 1156 440 1205 506; x_wconf 88' lang='lat' dir='ltr'><em>sit,</em></span> <span class='ocrx_word' id='word_1_22' title='bbox 1227 454 1289 498; x_wconf 88' lang='lat' dir='ltr'><em>non</em></span> <span class='ocrx_word' id='word_1_23' title='bbox 1313 441 1395 500; x_wconf 66' lang='lat' dir='ltr'><em>aiem</em></span> <span class='ocrx_word' id='word_1_24' title='bbox 1418 459 1469 498; x_wconf 90' lang='lat' dir='ltr'><em>su-</em></span> 
     </span>
     <span class='ocr_line' id='line_1_4' title="bbox 234 537 1468 620; baseline -0.002 -18"><span class='ocrx_word' id='word_1_25' title='bbox 234 559 301 602; x_wconf 90' lang='lat' dir='ltr'><em>mus</em></span> <span class='ocrx_word' id='word_1_26' title='bbox 317 538 408 602; x_wconf 85' lang='lat' dir='ltr'><em>simul</em></span> <span class='ocrx_word' id='word_1_27' title='bbox 424 543 613 620; x_wconf 86' lang='lat' dir='ltr'><em>coninnqere,</em></span> <span class='ocrx_word' id='word_1_28' title='bbox 637 540 689 601; x_wconf 88' lang='lat' dir='ltr'><em>sed</em></span> <span class='ocrx_word' id='word_1_29' title='bbox 704 557 777 610; x_wconf 79' lang='lat' dir='ltr'><em>mm,</em></span> <span class='ocrx_word' id='word_1_30' title='bbox 790 547 887 619; x_wconf 89' lang='lat' dir='ltr'><em>prout</em></span> <span class='ocrx_word' id='word_1_31' title='bbox 900 541 935 598; x_wconf 90' lang='lat' dir='ltr'><em>in</em></span> <span class='ocrx_word' id='word_1_32' title='bbox 947 541 1024 618; x_wconf 83' lang='lat' dir='ltr'><em>ipsis</em></span> <span class='ocrx_word' id='word_1_33' title='bbox 1038 557 1110 600; x_wconf 84' lang='lat' dir='ltr'><em>iuss.</em></span> <span class='ocrx_word' id='word_1_34' title='bbox 1128 537 1265 610; x_wconf 88' lang='lat' dir='ltr'><em>babetur,</em></span> <span class='ocrx_word' id='word_1_35' title='bbox 1289 539 1468 602; x_wconf 83' lang='lat' dir='ltr'><em>divisimus.</em></span> 
     </span>
    </p>

    <p class='ocr_par' dir='ltr' id='par_1_3' title="bbox 235 639 1469 1336">
     <span class='ocr_line' id='line_1_5' title="bbox 320 639 1469 720; baseline 0 -18"><span class='ocrx_word' id='word_1_36' title='bbox 320 641 366 716; x_wconf 65' lang='grc' dir='ltr'><em>Ν,</em></span> <span class='ocrx_word' id='word_1_37' title='bbox 411 641 629 704; x_wconf 87' lang='lat' dir='ltr'><em>Eelelimannns</em></span> <span class='ocrx_word' id='word_1_38' title='bbox 652 642 813 703; x_wconf 88' lang='lat' dir='ltr'><em>secundam</em></span> <span class='ocrx_word' id='word_1_39' title='bbox 827 639 994 719; x_wconf 75' lang='lat' dir='ltr'><em>Epistulam</em></span> <span class='ocrx_word' id='word_1_40' title='bbox 1009 644 1071 700; x_wconf 88' lang='lat' dir='ltr'><em>siae</em></span> <span class='ocrx_word' id='word_1_41' title='bbox 1086 643 1221 719; x_wconf 87' lang='lat' dir='ltr'><em>primam</em></span> <span class='ocrx_word' id='word_1_42' title='bbox 1242 645 1306 702; x_wconf 86' lang='lat' dir='ltr'><em>eins</em></span> <span class='ocrx_word' id='word_1_43' title='bbox 1329 653 1469 720; x_wconf 88' lang='lat' dir='ltr'><em>partem.</em></span> 
     </span>
     <span class='ocr_line' id='line_1_6' title="bbox 235 741 1469 825; baseline -0.002 -19"><span class='ocrx_word' id='word_1_44' title='bbox 235 762 309 825; x_wconf 78' lang='lat' dir='ltr'><em>quiae</em></span> <span class='ocrx_word' id='word_1_45' title='bbox 332 745 366 804; x_wconf 88' lang='lat' dir='ltr'><em>de</em></span> <span class='ocrx_word' id='word_1_46' title='bbox 389 742 466 805; x_wconf 80' lang='lat' dir='ltr'><em>Filio</em></span> <span class='ocrx_word' id='word_1_47' title='bbox 490 745 627 815; x_wconf 88' lang='lat' dir='ltr'><em>disserit,</em></span> <span class='ocrx_word' id='word_1_48' title='bbox 659 747 806 822; x_wconf 76' lang='lat' dir='ltr'><em>synopsin</em></span> <span class='ocrx_word' id='word_1_49' title='bbox 827 761 892 804; x_wconf 87' lang='lat' dir='ltr'><em>esse</em></span> <span class='ocrx_word' id='word_1_50' title='bbox 916 743 1096 804; x_wconf 89' lang='lat' dir='ltr'><em>Orationum</em></span> <span class='ocrx_word' id='word_1_51' title='bbox 1127 752 1236 803; x_wconf 90' lang='lat' dir='ltr'><em>eontra</em></span> <span class='ocrx_word' id='word_1_52' title='bbox 1258 741 1406 803; x_wconf 75' lang='lat' dir='ltr'><em>Arianos</em></span> <span class='ocrx_word' id='word_1_53' title='bbox 1430 759 1469 804; x_wconf 88' lang='lat' dir='ltr'><em>est</em></span> 
     </span>
     <span class='ocr_line' id='line_1_7' title="bbox 235 843 1468 924; baseline 0 -18"><span class='ocrx_word' id='word_1_54' title='bbox 235 845 404 908; x_wconf 89' lang='lat' dir='ltr'><em>arbitratus</em></span> <span class='ocrx_word' id='word_1_55' title='bbox 413 845 444 920; x_wconf 82' lang='lat'><em>¹).</em></span> <span class='ocrx_word' id='word_1_56' title='bbox 490 846 527 907; x_wconf 76' lang='lat' dir='ltr'><em>At</em></span> <span class='ocrx_word' id='word_1_57' title='bbox 550 846 618 907; x_wconf 89' lang='lat' dir='ltr'><em>buia</em></span> <span class='ocrx_word' id='word_1_58' title='bbox 640 847 778 924; x_wconf 87' lang='lat' dir='ltr'><em>opinioni</em></span> <span class='ocrx_word' id='word_1_59' title='bbox 797 846 999 924; x_wconf 82' lang='lat' dir='ltr'><em>resraqantiir</em></span> <span class='ocrx_word' id='word_1_60' title='bbox 1023 861 1088 904; x_wconf 87' lang='lat' dir='ltr'><em>aim</em></span> <span class='ocrx_word' id='word_1_61' title='bbox 1108 846 1316 923; x_wconf 86' lang='lat' dir='ltr'><em>manuscripti</em></span> <span class='ocrx_word' id='word_1_62' title='bbox 1331 843 1468 912; x_wconf 79' lang='lat' dir='ltr'><em>Codices,</em></span> 
     </span>
     <span class='ocr_line' id='line_1_8' title="bbox 235 944 1466 1027; baseline 0 -20"><span class='ocrx_word' id='word_1_63' title='bbox 235 950 288 1027; x_wconf 92' lang='lat' dir='ltr'><em>qni</em></span> <span class='ocrx_word' id='word_1_64' title='bbox 313 965 377 1010; x_wconf 88' lang='lat' dir='ltr'><em>eam</em></span> <span class='ocrx_word' id='word_1_65' title='bbox 407 950 555 1027; x_wconf 78' lang='lat' dir='ltr'><em>epitomen</em></span> <span class='ocrx_word' id='word_1_66' title='bbox 580 965 643 1010; x_wconf 86' lang='lat' dir='ltr'><em>esse</em></span> <span class='ocrx_word' id='word_1_67' title='bbox 670 950 786 1024; x_wconf 86' lang='lat' dir='ltr'><em>primae</em></span> <span class='ocrx_word' id='word_1_68' title='bbox 814 945 853 1006; x_wconf 91' lang='lat' dir='ltr'><em>ad</em></span> <span class='ocrx_word' id='word_1_69' title='bbox 880 944 1076 1024; x_wconf 81' lang='lat' dir='ltr'><em>Serapionem</em></span> <span class='ocrx_word' id='word_1_70' title='bbox 1104 944 1257 1024; x_wconf 88' lang='lat' dir='ltr'><em>Epistolae</em></span> <span class='ocrx_word' id='word_1_71' title='bbox 1287 944 1466 1016; x_wconf 75' lang='lat' dir='ltr'><em>observarit,</em></span> 
     </span>
     <span class='ocr_line' id='line_1_9' title="bbox 236 1047 1465 1130; baseline -0.004 -16"><span class='ocrx_word' id='word_1_72' title='bbox 236 1061 301 1114; x_wconf 83' lang='lat' dir='ltr'><em>snm</em></span> <span class='ocrx_word' id='word_1_73' title='bbox 328 1067 399 1110; x_wconf 90' lang='lat' dir='ltr'><em>uera</em></span> <span class='ocrx_word' id='word_1_74' title='bbox 425 1052 524 1130; x_wconf 88' lang='lat' dir='ltr'><em>ipsum</em></span> <span class='ocrx_word' id='word_1_75' title='bbox 553 1049 682 1109; x_wconf 88' lang='lat' dir='ltr'><em>eiusdem</em></span> <span class='ocrx_word' id='word_1_76' title='bbox 709 1047 882 1117; x_wconf 76' lang='lat' dir='ltr'><em>coordinat,</em></span> <span class='ocrx_word' id='word_1_77' title='bbox 915 1047 969 1109; x_wconf 90' lang='lat' dir='ltr'><em>ubi</em></span> <span class='ocrx_word' id='word_1_78' title='bbox 990 1050 1109 1126; x_wconf 89' lang='lat' dir='ltr'><em>primae</em></span> <span class='ocrx_word' id='word_1_79' title='bbox 1131 1055 1249 1107; x_wconf 88' lang='lat' dir='ltr'><em>tantum</em></span> <span class='ocrx_word' id='word_1_80' title='bbox 1269 1052 1418 1108; x_wconf 78' lang='lat' dir='ltr'><em>meminit</em></span> <span class='ocrx_word' id='word_1_81' title='bbox 1439 1049 1465 1108; x_wconf 91' lang='lat' dir='ltr'><em>S.</em></span> 
     </span>
     <span class='ocr_line' id='line_1_10' title="bbox 237 1145 1462 1230; baseline -0.002 -17"><span class='ocrx_word' id='word_1_82' title='bbox 237 1151 438 1226; x_wconf 71' lang='lat' dir='ltr'><em>Athanasius,</em></span> <span class='ocrx_word' id='word_1_83' title='bbox 468 1167 557 1230; x_wconf 91' lang='lat' dir='ltr'><em>qnam</em></span> <span class='ocrx_word' id='word_1_84' title='bbox 585 1169 616 1212; x_wconf 92' lang='lat' dir='ltr'><em>se</em></span> <span class='ocrx_word' id='word_1_85' title='bbox 638 1152 682 1210; x_wconf 90' lang='lat' dir='ltr'><em>uit</em></span> <span class='ocrx_word' id='word_1_86' title='bbox 702 1153 735 1208; x_wconf 91' lang='lat' dir='ltr'><em>in</em></span> <span class='ocrx_word' id='word_1_87' title='bbox 756 1148 887 1210; x_wconf 87' lang='lat' dir='ltr'><em>secunda</em></span> <span class='ocrx_word' id='word_1_88' title='bbox 904 1150 969 1209; x_wconf 86' lang='lat' dir='ltr'><em>ista</em></span> <span class='ocrx_word' id='word_1_89' title='bbox 991 1159 1102 1226; x_wconf 83' lang='lat' dir='ltr'><em>ropatu</em></span> <span class='ocrx_word' id='word_1_90' title='bbox 1124 1145 1303 1226; x_wconf 88' lang='lat' dir='ltr'><em>Serapionis</em></span> <span class='ocrx_word' id='word_1_91' title='bbox 1328 1151 1462 1212; x_wconf 80' lang='lat' dir='ltr'><em>nonnul-</em></span> 
     </span>
     <span class='ocr_line' id='line_1_11' title="bbox 237 1247 1460 1336; baseline -0.002 -21"><span class='ocrx_word' id='word_1_92' title='bbox 237 1253 334 1333; x_wconf 87' lang='lat' dir='ltr'><em>lisque</em></span> <span class='ocrx_word' id='word_1_93' title='bbox 357 1251 531 1330; x_wconf 88' lang='lat' dir='ltr'><em>aptantibus</em></span> <span class='ocrx_word' id='word_1_94' title='bbox 545 1251 700 1329; x_wconf 74' lang='lat' dir='ltr'><em>fratribus</em></span> <span class='ocrx_word' id='word_1_95' title='bbox 717 1252 936 1336; x_wconf 69' lang='lat' dir='ltr'><em>cantraaissn</em></span> <span class='ocrx_word' id='word_1_96' title='bbox 961 1247 1030 1310; x_wconf 90' lang='lat' dir='ltr'><em>Nan</em></span> <span class='ocrx_word' id='word_1_97' title='bbox 1054 1248 1221 1328; x_wconf 74' lang='lat' dir='ltr'><em>diffitemur</em></span> <span class='ocrx_word' id='word_1_98' title='bbox 1235 1258 1353 1321; x_wconf 86' lang='lat' dir='ltr'><em>tamen,</em></span> <span class='ocrx_word' id='word_1_99' title='bbox 1376 1271 1460 1332; x_wconf 88' lang='lat' dir='ltr'><em>proi-</em></span> 
     </span>
    </p>

    <p class='ocr_par' dir='ltr' id='par_1_4' title="bbox 198 1350 1454 1736">
     <span class='ocr_line' id='line_1_12' title="bbox 198 1350 1454 1435; baseline -0.003 -18"><span class='ocrx_word' id='word_1_100' title='bbox 198 1385 199 1389; x_wconf 40' lang='lat'><em>*</em></span> <span class='ocrx_word' id='word_1_101' title='bbox 238 1358 326 1435; x_wconf 89' lang='lat' dir='ltr'><em>aipua</em></span> <span class='ocrx_word' id='word_1_102' title='bbox 349 1371 423 1433; x_wconf 90' lang='lat' dir='ltr'><em>quae</em></span> <span class='ocrx_word' id='word_1_103' title='bbox 446 1355 478 1414; x_wconf 87' lang='lat' dir='ltr'><em>in</em></span> <span class='ocrx_word' id='word_1_104' title='bbox 503 1351 700 1414; x_wconf 76' lang='lat' dir='ltr'><em>Orationibus</em></span> <span class='ocrx_word' id='word_1_105' title='bbox 724 1361 832 1414; x_wconf 90' lang='lat' dir='ltr'><em>cantra</em></span> <span class='ocrx_word' id='word_1_106' title='bbox 853 1351 983 1413; x_wconf 78' lang='lat' dir='ltr'><em>Arianos</em></span> <span class='ocrx_word' id='word_1_107' title='bbox 1010 1350 1114 1430; x_wconf 77' lang='lat' dir='ltr'><em>[usim</em></span> <span class='ocrx_word' id='word_1_108' title='bbox 1141 1363 1348 1430; x_wconf 83' lang='lat' dir='ltr'><em>euponnntiir</em></span> <span class='ocrx_word' id='word_1_109' title='bbox 1377 1373 1454 1431; x_wconf 81' lang='lat' dir='ltr'><em>arpi-</em></span> 
     </span>
     <span class='ocr_line' id='line_1_13' title="bbox 236 1451 1447 1535; baseline -0.002 -19"><span class='ocrx_word' id='word_1_110' title='bbox 236 1466 337 1520; x_wconf 89' lang='lat' dir='ltr'><em>menta</em></span> <span class='ocrx_word' id='word_1_111' title='bbox 359 1458 490 1517; x_wconf 89' lang='lat' dir='ltr'><em>strictim</em></span> <span class='ocrx_word' id='word_1_112' title='bbox 519 1455 565 1516; x_wconf 88' lang='lat' dir='ltr'><em>liic</em></span> <span class='ocrx_word' id='word_1_113' title='bbox 586 1471 748 1535; x_wconf 89' lang='lat' dir='ltr'><em>presseque</em></span> <span class='ocrx_word' id='word_1_114' title='bbox 771 1457 917 1524; x_wconf 86' lang='lat' dir='ltr'><em>tractari,</em></span> <span class='ocrx_word' id='word_1_115' title='bbox 950 1464 983 1514; x_wconf 92' lang='lat' dir='ltr'><em>at</em></span> <span class='ocrx_word' id='word_1_116' title='bbox 1011 1452 1232 1526; x_wconf 72' lang='lat' dir='ltr'><em>contendimus,</em></span> <span class='ocrx_word' id='word_1_117' title='bbox 1260 1451 1349 1514; x_wconf 87' lang='lat' dir='ltr'><em>illud</em></span> <span class='ocrx_word' id='word_1_118' title='bbox 1376 1455 1447 1535; x_wconf 82' lang='lat' dir='ltr'><em>Opis,</em></span> 
     </span>
     <span class='ocr_line' id='line_1_14' title="bbox 236 1554 1446 1640; baseline -0.001 -22"><span class='ocrx_word' id='word_1_119' title='bbox 236 1557 317 1640; x_wconf 87' lang='lat' dir='ltr'><em>quad</em></span> <span class='ocrx_word' id='word_1_120' title='bbox 337 1557 485 1617; x_wconf 87' lang='lat' dir='ltr'><em>secundae</em></span> <span class='ocrx_word' id='word_1_121' title='bbox 507 1554 661 1635; x_wconf 81' lang='lat' dir='ltr'><em>Epistulae</em></span> <span class='ocrx_word' id='word_1_122' title='bbox 674 1557 827 1635; x_wconf 90' lang='lat' dir='ltr'><em>principia</em></span> <span class='ocrx_word' id='word_1_123' title='bbox 850 1558 893 1618; x_wconf 90' lang='lat' dir='ltr'><em>ait</em></span> <span class='ocrx_word' id='word_1_124' title='bbox 914 1571 946 1614; x_wconf 91' lang='lat' dir='ltr'><em>se</em></span> <span class='ocrx_word' id='word_1_125' title='bbox 967 1557 999 1615; x_wconf 90' lang='lat' dir='ltr'><em>in</em></span> <span class='ocrx_word' id='word_1_126' title='bbox 1022 1556 1168 1634; x_wconf 86' lang='lat' dir='ltr'><em>epitomen</em></span> <span class='ocrx_word' id='word_1_127' title='bbox 1190 1554 1361 1634; x_wconf 82' lang='lat' dir='ltr'><em>redeqisse,</em></span> <span class='ocrx_word' id='word_1_128' title='bbox 1386 1556 1446 1617; x_wconf 82' lang='lat' dir='ltr'><em>iiiiii</em></span> 
     </span>
     <span class='ocr_line' id='line_1_15' title="bbox 236 1653 1181 1736; baseline -0.005 -17"><span class='ocrx_word' id='word_1_129' title='bbox 236 1658 359 1719; x_wconf 90' lang='lat' dir='ltr'><em>anllnm</em></span> <span class='ocrx_word' id='word_1_130' title='bbox 380 1675 444 1718; x_wconf 87' lang='lat' dir='ltr'><em>esse</em></span> <span class='ocrx_word' id='word_1_131' title='bbox 467 1674 556 1736; x_wconf 90' lang='lat' dir='ltr'><em>qnam</em></span> <span class='ocrx_word' id='word_1_132' title='bbox 577 1655 744 1736; x_wconf 88' lang='lat' dir='ltr'><em>Epistulam</em></span> <span class='ocrx_word' id='word_1_133' title='bbox 762 1659 893 1736; x_wconf 87' lang='lat' dir='ltr'><em>primam</em></span> <span class='ocrx_word' id='word_1_134' title='bbox 915 1656 954 1716; x_wconf 90' lang='lat' dir='ltr'><em>ad</em></span> <span class='ocrx_word' id='word_1_135' title='bbox 976 1653 1181 1734; x_wconf 87' lang='lat' dir='ltr'><em>Serapionem.</em></span> 
     </span>
    </p>

    <p class='ocr_par' dir='ltr' id='par_1_5' title="bbox 238 1751 1491 2141">
     <span class='ocr_line' id='line_1_16' title="bbox 323 1751 1428 1841; baseline 0.002 -25"><span class='ocrx_word' id='word_1_136' title='bbox 323 1757 356 1816; x_wconf 90' lang='lat' dir='ltr'><em>V.</em></span> <span class='ocrx_word' id='word_1_137' title='bbox 404 1755 515 1817; x_wconf 87' lang='lat' dir='ltr'><em>Ultima</em></span> <span class='ocrx_word' id='word_1_138' title='bbox 544 1758 667 1838; x_wconf 78' lang='lat' dir='ltr'><em>deniqne</em></span> <span class='ocrx_word' id='word_1_139' title='bbox 695 1755 832 1834; x_wconf 72' lang='lat' dir='ltr'><em>Epistola</em></span> <span class='ocrx_word' id='word_1_140' title='bbox 863 1759 908 1818; x_wconf 92' lang='lat' dir='ltr'><em>ita</em></span> <span class='ocrx_word' id='word_1_141' title='bbox 931 1753 1070 1818; x_wconf 86' lang='lat' dir='ltr'><em>orditur:</em></span> <span class='ocrx_word' id='word_1_142' title='bbox 1099 1751 1245 1835; x_wconf 72' lang='grc' dir='ltr'><strong><em>ἐνέτυχον</em></strong></span> <span class='ocrx_word' id='word_1_143' title='bbox 1266 1753 1332 1821; x_wconf 81' lang='grc' dir='ltr'><em>καὶ</em></span> <span class='ocrx_word' id='word_1_144' title='bbox 1350 1760 1379 1841; x_wconf 78' lang='lat' dir='ltr'><em>rq‘</em></span> <span class='ocrx_word' id='word_1_145' title='bbox 1392 1769 1428 1818; x_wconf 79' lang='lat' dir='ltr'><em>aa</em></span> 
     </span>
     <span class='ocr_line' id='line_1_17' title="bbox 238 1857 1435 1944; baseline -0.003 -23"><span class='ocrx_word' id='word_1_146' title='bbox 238 1859 339 1921; x_wconf 82' lang='lat' dir='ltr'><em>Enicas</em></span> <span class='ocrx_word' id='word_1_147' title='bbox 361 1869 460 1920; x_wconf 90' lang='lat' dir='ltr'><em>autem</em></span> <span class='ocrx_word' id='word_1_148' title='bbox 485 1875 563 1937; x_wconf 89' lang='lat' dir='ltr'><em>pars</em></span> <span class='ocrx_word' id='word_1_149' title='bbox 589 1868 744 1936; x_wconf 89' lang='lat' dir='ltr'><em>postrema</em></span> <span class='ocrx_word' id='word_1_150' title='bbox 772 1860 834 1918; x_wconf 84' lang='lat' dir='ltr'><em>siue</em></span> <span class='ocrx_word' id='word_1_151' title='bbox 860 1857 956 1917; x_wconf 85' lang='lat' dir='ltr'><em>ueluti</em></span> <span class='ocrx_word' id='word_1_152' title='bbox 981 1858 1133 1938; x_wconf 68' lang='lat' dir='ltr'><em>appendis&gt;</em></span> <span class='ocrx_word' id='word_1_153' title='bbox 1155 1857 1249 1934; x_wconf 88' lang='lat' dir='ltr'><em>[num.</em></span> <span class='ocrx_word' id='word_1_154' title='bbox 1266 1861 1300 1923; x_wconf 83' lang='grc' dir='ltr'><em>Β.</em></span> <span class='ocrx_word' id='word_1_155' title='bbox 1326 1860 1435 1944; x_wconf 69' lang='lat' dir='ltr'><em>eqqlist</em></span> 
     </span>
     <span class='ocr_line' id='line_1_18' title="bbox 242 1951 1491 2040; baseline 0.001 -18"><span class='ocrx_word' id='word_1_156' title='bbox 242 1959 401 2022; x_wconf 82' lang='lat' dir='ltr'><em>Tractatus</em></span> <span class='ocrx_word' id='word_1_157' title='bbox 417 1964 449 2021; x_wconf 90' lang='lat' dir='ltr'><em>in</em></span> <span class='ocrx_word' id='word_1_158' title='bbox 465 1957 611 2022; x_wconf 79' lang='lat' dir='ltr'><em>Matthaei</em></span> <span class='ocrx_word' id='word_1_159' title='bbox 630 1958 722 2020; x_wconf 89' lang='lat' dir='ltr'><em>uerba</em></span> <span class='ocrx_word' id='word_1_160' title='bbox 738 1956 921 2037; x_wconf 80' lang='lat' dir='ltr'><em>Quicumque</em></span> <span class='ocrx_word' id='word_1_161' title='bbox 937 1957 1044 2020; x_wconf 83' lang='lat' dir='ltr'><em>dixerit</em></span> <span class='ocrx_word' id='word_1_162' title='bbox 1065 1957 1153 2036; x_wconf 55' lang='lat' dir='ltr'><em>sicin</em></span> <span class='ocrx_word' id='word_1_163' title='bbox 1178 1964 1231 2040; x_wconf 91' lang='lat' dir='ltr'><em>qni</em></span> <span class='ocrx_word' id='word_1_164' title='bbox 1249 1963 1335 2024; x_wconf 92' lang='lat' dir='ltr'><em>male</em></span> <span class='ocrx_word' id='word_1_165' title='bbox 1352 1969 1383 2026; x_wconf 86' lang='lat' dir='ltr'><em>iii</em></span> <span class='ocrx_word' id='word_1_166' title='bbox 1395 1963 1443 2023; x_wconf 85' lang='lat' dir='ltr'><em>lne-</em></span> <span class='ocrx_word' id='word_1_167' title='bbox 1490 1951 1491 2014; x_wconf 75' lang='lat' dir='ltr'><em>l</em></span> 
     </span>
     <span class='ocr_line' id='line_1_19' title="bbox 240 2059 1447 2141; baseline 0 -17"><span class='ocrx_word' id='word_1_168' title='bbox 240 2071 329 2124; x_wconf 87' lang='lat' dir='ltr'><em>tenus</em></span> <span class='ocrx_word' id='word_1_169' title='bbox 356 2062 443 2124; x_wconf 88' lang='lat' dir='ltr'><em>editis</em></span> <span class='ocrx_word' id='word_1_170' title='bbox 472 2061 508 2123; x_wconf 89' lang='lat' dir='ltr'><em>ab</em></span> <span class='ocrx_word' id='word_1_171' title='bbox 537 2061 659 2123; x_wconf 85' lang='lat' dir='ltr'><em>illaesi</em></span> <span class='ocrx_word' id='word_1_172' title='bbox 682 2059 831 2121; x_wconf 88' lang='lat' dir='ltr'><em>divulsus.</em></span> <span class='ocrx_word' id='word_1_173' title='bbox 875 2059 1027 2141; x_wconf 79' lang='lat' dir='ltr'><em>Siquidem</em></span> <span class='ocrx_word' id='word_1_174' title='bbox 1054 2079 1116 2122; x_wconf 89' lang='lat' dir='ltr'><em>nan</em></span> <span class='ocrx_word' id='word_1_175' title='bbox 1143 2062 1242 2123; x_wconf 89' lang='lat' dir='ltr'><em>salum</em></span> <span class='ocrx_word' id='word_1_176' title='bbox 1269 2067 1305 2126; x_wconf 88' lang='lat' dir='ltr'><em>in</em></span> <span class='ocrx_word' id='word_1_177' title='bbox 1328 2065 1447 2127; x_wconf 81' lang='lat' dir='ltr'><em>omnibns</em></span> 
     </span>
    </p>

    <p class='ocr_par' dir='ltr' id='par_1_6' title="bbox 215 2160 1449 2346">
     <span class='ocr_line' id='line_1_20' title="bbox 215 2160 1449 2244; baseline 0 -18"><span class='ocrx_word' id='word_1_178' title='bbox 215 2160 455 2244; x_wconf 74' lang='lat' dir='ltr'><em>&#39;manuscriptis</em></span> <span class='ocrx_word' id='word_1_179' title='bbox 481 2163 629 2226; x_wconf 85' lang='lat' dir='ltr'><em>codicibus</em></span> <span class='ocrx_word' id='word_1_180' title='bbox 652 2162 728 2228; x_wconf 89' lang='lat' dir='ltr'><em>banc</em></span> <span class='ocrx_word' id='word_1_181' title='bbox 750 2166 851 2224; x_wconf 90' lang='lat' dir='ltr'><em>statim</em></span> <span class='ocrx_word' id='word_1_182' title='bbox 874 2161 1069 2242; x_wconf 88' lang='lat' dir='ltr'><em>subsequitur</em></span> <span class='ocrx_word' id='word_1_183' title='bbox 1091 2161 1274 2242; x_wconf 85' lang='lat' dir='ltr'><em>Epi&#39;stalam,</em></span> <span class='ocrx_word' id='word_1_184' title='bbox 1306 2169 1364 2228; x_wconf 88' lang='lat' dir='ltr'><em>sed</em></span> <span class='ocrx_word' id='word_1_185' title='bbox 1385 2171 1449 2230; x_wconf 86' lang='lat' dir='ltr'><em>etius</em></span> 
     </span>
     <span class='ocr_line' id='line_1_21' title="bbox 240 2257 1449 2346; baseline -0.001 -18"><span class='ocrx_word' id='word_1_186' title='bbox 240 2270 279 2328; x_wconf 78' lang='lat' dir='ltr'><em>in&#39;</em></span> <span class='ocrx_word' id='word_1_187' title='bbox 295 2257 423 2346; x_wconf 87' lang='lat' dir='ltr'><em>optimae</em></span> <span class='ocrx_word' id='word_1_188' title='bbox 445 2275 534 2328; x_wconf 90' lang='lat' dir='ltr'><em>notae</em></span> <span class='ocrx_word' id='word_1_189' title='bbox 555 2263 645 2345; x_wconf 80' lang='lat' dir='ltr'><em>ssepi&#39;o</em></span> <span class='ocrx_word' id='word_1_190' title='bbox 668 2274 696 2328; x_wconf 90' lang='lat' dir='ltr'><em>et</em></span> <span class='ocrx_word' id='word_1_191' title='bbox 716 2263 902 2343; x_wconf 85' lang='lat' dir='ltr'><em>Sequeriano</em></span> <span class='ocrx_word' id='word_1_192' title='bbox 925 2274 1005 2325; x_wconf 88' lang='lat' dir='ltr'><em>recte</em></span> <span class='ocrx_word' id='word_1_193' title='bbox 1029 2281 1094 2324; x_wconf 88' lang='lat' dir='ltr'><em>eum</em></span> <span class='ocrx_word' id='word_1_194' title='bbox 1114 2268 1182 2344; x_wconf 89' lang='lat' dir='ltr'><em>ipsa</em></span> <span class='ocrx_word' id='word_1_195' title='bbox 1203 2266 1315 2346; x_wconf 86' lang='lat' dir='ltr'><em>absque</em></span> <span class='ocrx_word' id='word_1_196' title='bbox 1338 2269 1406 2330; x_wconf 88' lang='lat' dir='ltr'><em>ulla</em></span> <span class='ocrx_word' id='word_1_197' title='bbox 1425 2273 1449 2328; x_wconf 77' lang='lat' dir='ltr'><em>ti</em></span> 
     </span>
    </p>

    <p class='ocr_par' dir='ltr' id='par_1_7' title="bbox 165 2356 1456 3161">
     <span class='ocr_line' id='line_1_22' title="bbox 165 2356 1448 2452; baseline 0.002 -24"><span class='ocrx_word' id='word_1_198' title='bbox 165 2356 169 2365; x_wconf 73' lang='grc'><strong>’</strong></span> <span class='ocrx_word' id='word_1_199' title='bbox 241 2367 305 2430; x_wconf 92' lang='lat' dir='ltr'><em>tulo</em></span> <span class='ocrx_word' id='word_1_200' title='bbox 330 2371 533 2446; x_wconf 68' lang='lat' dir='ltr'><em>nominantur,</em></span> <span class='ocrx_word' id='word_1_201' title='bbox 557 2377 730 2445; x_wconf 76' lang='lat' dir='ltr'><em>tantamque</em></span> <span class='ocrx_word' id='word_1_202' title='bbox 752 2369 784 2425; x_wconf 90' lang='lat' dir='ltr'><em>in</em></span> <span class='ocrx_word' id='word_1_203' title='bbox 805 2369 939 2443; x_wconf 85' lang='lat' dir='ltr'><em>marqirie</em></span> <span class='ocrx_word' id='word_1_204' title='bbox 961 2365 1053 2426; x_wconf 86' lang='lat' dir='ltr'><em>uerba</em></span> <span class='ocrx_word' id='word_1_205' title='bbox 1075 2369 1142 2445; x_wconf 91' lang='lat' dir='ltr'><em>ipsa</em></span> <span class='ocrx_word' id='word_1_206' title='bbox 1157 2365 1306 2430; x_wconf 88' lang='lat' dir='ltr'><em>Mattbaei</em></span> <span class='ocrx_word' id='word_1_207' title='bbox 1323 2373 1448 2452; x_wconf 78' lang='lat' dir='ltr'><em>offersi-</em></span> 
     </span>
     <span class='ocr_line' id='line_1_23' title="bbox 241 2462 1449 2547; baseline 0.004 -19"><span class='ocrx_word' id='word_1_208' title='bbox 241 2478 308 2537; x_wconf 89' lang='lat' dir='ltr'><em>tur,</em></span> <span class='ocrx_word' id='word_1_209' title='bbox 341 2469 390 2529; x_wconf 86' lang='lat' dir='ltr'><em>nti</em></span> <span class='ocrx_word' id='word_1_210' title='bbox 415 2462 460 2547; x_wconf 76' lang='lat' dir='ltr'><em>fit</em></span> <span class='ocrx_word' id='word_1_211' title='bbox 480 2474 509 2526; x_wconf 92' lang='lat' dir='ltr'><em>et</em></span> <span class='ocrx_word' id='word_1_212' title='bbox 537 2466 606 2527; x_wconf 85' lang='lat' dir='ltr'><em>aliis</em></span> <span class='ocrx_word' id='word_1_213' title='bbox 635 2470 667 2526; x_wconf 82' lang='lat' dir='ltr'><em>in</em></span> <span class='ocrx_word' id='word_1_214' title='bbox 698 2465 780 2526; x_wconf 89' lang='lat' dir='ltr'><em>loeis.</em></span> <span class='ocrx_word' id='word_1_215' title='bbox 824 2465 862 2527; x_wconf 90' lang='lat' dir='ltr'><em>ln</em></span> <span class='ocrx_word' id='word_1_216' title='bbox 885 2465 1067 2528; x_wconf 86' lang='lat' dir='ltr'><em>Gableriano</em></span> <span class='ocrx_word' id='word_1_217' title='bbox 1095 2480 1193 2530; x_wconf 80' lang='lat' dir='ltr'><em>anton</em></span> <span class='ocrx_word' id='word_1_218' title='bbox 1220 2480 1250 2532; x_wconf 90' lang='lat' dir='ltr'><em>et</em></span> <span class='ocrx_word' id='word_1_219' title='bbox 1273 2469 1449 2533; x_wconf 68' lang='lat' dir='ltr'><em>Filomini</em></span> 
     </span>
     <span class='ocr_line' id='line_1_24' title="bbox 238 2554 1442 2656; baseline 0.005 -26"><span class='ocrx_word' id='word_1_220' title='bbox 238 2571 339 2649; x_wconf 89' lang='lat' dir='ltr'><em>prima</em></span> <span class='ocrx_word' id='word_1_221' title='bbox 368 2567 439 2630; x_wconf 90' lang='lat' dir='ltr'><em>baec</em></span> <span class='ocrx_word' id='word_1_222' title='bbox 466 2554 565 2628; x_wconf 76' lang='lat' dir='ltr'><em>nouae&#39;</em></span> <span class='ocrx_word' id='word_1_223' title='bbox 584 2571 672 2646; x_wconf 86' lang='lat' dir='ltr'><em>qnasi</em></span> <span class='ocrx_word' id='word_1_224' title='bbox 692 2565 844 2645; x_wconf 88' lang='lat' dir='ltr'><em>Epi&#39;stalae</em></span> <span class='ocrx_word' id='word_1_225' title='bbox 863 2571 1069 2645; x_wconf 86' lang='lat' dir='ltr'><em>praeponitur</em></span> <span class='ocrx_word' id='word_1_226' title='bbox 1090 2571 1269 2649; x_wconf 83' lang='lat' dir='ltr'><em>inscriptio:</em></span> <span class='ocrx_word' id='word_1_227' title='bbox 1299 2570 1396 2656; x_wconf 82' lang='grc' dir='ltr'><em>πρὸς</em></span> <span class='ocrx_word' id='word_1_228' title='bbox 1414 2571 1442 2636; x_wconf 64' lang='grc' dir='ltr'><em>τὰ</em></span> 
     </span>
     <span class='ocr_line' id='line_1_25' title="bbox 240 2661 1438 2754; baseline 0.004 -22"><span class='ocrx_word' id='word_1_229' title='bbox 240 2661 340 2732; x_wconf 76' lang='grc' dir='ltr'><strong><em>αὐτὸν</em></strong></span> <span class='ocrx_word' id='word_1_230' title='bbox 362 2669 569 2752; x_wconf 79' lang='grc' dir='ltr'><strong><em>Σεραπίωνα.</em></strong></span> <span class='ocrx_word' id='word_1_231' title='bbox 615 2667 725 2748; x_wconf 87' lang='lat' dir='ltr'><em>Nempe</em></span> <span class='ocrx_word' id='word_1_232' title='bbox 748 2685 814 2750; x_wconf 80' lang='lat' dir='ltr'><em>epm</em></span> <span class='ocrx_word' id='word_1_233' title='bbox 834 2671 867 2728; x_wconf 91' lang='lat' dir='ltr'><em>in</em></span> <span class='ocrx_word' id='word_1_234' title='bbox 886 2671 987 2746; x_wconf 91' lang='lat' dir='ltr'><em>prima</em></span> <span class='ocrx_word' id='word_1_235' title='bbox 1008 2667 1147 2748; x_wconf 88' lang='lat' dir='ltr'><em>Epistola</em></span> <span class='ocrx_word' id='word_1_236' title='bbox 1168 2688 1250 2732; x_wconf 87' lang='lat' dir='ltr'><em>rium.</em></span> <span class='ocrx_word' id='word_1_237' title='bbox 1262 2673 1291 2735; x_wconf 86' lang='lat'><em>3.</em></span> <span class='ocrx_word' id='word_1_238' title='bbox 1311 2683 1345 2734; x_wconf 85' lang='lat' dir='ltr'><em>et</em></span> <span class='ocrx_word' id='word_1_239' title='bbox 1363 2675 1438 2754; x_wconf 75' lang='lat' dir='ltr'><em>inlr</em></span> 
     </span>
     <span class='ocr_line' id='line_1_26' title="bbox 239 2767 1443 2853; baseline 0.006 -21"><span class='ocrx_word' id='word_1_240' title='bbox 239 2775 342 2852; x_wconf 89' lang='lat' dir='ltr'><em>partis</em></span> <span class='ocrx_word' id='word_1_241' title='bbox 368 2774 552 2851; x_wconf 88' lang='lat' dir='ltr'><em>posterioris</em></span> <span class='ocrx_word' id='word_1_242' title='bbox 581 2770 727 2832; x_wconf 87' lang='lat' dir='ltr'><em>secundae</em></span> <span class='ocrx_word' id='word_1_243' title='bbox 752 2768 817 2849; x_wconf 89' lang='lat' dir='ltr'><em>[Ep.</em></span> <span class='ocrx_word' id='word_1_244' title='bbox 835 2767 894 2832; x_wconf 85' lang='lat' dir='ltr'><em>Ill.</em></span> <span class='ocrx_word' id='word_1_245' title='bbox 917 2787 998 2830; x_wconf 89' lang='lat' dir='ltr'><em>num.</em></span> <span class='ocrx_word' id='word_1_246' title='bbox 1018 2771 1059 2846; x_wconf 85' lang='grc'><em>7.]</em></span> <span class='ocrx_word' id='word_1_247' title='bbox 1091 2770 1163 2832; x_wconf 88' lang='lat' dir='ltr'><em>baec</em></span> <span class='ocrx_word' id='word_1_248' title='bbox 1187 2771 1351 2853; x_wconf 83' lang='lat' dir='ltr'><em>Euanqelii</em></span> <span class='ocrx_word' id='word_1_249' title='bbox 1382 2775 1443 2839; x_wconf 69' lang='lat' dir='ltr'><em>oali</em></span> 
     </span>
     <span class='ocr_line' id='line_1_27' title="bbox 242 2862 1450 2958; baseline 0.001 -22"><span class='ocrx_word' id='word_1_250' title='bbox 242 2867 355 2936; x_wconf 80' lang='lat' dir='ltr'><em>contra</em></span> <span class='ocrx_word' id='word_1_251' title='bbox 375 2872 570 2934; x_wconf 84' lang='lat' dir='ltr'><em>aduersarios</em></span> <span class='ocrx_word' id='word_1_252' title='bbox 593 2873 770 2934; x_wconf 74' lang='lat' dir='ltr'><em>adduxisset</em></span> <span class='ocrx_word' id='word_1_253' title='bbox 781 2862 817 2932; x_wconf 87' lang='lat' dir='ltr'><em>S.</em></span> <span class='ocrx_word' id='word_1_254' title='bbox 833 2870 1026 2941; x_wconf 76' lang='lat' dir='ltr'><em>Athanasius,</em></span> <span class='ocrx_word' id='word_1_255' title='bbox 1049 2875 1148 2951; x_wconf 92' lang='lat' dir='ltr'><em>ipsum</em></span> <span class='ocrx_word' id='word_1_256' title='bbox 1168 2879 1287 2954; x_wconf 82' lang='lat' dir='ltr'><em>reponit</em></span> <span class='ocrx_word' id='word_1_257' title='bbox 1301 2873 1450 2958; x_wconf 75' lang='lat' dir='ltr'><em>Serapim.</em></span> 
     </span>
     <span class='ocr_line' id='line_1_28' title="bbox 241 2973 1454 3059; baseline 0.002 -22"><span class='ocrx_word' id='word_1_258' title='bbox 241 2986 277 3038; x_wconf 87' lang='lat' dir='ltr'><em>nt</em></span> <span class='ocrx_word' id='word_1_259' title='bbox 294 2975 391 3038; x_wconf 87' lang='lat' dir='ltr'><em>lacum</em></span> <span class='ocrx_word' id='word_1_260' title='bbox 402 2973 494 3059; x_wconf 88' lang='lat' dir='ltr'><em>illnm</em></span> <span class='ocrx_word' id='word_1_261' title='bbox 505 2977 772 3054; x_wconf 85' lang='lat' dir='ltr'><em>interpretaretur,</em></span> <span class='ocrx_word' id='word_1_262' title='bbox 796 2973 1019 3054; x_wconf 78' lang='lat' dir='ltr'><em>implicaretqne</em></span> <span class='ocrx_word' id='word_1_263' title='bbox 1035 2991 1091 3035; x_wconf 86' lang='lat' dir='ltr'><em>cnr</em></span> <span class='ocrx_word' id='word_1_264' title='bbox 1105 2978 1158 3055; x_wconf 93' lang='lat' dir='ltr'><em>qni</em></span> <span class='ocrx_word' id='word_1_265' title='bbox 1177 2978 1210 3035; x_wconf 90' lang='lat' dir='ltr'><em>in</em></span> <span class='ocrx_word' id='word_1_266' title='bbox 1223 2973 1382 3056; x_wconf 86' lang='lat' dir='ltr'><em>Spiritniii</em></span> <span class='ocrx_word' id='word_1_267' title='bbox 1397 2999 1454 3040; x_wconf 86' lang='lat' dir='ltr'><em>soi·</em></span> 
     </span>
     <span class='ocr_line' id='line_1_29' title="bbox 242 3076 1456 3161; baseline 0 -21"><span class='ocrx_word' id='word_1_268' title='bbox 242 3089 323 3140; x_wconf 87' lang='lat' dir='ltr'><em>ctum</em></span> <span class='ocrx_word' id='word_1_269' title='bbox 340 3081 520 3158; x_wconf 86' lang='lat' dir='ltr'><em>peccauerit,</em></span> <span class='ocrx_word' id='word_1_270' title='bbox 543 3081 668 3156; x_wconf 83' lang='lat' dir='ltr'><em>pravius</em></span> <span class='ocrx_word' id='word_1_271' title='bbox 686 3077 859 3157; x_wconf 87' lang='lat' dir='ltr'><em>puniendus</em></span> <span class='ocrx_word' id='word_1_272' title='bbox 882 3079 930 3145; x_wconf 88' lang='lat' dir='ltr'><em>sit,</em></span> <span class='ocrx_word' id='word_1_273' title='bbox 954 3093 1041 3154; x_wconf 90' lang='lat' dir='ltr'><em>qnam</em></span> <span class='ocrx_word' id='word_1_274' title='bbox 1063 3080 1166 3155; x_wconf 88' lang='lat' dir='ltr'><em>quiin</em></span> <span class='ocrx_word' id='word_1_275' title='bbox 1186 3076 1313 3152; x_wconf 69' lang='lat' dir='ltr'><em>Filium·</em></span> <span class='ocrx_word' id='word_1_276' title='bbox 1339 3086 1456 3161; x_wconf 76' lang='lat' dir='ltr'><em>enipi</em></span> 
     </span>
    </p>

    <p class='ocr_par' dir='ltr' id='par_1_8' title="bbox 172 3175 1457 3258">
     <span class='ocr_line' id='line_1_30' title="bbox 172 3175 1457 3258; baseline 0.005 -20"><span class='ocrx_word' id='word_1_277' title='bbox 172 3237 183 3256; x_wconf 73' lang='grc'><strong><em>,</em></strong></span> <span class='ocrx_word' id='word_1_278' title='bbox 243 3178 419 3245; x_wconf 86' lang='lat' dir='ltr'><em>stulatiani,</em></span> <span class='ocrx_word' id='word_1_279' title='bbox 441 3179 569 3240; x_wconf 86' lang='lat' dir='ltr'><em>multum</em></span> <span class='ocrx_word' id='word_1_280' title='bbox 592 3178 672 3250; x_wconf 92' lang='lat' dir='ltr'><em>licet,</em></span> <span class='ocrx_word' id='word_1_281' title='bbox 695 3189 730 3239; x_wconf 92' lang='lat' dir='ltr'><em>ut</em></span> <span class='ocrx_word' id='word_1_282' title='bbox 752 3177 866 3246; x_wconf 77' lang='lat' dir='ltr'><em>scribit,</em></span> <span class='ocrx_word' id='word_1_283' title='bbox 889 3175 1057 3248; x_wconf 89' lang='lat' dir='ltr'><em>reluctans,</em></span> <span class='ocrx_word' id='word_1_284' title='bbox 1091 3182 1122 3238; x_wconf 92' lang='lat' dir='ltr'><em>in</em></span> <span class='ocrx_word' id='word_1_285' title='bbox 1142 3177 1204 3258; x_wconf 77' lang='lat' dir='ltr'><em>fine</em></span> <span class='ocrx_word' id='word_1_286' title='bbox 1225 3180 1353 3243; x_wconf 80' lang='lat' dir='ltr'><em>ultimae</em></span> <span class='ocrx_word' id='word_1_287' title='bbox 1376 3183 1457 3243; x_wconf 81' lang='lat' dir='ltr'><em>bitini</em></span> 
     </span>
    </p>

    <p class='ocr_par' dir='ltr' id='par_1_9' title="bbox 168 3278 576 3359">
     <span class='ocr_line' id='line_1_31' title="bbox 168 3278 576 3359; baseline 0.007 -22"><span class='ocrx_word' id='word_1_288' title='bbox 168 3327 178 3350; x_wconf 84' lang='grc'><em>,</em></span> <span class='ocrx_word' id='word_1_289' title='bbox 241 3278 396 3357; x_wconf 82' lang='lat' dir='ltr'><em>Epistulae</em></span> <span class='ocrx_word' id='word_1_290' title='bbox 419 3282 576 3359; x_wconf 76' lang='lat' dir='ltr'><em>satisfecit.</em></span> 
     </span>
    </p>

    <p class='ocr_par' dir='ltr' id='par_1_10' title="bbox 242 3379 1460 3965">
     <span class='ocr_line' id='line_1_32' title="bbox 328 3379 1457 3463; baseline 0.006 -28"><span class='ocrx_word' id='word_1_291' title='bbox 328 3379 373 3438; x_wconf 90' lang='lat' dir='ltr'><em>Vl.</em></span> <span class='ocrx_word' id='word_1_292' title='bbox 418 3380 487 3442; x_wconf 89' lang='lat' dir='ltr'><em>Nan</em></span> <span class='ocrx_word' id='word_1_293' title='bbox 508 3381 636 3442; x_wconf 89' lang='lat' dir='ltr'><em>multum</em></span> <span class='ocrx_word' id='word_1_294' title='bbox 657 3379 884 3440; x_wconf 82' lang='lat' dir='ltr'><em>immorabimur</em></span> <span class='ocrx_word' id='word_1_295' title='bbox 898 3383 930 3440; x_wconf 89' lang='lat' dir='ltr'><em>in</em></span> <span class='ocrx_word' id='word_1_296' title='bbox 948 3379 1113 3458; x_wconf 83' lang='lat' dir='ltr'><em>refellenda</em></span> <span class='ocrx_word' id='word_1_297' title='bbox 1126 3387 1290 3462; x_wconf 79' lang='lat' dir='ltr'><em>praecipiti</em></span> <span class='ocrx_word' id='word_1_298' title='bbox 1309 3393 1339 3444; x_wconf 90' lang='lat' dir='ltr'><em>et</em></span> <span class='ocrx_word' id='word_1_299' title='bbox 1362 3390 1457 3463; x_wconf 84' lang='lat' dir='ltr'><em>iniquo</em></span> 
     </span>
     <span class='ocr_line' id='line_1_33' title="bbox 242 3479 1457 3562; baseline 0.002 -22"><span class='ocrx_word' id='word_1_300' title='bbox 242 3479 401 3542; x_wconf 86' lang='lat' dir='ltr'><em>admodum</em></span> <span class='ocrx_word' id='word_1_301' title='bbox 422 3481 547 3542; x_wconf 80' lang='lat' dir='ltr'><em>Erasini·</em></span> <span class='ocrx_word' id='word_1_302' title='bbox 574 3481 608 3540; x_wconf 91' lang='lat' dir='ltr'><em>de</em></span> <span class='ocrx_word' id='word_1_303' title='bbox 633 3485 735 3559; x_wconf 90' lang='lat' dir='ltr'><em>prima</em></span> <span class='ocrx_word' id='word_1_304' title='bbox 761 3481 799 3542; x_wconf 87' lang='lat' dir='ltr'><em>al</em></span> <span class='ocrx_word' id='word_1_305' title='bbox 820 3479 1015 3559; x_wconf 85' lang='lat' dir='ltr'><em>Serapionem</em></span> <span class='ocrx_word' id='word_1_306' title='bbox 1037 3481 1174 3562; x_wconf 88' lang='lat' dir='ltr'><em>Epistola</em></span> <span class='ocrx_word' id='word_1_307' title='bbox 1199 3485 1321 3545; x_wconf 87' lang='lat' dir='ltr'><em>iudicio.</em></span> <span class='ocrx_word' id='word_1_308' title='bbox 1365 3484 1457 3552; x_wconf 80' lang='lat' dir='ltr'><em>Salia,</em></span> 
     </span>
     <span class='ocr_line' id='line_1_34' title="bbox 242 3576 1459 3665; baseline -0.001 -22"><span class='ocrx_word' id='word_1_309' title='bbox 242 3584 341 3662; x_wconf 83' lang='lat' dir='ltr'><em>inquit</em></span> <span class='ocrx_word' id='word_1_310' title='bbox 362 3580 426 3654; x_wconf 90' lang='lat' dir='ltr'><em>ille,</em></span> <span class='ocrx_word' id='word_1_311' title='bbox 457 3591 486 3643; x_wconf 86' lang='lat' dir='ltr'><em>et</em></span> <span class='ocrx_word' id='word_1_312' title='bbox 508 3576 622 3658; x_wconf 82' lang='lat' dir='ltr'><em>integro</em></span> <span class='ocrx_word' id='word_1_313' title='bbox 644 3580 800 3640; x_wconf 85' lang='lat' dir='ltr'><em>doctorum</em></span> <span class='ocrx_word' id='word_1_314' title='bbox 828 3579 953 3653; x_wconf 86' lang='lat' dir='ltr'><em>iudicia,</em></span> <span class='ocrx_word' id='word_1_315' title='bbox 983 3601 1037 3660; x_wconf 83' lang='lat' dir='ltr'><em>ego</em></span> <span class='ocrx_word' id='word_1_316' title='bbox 1065 3601 1171 3644; x_wconf 86' lang='lat' dir='ltr'><em>censeo</em></span> <span class='ocrx_word' id='word_1_317' title='bbox 1199 3583 1258 3645; x_wconf 88' lang='lat' dir='ltr'><em>liae</em></span> <span class='ocrx_word' id='word_1_318' title='bbox 1283 3585 1365 3665; x_wconf 84' lang='lat' dir='ltr'><em>Opus</em></span> <span class='ocrx_word' id='word_1_319' title='bbox 1394 3602 1459 3644; x_wconf 87' lang='lat' dir='ltr'><em>esse</em></span> 
     </span>
     <span class='ocr_line' id='line_1_35' title="bbox 243 3680 1458 3761; baseline 0 -17"><span class='ocrx_word' id='word_1_320' title='bbox 243 3682 373 3746; x_wconf 85' lang='lat' dir='ltr'><em>hominis</em></span> <span class='ocrx_word' id='word_1_321' title='bbox 397 3683 487 3744; x_wconf 87' lang='lat' dir='ltr'><em>otiosi</em></span> <span class='ocrx_word' id='word_1_322' title='bbox 510 3680 650 3758; x_wconf 86' lang='lat' dir='ltr'><em>nulloque</em></span> <span class='ocrx_word' id='word_1_323' title='bbox 672 3680 790 3758; x_wconf 83' lang='lat' dir='ltr'><em>ingenia</em></span> <span class='ocrx_word' id='word_1_324' title='bbox 813 3681 947 3759; x_wconf 82' lang='lat' dir='ltr'><em>praediti,</em></span> <span class='ocrx_word' id='word_1_325' title='bbox 970 3683 1020 3761; x_wconf 89' lang='lat' dir='ltr'><em>qni</em></span> <span class='ocrx_word' id='word_1_326' title='bbox 1034 3684 1160 3745; x_wconf 85' lang='lat' dir='ltr'><em>voluerit</em></span> <span class='ocrx_word' id='word_1_327' title='bbox 1174 3684 1282 3748; x_wconf 85' lang='lat' dir='ltr'><em>imitari</em></span> <span class='ocrx_word' id='word_1_328' title='bbox 1297 3686 1351 3747; x_wconf 86' lang='lat' dir='ltr'><em>diii</em></span> <span class='ocrx_word' id='word_1_329' title='bbox 1365 3685 1458 3746; x_wconf 78' lang='lat' dir='ltr'><em>Atha-</em></span> 
     </span>
     <span class='ocr_line' id='line_1_36' title="bbox 243 3781 1458 3863; baseline -0.001 -19"><span class='ocrx_word' id='word_1_330' title='bbox 243 3785 320 3846; x_wconf 87' lang='lat' dir='ltr'><em>nasii</em></span> <span class='ocrx_word' id='word_1_331' title='bbox 342 3783 458 3846; x_wconf 87' lang='lat' dir='ltr'><em>libellos</em></span> <span class='ocrx_word' id='word_1_332' title='bbox 480 3783 516 3844; x_wconf 83' lang='lat' dir='ltr'><em>od</em></span> <span class='ocrx_word' id='word_1_333' title='bbox 539 3783 740 3860; x_wconf 84' lang='lat' dir='ltr'><em>Serapionem.</em></span> <span class='ocrx_word' id='word_1_334' title='bbox 784 3781 839 3842; x_wconf 87' lang='lat' dir='ltr'><em>Hic</em></span> <span class='ocrx_word' id='word_1_335' title='bbox 859 3785 932 3844; x_wconf 83' lang='lat' dir='ltr'><em>mira</em></span> <span class='ocrx_word' id='word_1_336' title='bbox 954 3785 1108 3863; x_wconf 83' lang='lat' dir='ltr'><em>congeries</em></span> <span class='ocrx_word' id='word_1_337' title='bbox 1130 3785 1278 3862; x_wconf 86' lang='lat' dir='ltr'><em>locorum,</em></span> <span class='ocrx_word' id='word_1_338' title='bbox 1307 3795 1334 3851; x_wconf 83' lang='lat' dir='ltr'><em>el</em></span> <span class='ocrx_word' id='word_1_339' title='bbox 1361 3785 1458 3846; x_wconf 80' lang='lat' dir='ltr'><em>rotia-</em></span> 
     </span>
     <span class='ocr_line' id='line_1_37' title="bbox 244 3867 1460 3965; baseline 0 -19"><span class='ocrx_word' id='word_1_340' title='bbox 244 3903 315 3947; x_wconf 89' lang='lat' dir='ltr'><em>num</em></span> <span class='ocrx_word' id='word_1_341' title='bbox 337 3885 471 3948; x_wconf 84' lang='lat' dir='ltr'><em>conlusio</em></span> <span class='ocrx_word' id='word_1_342' title='bbox 495 3882 763 3962; x_wconf 84' lang='lat' dir='ltr'><em>molestissimsque</em></span> <span class='ocrx_word' id='word_1_343' title='bbox 787 3882 878 3944; x_wconf 87' lang='lat' dir='ltr'><em>semel</em></span> <span class='ocrx_word' id='word_1_344' title='bbox 900 3883 1045 3947; x_wconf 87' lang='lat' dir='ltr'><em>dictorum</em></span> <span class='ocrx_word' id='word_1_345' title='bbox 1066 3886 1223 3965; x_wconf 55' lang='lat' dir='ltr'><em>iteratim).</em></span> <span class='ocrx_word' id='word_1_346' title='bbox 1267 3867 1364 3954; x_wconf 52' lang='lat' dir='ltr'><em>Eidssn</em></span> <span class='ocrx_word' id='word_1_347' title='bbox 1383 3903 1460 3948; x_wconf 84' lang='lat' dir='ltr'><em>sen-</em></span> 
     </span>
    </p>
   </div>
   <div class='ocr_carea' id='block_1_3' title="bbox 311 4084 1462 4249">
    <p class='ocr_par' dir='ltr' id='par_1_11' title="bbox 311 4084 1462 4249">
     <span class='ocr_line' id='line_1_38' title="bbox 313 4084 1462 4176; baseline 0.009 -23"><span class='ocrx_word' id='word_1_348' title='bbox 313 4108 336 4166; x_wconf 86' lang='grc'><em>1)</em></span> <span class='ocrx_word' id='word_1_349' title='bbox 354 4105 410 4153; x_wconf 84' lang='lat' dir='ltr'><em>Vide</em></span> <span class='ocrx_word' id='word_1_350' title='bbox 428 4104 485 4153; x_wconf 86' lang='lat' dir='ltr'><em>itero</em></span> <span class='ocrx_word' id='word_1_351' title='bbox 503 4103 621 4155; x_wconf 79' lang='lat' dir='ltr'><em>Admonit.</em></span> <span class='ocrx_word' id='word_1_352' title='bbox 640 4104 662 4153; x_wconf 89' lang='lat' dir='ltr'><em>ia</em></span> <span class='ocrx_word' id='word_1_353' title='bbox 683 4104 758 4168; x_wconf 87' lang='lat' dir='ltr'><em>Epist.</em></span> <span class='ocrx_word' id='word_1_354' title='bbox 776 4104 805 4154; x_wconf 85' lang='lat' dir='ltr'><em>sd</em></span> <span class='ocrx_word' id='word_1_355' title='bbox 823 4106 906 4170; x_wconf 85' lang='lat' dir='ltr'><em>Serop.</em></span> <span class='ocrx_word' id='word_1_356' title='bbox 925 4105 955 4156; x_wconf 88' lang='lat' dir='ltr'><em>de</em></span> <span class='ocrx_word' id='word_1_357' title='bbox 974 4115 1051 4158; x_wconf 88' lang='lat' dir='ltr'><em>morte</em></span> <span class='ocrx_word' id='word_1_358' title='bbox 1065 4109 1120 4158; x_wconf 73' lang='lat' dir='ltr'><em>Arii.</em></span> <span class='ocrx_word' id='word_1_359' title='bbox 1152 4109 1220 4160; x_wconf 87' lang='lat' dir='ltr'><em>Tim.</em></span> <span class='ocrx_word' id='word_1_360' title='bbox 1233 4109 1251 4160; x_wconf 89' lang='lat'><em>1.</em></span> <span class='ocrx_word' id='word_1_361' title='bbox 1269 4125 1324 4176; x_wconf 82' lang='lat' dir='ltr'><em>pig.</em></span> <span class='ocrx_word' id='word_1_362' title='bbox 1332 4084 1426 4166; x_wconf 73' lang='lat' dir='ltr'><em>³er-</em></span> <span class='ocrx_word' id='word_1_363' title='bbox 1435 4105 1462 4154; x_wconf 82' lang='lat'><em>3·</em></span> 
     </span>
     <span class='ocr_line' id='line_1_39' title="bbox 311 4187 1437 4249; baseline -0.004 -8"><span class='ocrx_word' id='word_1_364' title='bbox 311 4191 337 4249; x_wconf 78' lang='lat'><em>2)</em></span> <span class='ocrx_word' id='word_1_365' title='bbox 355 4187 436 4236; x_wconf 75' lang='lat' dir='ltr'><em>Metili.</em></span> <span class='ocrx_word' id='word_1_366' title='bbox 454 4187 492 4248; x_wconf 78' lang='lat'><em>12,</em></span> <span class='ocrx_word' id='word_1_367' title='bbox 512 4187 553 4238; x_wconf 77' lang='lat'><em>32.</em></span> <span class='ocrx_word' id='word_1_368' title='bbox 1433 4203 1437 4210; x_wconf 90' lang='lat'><em>·</em></span> 
     </span>
    </p>
   </div>
   <div class='ocr_carea' id='block_1_4' title="bbox 313 4268 1435 4344">
    <p class='ocr_par' dir='ltr' id='par_1_12' title="bbox 313 4268 1435 4344">
     <span class='ocr_line' id='line_1_40' title="bbox 313 4268 1435 4344; baseline 0.016 -26"><span class='ocrx_word' id='word_1_369' title='bbox 313 4273 337 4332; x_wconf 82' lang='lat'><em>3)</em></span> <span class='ocrx_word' id='word_1_370' title='bbox 356 4268 453 4321; x_wconf 86' lang='lat' dir='ltr'><em>loannis</em></span> <span class='ocrx_word' id='word_1_371' title='bbox 472 4273 637 4337; x_wconf 74' lang='lat' dir='ltr'><em>chrysostomi</em></span> <span class='ocrx_word' id='word_1_372' title='bbox 661 4282 684 4323; x_wconf 84' lang='lat' dir='ltr'><em>st</em></span> <span class='ocrx_word' id='word_1_373' title='bbox 701 4274 820 4326; x_wconf 80' lang='lat' dir='ltr'><em>Athanasii</em></span> <span class='ocrx_word' id='word_1_374' title='bbox 846 4276 1022 4328; x_wconf 72' lang='lat' dir='ltr'><em>lucubrationes</em></span> <span class='ocrx_word' id='word_1_375' title='bbox 1047 4277 1137 4342; x_wconf 83' lang='lat' dir='ltr'><em>aliquot</em></span> <span class='ocrx_word' id='word_1_376' title='bbox 1161 4280 1264 4344; x_wconf 84' lang='lat' dir='ltr'><em>primam</em></span> <span class='ocrx_word' id='word_1_377' title='bbox 1286 4295 1373 4332; x_wconf 84' lang='lat' dir='ltr'><em>icisse</em></span> <span class='ocrx_word' id='word_1_378' title='bbox 1405 4297 1435 4338; x_wconf 85' lang='lat' dir='ltr'><em>et</em></span> 
     </span>
    </p>
   </div>
   <div class='ocr_carea' id='block_1_5' title="bbox 242 4338 1491 4466">
    <p class='ocr_par' dir='ltr' id='par_1_13' title="bbox 242 4338 1491 4466">
     <span class='ocr_line' id='line_1_41' title="bbox 242 4338 1491 4466; baseline 0.016 -78"><span class='ocrx_word' id='word_1_379' title='bbox 242 4338 440 4466; x_wconf 53' lang='lat' dir='ltr'><em>1lichiquqiaditsa</em></span> <span class='ocrx_word' id='word_1_380' title='bbox 464 4357 507 4406; x_wconf 86' lang='lat' dir='ltr'><em>per</em></span> <span class='ocrx_word' id='word_1_381' title='bbox 532 4341 587 4392; x_wconf 87' lang='lat' dir='ltr'><em>Des.</em></span> <span class='ocrx_word' id='word_1_382' title='bbox 612 4342 744 4394; x_wconf 81' lang='lat' dir='ltr'><em>Erisamm.</em></span> <span class='ocrx_word' id='word_1_383' title='bbox 768 4344 840 4395; x_wconf 83' lang='lat' dir='ltr'><em>basii.</em></span> <span class='ocrx_word' id='word_1_384' title='bbox 858 4343 930 4394; x_wconf 78' lang='lat'>1527.</span> <span class='ocrx_word' id='word_1_385' title='bbox 955 4360 978 4408; x_wconf 87' lang='lat' dir='ltr'><em>p.</em></span> <span class='ocrx_word' id='word_1_386' title='bbox 994 4345 1043 4395; x_wconf 82' lang='lat'><em>410</em></span> <span class='ocrx_word' id='word_1_387' title='bbox 1066 4347 1202 4410; x_wconf 74' lang='lat' dir='ltr'><em>(Opp.·ed.</em></span> <span class='ocrx_word' id='word_1_388' title='bbox 1227 4347 1290 4398; x_wconf 81' lang='lat' dir='ltr'><em>Cler.</em></span> <span class='ocrx_word' id='word_1_389' title='bbox 1314 4349 1386 4399; x_wconf 81' lang='lat' dir='ltr'><em>tom.</em></span> <span class='ocrx_word' id='word_1_390' title='bbox 1412 4355 1491 4440; x_wconf 56' lang='grc' dir='ltr'><em>ἮΗἸ</em></span> 
     </span>
    </p>
   </div>
   <div class='ocr_carea' id='block_1_6' title="bbox 0 0 1544 5304">
    <p class='ocr_par' dir='ltr' id='par_1_14' title="bbox 0 0 1544 5304">
     <span class='ocr_line' id='line_1_42' title="bbox 0 0 1544 5304; baseline 0 0"><span class='ocrx_word' id='word_1_391' title='bbox 0 0 1544 5304; x_wconf 95' lang='lat' dir='ltr'><em> </em></span> 
     </span>
    </p>
   </div>
  </div>
 </body>
</html>
