3214 5048
474 267 477 274 ’
553 289 663 334 curro
678 291 709 334 ιι.
726 291 841 336 coortu
857 291 992 336 munos.
1312 281 1375 345 w

142 447 234 510 tiuoo
260 446 309 510 bis
337 445 566 506 obmurmurant
592 440 706 504 serbis:
742 441 835 524 Igitur
862 441 921 506 duo
950 445 1128 508 *non-lacta
1160 444 1275 520 dicitis;
1309 460 1463 510 comesor.

142 555 245 624 auton
264 547 320 630 ipsi
344 547 427 608 aiunt
447 545 634 607 uon-laetam
656 545 722 608 cius
745 563 815 609 esse
837 545 1028 625 sapientium,
1057 564 1118 608 non
1146 545 1248 609 rident
1274 558 1405 618 ιοιιιιιι,

144 649 268 731 seipsos
290 667 395 712 vanam
416 647 494 710 banc
515 645 648 710 tacuere
679 644 921 709 accusationem?
964 647 1122 710 lioimvero
1145 667 1182 710 au
1205 667 1266 710 uon
1289 649 1376 714 etiam

142 753 233 814 valde
260 751 350 814 stulta
380 758 427 813 est
454 749 530 812 hoec
557 747 676 810 illorum
698 747 863 822 sententia,
893 767 999 828 nempe
1020 752 1206 814 non-iactam
1227 751 1305 814 illam
1326 771 1379 814 aa·

143 853 290 934 pientiam
314 852 460 932 simulque
482 869 549 913 oum
570 849 633 910 llec
657 849 833 910 existentem
855 848 954 928 ipsum
977 869 1046 912 esso
1063 850 1180 915 Deum?
1201 853 1275 916 Nam
1297 853 1379 935 quod

147 953 242 1016 simul
264 953 371 1028 existit,
393 972 455 1016 non
478 967 591 1024 secum,
615 950 668 1012 scd
692 969 759 1012 oum
781 949 881 1029 aliquo
905 949 993 1012 simul
1015 951 1124 1024 existit,
1146 961 1180 1015 ut
1198 955 1235 1016 de
1249 955 1377 1020 llomiuo

146 1063 274 1128 namnet
299 1055 518 1136 Evangelistae,
548 1071 615 1114 eum
643 1069 750 1132 nempe
784 1051 872 1115 simul
905 1070 971 1115 oum
999 1052 1150 1131 discipulis
1172 1055 1274 1118 luisse.
1317 1057 1380 1120 Nec

146 1156 229 1219 cuim
262 1175 380 1230 secum,
415 1155 468 1218 sed
498 1173 565 1216 cum
587 1153 740 1234 discipulis
763 1153 851 1216 simul
874 1161 945 1216 eret.
989 1153 1054 1216 Nisi
1076 1155 1155 1216 torte
1175 1153 1268 1218 Deum
1288 1157 1380 1220 velint

145 1257 247 1320 dicere
270 1258 480 1339 compositum,
504 1275 630 1336 eumque
651 1255 827 1336 permixtam
849 1256 959 1338 hebere
977 1241 1152 1336 sapientiam
1175 1257 1222 1318 rel
1244 1276 1318 1337 quae
1340 1259 1381 1320 sit

145 1377 220 1423 suae
241 1367 365 1421 naturae
387 1359 646 1440 complementum,
669 1376 744 1438 quae
764 1358 828 1437 ipsa
850 1375 968 1438 quoque
989 1359 1146 1420 non-lacta
1168 1357 1218 1434 sit,
1242 1377 1329 1440 quam
1351 1365 1382 1422 et

146 1461 293 1525 inducunt
314 1461 417 1523 mundi
440 1461 623 1533 creatricem,
648 1459 805 1522 etlilium
827 1478 925 1522 rerum
948 1459 1099 1522 creatione
1120 1458 1260 1540 spolient.
1304 1461 1382 1524 Nihil

148 1563 229 1626 enim
249 1581 311 1626 non
334 1571 466 1638 movent,
490 1571 524 1624 ut
545 1569 584 1624 nc
609 1561 646 1624 do
668 1560 796 1623 Domino
819 1563 981 1624 secundum
1004 1561 1157 1624 veritatem
1179 1563 1318 1628 ιιιιιίιιιι

235 1769 286 1833 39.
330 1769 396 1842 Quo
419 1766 501 1830 euim
523 1765 554 1827 in
575 1765 642 1826 loco
666 1763 780 1826 divinae
795 1763 967 1844 Scripturae
988 1773 1175 1845 repererunt,
1196 1766 1242 1828 vel
1264 1785 1281 1827 a
1300 1785 1379 1846 quo·

149 1885 220 1929 uam
242 1869 413 1942 audierunt,
446 1865 526 1931 aliud
548 1866 671 1929 verbum
693 1865 815 1928 abomre
838 1865 1103 1945 esse-sapientiam
1125 1875 1244 1946 praeter
1264 1868 1380 1931 huncce
1421 1939 1425 1946 ,

151 1967 276 2041 Filium,
299 1977 332 2030 ut
352 1969 408 2031 ista
430 1969 487 2031 sibi
509 1965 700 2049 confingant?
733 1967 882 2049 Scriptum
905 1967 1024 2047 quidem
1047 1977 1111 2030 est:
1141 1968 1296 2053 pennum
1316 1989 1381 2036 ιιιιι

150 2071 246 2133 cerba
267 2089 331 2133 meo
353 2082 425 2134 ιιιιιι
447 2075 536 2152 quusi
554 2075 631 2152 ipsis
654 2081 684 2134 ιι
706 2074 795 2154 poesi
815 2073 932 2132 securis
949 2071 1093 2140 ,incidens
1119 2071 1266 2151 petrum?
1297 2081 1327 2135 et
1348 2073 1380 2134 iu

44 2237 53 2246 ,
150 2170 334 2236 Proverbiis:
357 2173 475 2238 Docebo
490 2193 544 2238 ooo
567 2173 662 2236 verbu
683 2191 757 2235 meo.
791 2171 900 2234 Verum
922 2171 995 2232 baec
1016 2177 1171 2252 praecepta
1193 2179 1223 2233 et
1244 2172 1381 2234 mundata

149 2283 229 2352 sunt,
251 2293 327 2355 quac
349 2294 404 2356 per
425 2273 581 2355 proprium
603 2293 637 2336 ac
658 2274 755 2336 solum
779 2291 881 2335 verum
897 2271 1027 2333 Verbum
1041 2269 1121 2332 lleus
1137 2271 1255 2334 Sanctis
1278 2271 1378 2346 edixit,

150 2375 188 2438 de
209 2375 318 2455 quibus
342 2377 386 2438 sic
406 2375 538 2456 loquitur
563 2376 736 2439 Psalmista:
776 2375 818 2437 lo
848 2377 932 2438 omni
951 2377 1002 2435 nio
1023 2371 1105 2434 mulo
1123 2373 1273 2454 probibet·
1289 2375 1381 2456 pedes

151 2495 248 2550 meos,
276 2488 312 2540 ut
340 2479 507 2542 custodium
534 2479 626 2544 uerbo
657 2488 720 2542 tuo.
767 2477 851 2550 Quae
880 2473 998 2556 quidem
1026 2473 1116 2537 rerba
1139 2473 1194 2538 alia
1216 2495 1232 2536 a
1255 2495 1288 2538 se
1312 2493 1380 2538 esse

150 2579 217 2660 ipse
239 2577 373 2642 Salvator
394 2579 443 2642 his
465 2581 551 2644 dictis
574 2581 687 2644 docuit:
736 2579 844 2652 l'erbo,
874 2597 949 2661 quoe
977 2596 1030 2660 epo
1052 2577 1173 2640 loeutus
1196 2597 1262 2641 anm
1285 2579 1379 2642 cobis.

148 2681 210 2744 Nec
231 2682 310 2744 enim
332 2683 504 2748 huiusmodi
525 2685 614 2748 verba
637 2687 714 2746 letus
737 2691 808 2746 sunt
829 2689 880 2744 aut
901 2679 970 2757 filii,
994 2697 1091 2760 neque
1114 2687 1160 2742 tot
1182 2691 1251 2742 suut
1272 2698 1379 2743 creau-

149 2785 188 2846 tie
210 2785 310 2859 verba,
332 2804 429 2867 neque
452 2795 497 2849 tot
520 2786 573 2848 [tei
595 2787 754 2866 imagines,
777 2775 874 2864 nerine
894 2789 941 2844 tot
963 2791 1034 2844 suut
1054 2799 1110 2862 pro
1132 2780 1221 2844 nobis
1241 2781 1466 2844 hominesnmr.

151 2886 230 2958 loeti,
250 2904 346 2964 neque
369 2887 454 2966 quasi
477 2907 512 2947 ex
529 2887 629 2949 multis
652 2887 760 2948 talibus
776 2899 866 2947 unum
883 2893 939 2960 cst,
962 2883 1043 2964 quod
1059 2883 1223 2946 secundum
1238 2884 1381 2946 loannem

153 3003 222 3046 caro
245 2986 353 3046 lectum
376 2995 432 3060 est,
455 2987 508 3046 sed
521 2981 566 3047 ‘de
589 3005 625 3047 eo
649 2997 681 3049 ut
703 2986 740 3047 de
762 2985 827 3047 solo
842 2984 895 3048 uei
911 2985 1008 3048 Verbo
1027 2985 1170 3048 aloaune
1191 2987 1303 3048 dictum
1320 2995 1381 3058 est:

150 3085 284 3152 ,Verbum
313 3103 386 3149 coro
414 3088 532 3166 [actum
553 3097 598 3150 est
619 3097 648 3148 et
671 3091 772 3150 omnio
790 3104 849 3167 per
869 3091 968 3167 ipsum
990 3087 1074 3166 secto
1095 3097 1178 3151 sunt.
1222 3087 1323 3167 ltaque
1345 3087 1382 3148 de

154 3187 220 3249 solo
248 3187 307 3250 boo
334 3187 463 3250 Domino
493 3197 601 3251 nostro
629 3188 698 3251 lusu
728 3187 848 3250 Christo
876 3187 963 3250 etde
985 3183 1050 3250 c'ius
1073 3207 1138 3252 cum
1161 3189 1248 3252 Patre
1270 3187 1382 3250 unitate

154 3296 183 3351 et
204 3289 313 3370 scripta
336 3297 407 3353 suut
429 3297 458 3352 et
480 3291 658 3354 exhibentur
680 3289 860 3353 testimonia.
904 3289 973 3370 lpse
995 3290 1073 3352 enim
1087 3291 1176 3353 Pater
1198 3309 1289 3352 unum
1312 3307 1382 3352 esse
1409 3285 1414 3296 '

153 3389 259 3454 Filium
280 3391 417 3468 declarat,
442 3395 521 3474 quod
544 3395 621 3458 idem
645 3395 775 3458 didicere
797 3392 852 3455 viri
867 3392 972 3466 sancti,
996 3392 1047 3473 qui
1063 3411 1154 3455 unum
1169 3391 1296 3454 Verbum
1313 3409 1383 3464 esse

154 3492 309 3574 ipsumque
330 3515 398 3558 esse
421 3497 605 3578 unigenitum
628 3499 795 3572 affirmant3
827 3495 857 3558 id
880 3495 978 3578 ipsum
1001 3513 1119 3575 quoque
1139 3495 1270 3575 probant
1291 3513 1383 3578 opere

156 3721 160 3776 ξ
221 3711 237 3746 *
259 3716 304 3776 l'el,
325 3719 346 3765 ri
364 3715 419 3766 ollis
436 3719 509 3782 mucis
528 3722 625 3782 arridet,
645 3721 750 3784 ingenite
768 3727 789 3770 ιι
806 3735 861 3770 mor
879 3719 1009 3782 ingenitam
1029 3733 1056 3768 oc
1074 3719 1190 3782 deinceps.

187 3867 207 3901 c.
225 3851 332 3902 Felclm.
351 3850 376 3900 t.
396 3843 421 3900 el
437 3845 490 3917 μὲν
506 3847 568 3918 ἄρα.
598 3905 604 3916 ,
824 3855 842 3906 i.
860 3855 960 3916 Seguer.
979 3853 1035 3916 ltep.
1053 3853 1143 3918 duplic.
1160 3853 1259 3906 Gobler.
1277 3853 1382 3905 Felclm.

160 3935 163 3942 ’
185 3920 209 3969 d.
233 3921 372 3982 Seguerinn.
393 3921 492 3970 Goblcr.
510 3921 614 3972 Felclxm.
634 3922 656 3972 1.
675 3932 698 3972 et
716 3925 739 3974 4.
794 3923 816 3972 l.
836 3931 859 3972 et
877 3922 901 3971 4.
919 3913 999 3986 ἔλεγε.
1036 3921 1097 3971 Editi
1116 3930 1139 3971 et
1158 3921 1197 3971 elii
1217 3913 1312 3985 εἴρηκε.

153 3977 292 4052 ιἰγένιιτον.
320 3989 382 4037 ilditi
401 3995 424 4038 ιι
443 3988 483 4037 alii
502 3977 659 4052 ἀγέννητον,
689 3991 742 4041 llux
827 4003 848 4065 ι.
873 3990 974 4049 Seprrer.
999 3989 1096 4040 Goblcr.
1121 3997 1144 4038 et
1168 3989 1272 4039 nereum.
1293 3991 1316 4039 1.
1334 3987 1383 4040 τοῦ

155 4055 293 4118 Seguerioo.
318 4056 416 4108 Gobler.
441 4065 464 4106 et
488 4056 592 4108 l'elclm.
614 4056 634 4105 l.
655 4048 741 4108 circi.
794 4049 946 4109 traceseo.
982 4056 1027 4106 tto
1046 4064 1070 4104 et
1088 4055 1144 4105 editi
1163 4055 1212 4105 τοῦ
1231 4057 1306 4108 dcci.

154 4123 231 4173 Editio
258 4125 375 4175 commu.
394 4114 487 4184 αὐτόν.
524 4125 584 4177 lbid.
604 4125 701 4176 Gobler.
720 4134 743 4176 et
828 4125 851 4172 h.
870 4125 911 4174 Sic
929 4123 1144 4186 Segucr.·Gobler.
1163 4125 1267 4176 Felelrm.
1290 4128 1309 4177 l.
1323 4135 1347 4178 ιι
1359 4127 1383 4178 d.

155 4189 257 4240 l'eletm.
278 4193 300 4243 l.
319 4185 514 4258 συνεκάγιιισι.
792 4192 822 4241 At
840 4193 912 4242 ceteri
932 4199 955 4242 ιι
973 4193 1030 4241 editi
1047 4185 1109 4260 περὶ
1126 4185 1225 4242 τούτου
1239 4189 1336 4260 μόνον.

187 4272 208 4307 ι.
227 4261 267 4308 Sic
284 4261 383 4322 Seguer.
401 4263 499 4314 Gcbler.
511 4261 615 4311 l'elrlrm.
636 4261 658 4310 l.
677 4269 701 4311 et
718 4261 741 4312 4.
828 4260 843 4310 i.
863 4261 903 4310 Sic
920 4261 1020 4322 Segoor.
1039 4261 1095 4324 [teg.
1114 4261 1187 4312 llasil.
1202 4264 1293 4324 logne.
1313 4263 1383 4313 Gobl.

156 4324 479 4404 ltalii,cta‹lit.commel.
499 4331 611 4380 omittunt
630 4320 645 4390 ἢ
664 4325 744 4388 nile&
794 4327 900 4378 Felelm.
927 4330 949 4380 1.
974 4329 998 4379 d.
1024 4330 1088 4380 ιιι.
1123 4332 1167 4381 nni
1186 4338 1265 4382 cutem
1285 4337 1308 4378 et
1326 4328 1383 4377 editi

128 4404 263 4446 ,κοπτων
285 4391 395 4460 πέτραν.
432 4398 494 4448 lbid.
518 4399 617 4460 Septim.
644 4401 742 4450 Gobler.
793 4395 936 4463 μαθιῐῑῦνι
973 4399 1148 4461 ll01308⁰0r·
1174 4392 1238 4446 “5¹⁶
1261 4389 1330 4459 ‘'er“
1348 4391 1382 4442 ”l

157 4460 258 4536 iolcum.
285 4463 306 4514 l.
331 4464 395 4514 eti.
430 4458 533 4523 διδάξω
552 4459 678 4535 δὲὺμεῖς.
715 4469 741 4518 lu
795 4457 828 4514 δι’
849 4457 940 4517 αὐτοῦ.
976 4466 1021 4518 lilii
1046 4475 1070 4518 et
1092 4467 1150 4518 editi
1174 4459 1238 4512 ιάτε
1260 4457 1329 4527 dtr*
1346 4451 1380 4510 δ”

113 4577 119 4594 .
156 4525 208 4576 ιιιίι
226 4537 250 4578 et
266 4531 337 4581 editis
355 4532 422 4584 deest
438 4526 476 4583 di.
794 4525 888 4586 αὐτοῦ.
