3102 5042
507 243 650 286 urrerem
666 244 686 286 r.
703 244 737 286 ru
755 243 950 287 seueriorem.
1276 230 1336 294 703

111 405 222 468 ductor
243 373 373 460 ilicium
395 393 467 473 suit.
512 392 563 462 Sic
585 393 703 480 dumt'rta'
718 393 865 474 populum
888 405 988 470 tamn,
1011 407 1045 459 ut
1066 399 1183 475 sereres
1207 401 1261 462 rste·
1279 415 1423 462 rao-rem.

110 521 179 566 aare
199 499 333 581 pluries:
357 492 424 574 quis
448 511 482 554 err
505 493 552 554 bis
574 493 728 556 veritatem
751 512 811 554 nou
833 493 997 574 perspicit?
1039 495 1113 558 Nam
1132 517 1196 560 cum
1211 500 1354 572 Deusse

113 604 218 666 ducem
240 597 344 680 popuii
368 596 434 658 sere
455 601 538 658 esset
558 594 725 674 pollicitus,
749 615 820 658 ecee
838 615 898 658 neu
920 596 979 677 iam
1001 599 1153 678 angelum,
1177 600 1229 662 sed
1253 620 1338 664 suum

112 703 267 784 Spiritum,
291 698 341 779 qui
365 696 478 776 angelis
501 697 639 776 superior
661 705 718 771 est,
741 698 894 760 duetorem
916 699 1020 779 pepuli
1041 719 1075 762 se
1092 700 1251 764 missurum
1267 721 1339 781 pre·

114 805 213 868 mittit.
258 801 358 875 Quare
379 804 477 879 patet,
507 797 649 876 Spiritum
678 817 741 860 nou
767 818 801 862 cx
831 800 921 862 rebus
948 801 1055 864 creatis
1086 819 1182 882 neque
1204 803 1341 882 angelum

114 926 197 978 esse,
226 903 278 970 sed
305 901 396 964 rebus
426 899 563 964 omuibus
594 901 701 964 creatis
723 901 907 981 superiorem
931 912 960 964 ct
981 903 1076 966 Patria
1098 904 1243 970 divinitati
1265 923 1340 968 can·

115 1009 248 1070 iunctum
270 1021 348 1066 esse.
403 1001 537 1080 Namque
565 1002 631 1082 ipse
660 1002 738 1066 Deus
764 1021 820 1082 per
843 1003 971 1068 Verbum
998 1005 1030 1070 in
1058 1005 1169 1086 Spiritu
1198 1007 1341 1087 poputum

118 1107 257 1180 ducebam
279 1105 357 1168 uude
380 1121 435 1182 per
456 1111 548 1167 totam
568 1103 749 1184 scripturam
766 1113 904 1168 testatur:
927 1107 989 1188 Epa
1009 1109 1102 1172 educi
1121 1127 1174 1172 ees
1197 1111 1342 1172 deterre

118 1210 259 1290 Acpppti3
294 1219 384 1270 testes
408 1223 460 1271 vas
483 1209 573 1279 estis,
595 1209 624 1268 rt
643 1207 726 1270 Deua
750 1207 866 1270 ffleaee
891 1220 958 1270 crat
979 1214 1011 1272 ab
1033 1212 1116 1274 cebir
1137 1221 1264 1290 practer
1285 1227 1341 1285 me,

117 1309 218 1372 Sancti
241 1326 359 1387 quoque
381 1306 420 1370 ite
443 1305 504 1370 Dee
527 1305 703 1386 lequuntur:
725 1308 891 1372 braccae·
909 1314 988 1373 stret
1003 1329 1070 1374 evm
1083 1313 1230 1393 papatem
1245 1323 1340 1376 teum

116 1411 155 1472 Et
177 1411 301 1474 ceuceu
322 1427 371 1472 coe
394 1408 542 1472 Demitur
564 1413 596 1470 iu
619 1427 679 1488 epe.
703 1419 731 1472 et
746 1429 807 1474 ure
823 1414 997 1474 timuerent.
1041 1412 1117 1476 Huic
1137 1414 1232 1480 eidem
1246 1415 1339 1493 ,bym-

118 1530 192 1574 uum
213 1512 355 1584 efferunt,
379 1509 428 1589 qui
450 1509 547 1574 uiuat:
581 1510 643 1582 Qui
663 1511 804 1599 traducit
822 1513 971 1596 papatum
993 1534 1082 1578 seam
1100 1535 1159 1596 per
1181 1521 1341 1588 merrtem.

120 1619 261 1698 pacarem
281 1618 313 1676 ic
335 1610 488 1677 succulum
509 1613 719 1676 etr'serr’ccrdtc
741 1618 817 1676 eius.
861 1615 984 1693 Magnas
1001 1606 1097 1696 'vere‘
1111 1619 1228 1701 Moyses
1255 1619 1342 1680 ideu-

120 1707 210 1782 uuam
232 1714 353 1796 repetit:
383 1713 531 1776 Dominus
553 1712 650 1784 Deae,
682 1719 735 1796 qui
751 1721 854 1796 praeit
875 1727 945 1779 aete
967 1718 1078 1806 [eciem
1098 1734 1240 1786 cestram.
1283 1719 1344 1782 lta·
1432 1779 1441 1788 ,

116 1837 175 1898 que
197 1817 249 1880 tici
272 1814 402 1896 Spiritus
430 1833 492 1878 nun
522 1824 568 1876 est
588 1814 708 1894 augelus
731 1834 827 1895 ueque
849 1835 898 1878 res
921 1835 937 1880 c
993 1831 1037 1896 tc,
1066 1824 1119 1886 sed
1150 1825 1214 1886 eius
1235 1823 1345 1886 divini..

115 1920 187 1980 tatis
210 1927 256 1980 est
276 1916 427 2000 proprius.
472 1915 635 1978 Nemeum
657 1917 785 1996 Spiritus
808 1919 839 1982 in
864 1919 871 1926 ’
907 1926 977 2008 pulo
1001 1933 1095 2000 esset,
1118 1925 1198 1989 Deus
1219 1943 1273 2006 per
1293 1926 1345 1989 pi.

115 2019 190 2083 lium
213 2020 242 2084 iu
265 2019 375 2100 Spiritu
399 2019 429 2082 ia
451 2017 556 2084 iisdem
579 2025 652 2082 erat.

205 2225 254 2288 13.
299 2223 428 2296 „Verum
446 2221 517 2282 hacc
539 2221 577 2282 ita
621 2236 674 2300 rut,
697 2228 836 2306 inquiunt
856 2227 909 2298 iiii,
932 2247 985 2290 eur
1000 2229 1090 2306 igitur
1102 2228 1261 2308 Apostolus
1276 2239 1348 2308 pest

117 2373 137 2401 „
147 2325 299 2389 Christum
322 2343 382 2386 non
405 2321 729 2402 Spirituffsauctum,
763 2327 817 2388 sed
844 2325 954 2388 eleetos
976 2327 1104 2407 Angelos
1131 2329 1346 2394 nominarit?“

116 2427 207 2508 Atqui
236 2426 314 2488 idem
342 2425 378 2488 ab
405 2423 461 2486 illis
525 2429 598 2492 erite
628 2428 693 2509 quis
724 2426 906 2491 sciscitetur:
937 2427 1035 2502 Quare
1064 2447 1126 2492 nou
1147 2430 1348 2512 archangelos

119 2547 220 2608 neque
243 2527 401 2590 Cherubim
429 2546 526 2612 neque
548 2529 702 2610 Seraphim
725 2547 822 2608 neque
843 2527 1067 2594 Dominatioaee
1088 2551 1186 2614 neque
1208 2534 1348 2598 Threces
1444 2533 1449 2548 '

121 2649 221 2709 neque
243 2617 314 2710 quid
335 2615 427 2708 eliuth
445 2634 498 2696 sed
521 2633 603 2696 soles
627 2632 737 2696 electus
758 2631 885 2710 Angelos
908 2632 1016 2697 Paulus
1042 2635 1228 2700 nominavit?
1271 2637 1348 2700 Num

117 2751 200 2814 erge,
225 2733 297 2814 quie
319 2749 381 2794 nou
394 2739 442 2800 ’ita
463 2736 640 2810 nominarit,
662 2734 766 2814 hugeli
788 2741 859 2797 sunt
880 2735 1073 2816 Archangeli,
1096 2745 1146 2798 aut
1168 2737 1224 2798 soli
1246 2737 1348 2817 hepati

115 2835 287 2904 exsistunt.
316 2826 445 2917 uuitiipue
473 2848 545 2900 sunt
566 2837 723 2920 Seraphim
752 2844 803 2898 aut
823 2819 997 2911 Cherubim,
1031 2837 1103 2900 uuili
1125 2837 1297 2917 Archangeli
1319 2846 1350 2900 et

115 2935 360 3011 Domiuatioues,
379 2940 450 3002 nulli
474 2939 586 3004 Throni
610 2947 639 2999 et
660 2938 856 3018 Principum,
879 2939 953 3002 nibil
975 2939 1102 3018 denique
1124 2939 1202 3002 aliud
1225 2937 1349 3002 existit?

115 3039 235 3100 Verum
258 3035 291 3096 id
323 3035 465 3122 iupuirere
487 3040 558 3104 nibil
582 3039 660 3102 atiud
683 3048 745 3113 est‚'
774 3058 860 3120 quam
881 3040 1027 3120 apostolo
1054 3041 1262 3102 necessitatem
1291 3039 1349 3102 boc

114 3135 165 3200 riri
189 3136 245 3200 itta
270 3130 353 3226 mepii
377 3139 528 3204 scribendi
550 3141 713 3220 imponere,
737 3159 792 3204 nec
814 3159 874 3206 nou
891 3141 1004 3204 divinas
1018 3141 1183 3220 Scripturas
1199 3140 1347 3219 ignorare,

107 3259 147 3302 ac
169 3234 341 3319 preiutida
364 3240 485 3304 veritate
506 3241 654 3306 aberrare.
698 3242 774 3306 Ecce
796 3243 875 3304 enim
898 3242 975 3321 apud
997 3242 1115 3307 Esaiam
1138 3241 1281 3322 scriptum
1302 3241 1347 3306 le-

105 3341 234 3421 gimus:
266 3339 398 3408 beatae
421 3345 460 3408 aa
481 3363 526 3406 aare
550 3356 576 3408 ct
599 3344 700 3410 uertite
723 3345 808 3406 brec:
838 3343 908 3408 Noa
936 3343 972 3406 ab
1000 3348 1086 3408 a'm'tr'c
1115 3349 1148 3408 ta
1174 3345 1434 3408 absconditarum.

107 3443 243 3506 loeutus
268 3437 351 3518 sak
379 3465 471 3527 parum
491 3447 594 3528 ficret,
624 3445 666 3508 aba·
687 3463 786 3519 errem
816 3455 844 3510 ct
872 3465 952 3510 auae
973 3445 1121 3511 Dominus
1149 3449 1232 3510 misit
1253 3465 1298 3512 aar
1320 3455 1350 3508 ct

112 3543 262 3624 Spiritus
287 3547 358 3636 erip.
395 3547 433 3610 Et
454 3547 531 3628 apud
545 3548 707 3628 Aggaeum:
730 3547 769 3612 Bt
790 3566 872 3612 aene
888 3548 1067 3627 matertere
1079 3546 1256 3620 Zereiebri,
1280 3549 1351 3612 dicit

110 3705 470 3852 Nw'ritqyeitcc
487 3735 713 3786 emittuutGebier.
767 3735 805 3790 i..
831 3735 871 3798 qui
899 3735 970 3786 iidem
994 3735 1068 3800 paulo
1103 3743 1142 3785 ost
1159 3726 1271 3800 ἄγγελοί
1287 3727 1349 3792 εἶσι,

116 3807 142 3848 et
160 3799 270 3849 Fetrkm.
300 3839 307 3850 .
347 3801 398 3849 htux
416 3801 596 3852 ihidcmriidem
614 3804 712 3866 athap.
764 3795 810 3850 καὶ
827 3793 890 3850 mire
901 3795 1052 3869 αἱπροειρη
1089 3815 1135 3850 ναι
1150 3795 1350 3868 δυνάμειςεῖσὶ,

120 3867 144 3914 l.
164 3875 188 3914 rt
206 3867 231 3918 2.
257 3872 398 3928 etteguer.
417 3859 503 3934 spen.
541 3868 587 3920 hlii
612 3879 634 3920 et
656 3872 713 3921 editi
764 3863 831 3918 ἀλλὰ
849 3861 930 3916 τοῦτό
948 3861 1006 3918 ἐστι
1024 3879 1069 3920 etc.

115 3925 210 4052 ma
228 3936 713 4064 &wrm‘’fgsssffipegqgofuffiflffi
798 3987 820 4033 p.
838 3971 879 4020 Sic
896 3969 952 4033 Reg.
965 3953 986 4021 i.
1006 3979 1029 4020 et
1046 3972 1145 4034 Segusa.
1180 3970 1315 4023 attrectem
1329 3981 1353 4023 et

116 4077 195 4186 εἶέστι
213 4080 238 4122 et
256 4073 314 4124 editi
330 4066 400 4148 ptiar
412 4065 713 4138 μᾶλλοντηςθεοτηιος
764 4039 1046 4173 ἓῖἓζεέαξῖὂςᾶξὲἷιὲ
1071 4048 1127 4106 [³⁰⁸²
1149 4041 1223 4094 ”⁶⁰⁰¹
1247 4041 1306 4104 ¹¹⁰⁸·
1329 4049 1352 4089 ⁶²

152 4205 171 4256 i.
191 4203 325 4274 Propertii
353 4215 376 4258 at
400 4209 423 4260 iu
443 4207 599 4273 sequentibus
617 4205 714 4260 Gcbier.
745 4269 746 4272 Ἴ
800 4209 822 4258 b.
842 4207 939 4260 Gebier.
958 4219 981 4260 et
999 4209 1104 4260 raucum.
1115 4209 1137 4260 1.
1155 4202 1201 4258 καὶ
1215 4200 1351 4272 Ἀγγαῖος·

112 4281 139 4322 et
160 4272 268 4329 Fetekn.
289 4280 309 4332 1.
338 4267 470 4335 vibebant
505 4277 596 4328 ibidem
614 4275 671 4338 fleg.
692 4275 713 4326 l.
763 4269 810 4324 xci
839 4273 889 4324 νῦν
915 4285 960 4328 etc
1016 4277 1069 4328 iter
1094 4272 1145 4326 καί
1167 4291 1236 4341 seqq.
1264 4274 1352 4324 bahent

110 4348 139 4392 et
157 4341 264 4405 Ssffuer.
285 4341 310 4400 ta
333 4339 426 4400 εκτοὺς
448 4337 551 4410 μόνους
575 4333 710 4408 &pythona
764 4343 853 4404 uerius
873 4344 894 4395 t.
919 4352 944 4393 et
960 4343 983 4394 2.
1002 4352 1027 4395 et
1044 4345 1158 4408 Segusa,
1183 4343 1240 4392 editi
1262 4347 1286 4390 et
1310 4337 1350 4388 atii

113 4407 183 4460 seiri
202 4425 259 4462 vero
277 4425 298 4466 et
337 4413 361 4466 tii
381 4429 461 4466 rocem
480 4406 582 4479 μόνους
593 4413 712 4462 omittunt.
764 4411 884 4462 emittunt.
919 4412 978 4462 item
996 4413 1065 4464 abest
1083 4429 1095 4463 ι
1113 4414 1168 4472 tter.
1186 4407 1350 4466 hetSeguer.

114 4473 175 4525 lter
192 4491 239 4527 rex
257 4479 323 4609 Mi
333 4493 363 4535 or
380 4483 448 4534 deest
460 4483 484 4532 iu
495 4481 564 4533 Gebl.
575 4490 598 4532 ct
609 4481 711 4532 Feicbm.
762 4473 834 4545 λέγει
849 4471 948 4546 κύριος.
