2872 5046
355 271 556 316 namneum.
577 273 615 316 an
637 243 836 356 munioq
874 343 883 358 .
1158 257 1220 322 stt

78 427 127 491 tt.
170 424 279 488 ilerum
301 431 454 502 parerat,
484 421 639 502 improbos
669 423 737 486 illos
760 433 812 486 aot
831 423 989 488 llomionm
1012 443 1047 488 ex
1075 438 1306 506 corpora-rata.

0 529 73 590 lr'us
94 545 153 588 non
180 523 364 604 vilipendere
391 523 477 602 quasi
497 522 664 598 bominem,
691 532 741 587 aut
768 544 804 587 ex
832 528 973 608 operibus
1002 545 1105 589 rerum
1127 523 1221 588 ileum

0 630 78 692 lom
98 627 243 690 confiteri.
287 624 348 687 Sed
377 623 476 686 omnia
502 631 697 704 praepostere
725 625 877 690 indebant.
921 630 994 693 Cum
1018 627 1097 692 anim
1118 625 1219 689 homi·

19 749 65 792 em
86 735 250 802 cernerent,
272 725 332 806 ipsi
352 733 387 788 ut
407 724 521 786 homini
543 723 790 797 convitiabantur,
814 745 847 790 ac
861 730 990 794 vicissim
1007 749 1098 813 opera
1120 729 1219 796 dirina

21 1040 168 1107 ecerant,
198 1031 408 1094 iudicarentur.
450 1025 489 1090 tt
509 1027 728 1102 incantatores,
750 1027 829 1108 magi
851 1037 883 1089 et
902 1031 1023 1092 renellci
1045 1033 1218 1112 Pharaonis,

8 1136 64 1198 'cet
82 1133 206 1214 plurima
232 1139 414 1204 tentassent,
443 1139 542 1192 tamen
571 1129 712 1210 allapso
741 1129 819 1191 edita
847 1128 932 1210 signa
959 1147 1026 1192 curu
1054 1143 1220 1211 cernerent,

20 1255 115 1298 ssere
136 1235 254 1297 undem
282 1241 422 1313 tergaque
451 1231 561 1293 dedere
584 1230 716 1294 dicentes
739 1229 863 1310 digitum
884 1228 938 1292 [lai
960 1249 1044 1304 esso,
1072 1233 1122 1312 qui
1149 1236 1223 1297 haec

4 1339 105 1400 deret.
148 1334 301 1398 Pharisaei
323 1341 422 1404 autem
445 1341 475 1394 et
496 1331 633 1408 Scribas,
666 1351 733 1394 cum
756 1333 900 1412 integram
919 1329 975 1394 lici
997 1349 1115 1394 manum
1137 1333 1222 1396 vide·

12 1449 65 1501 ent
86 1443 267 1517 operantem,
290 1441 505 1514 cernerentque
526 1453 581 1508 ea,
602 1453 677 1514 quae
698 1453 754 1514 per
776 1433 927 1498 Christum
948 1433 1130 1496 Salvatorem
1152 1451 1223 1513 age·

3 1547 113 1612 annu,
137 1555 209 1600 sane
231 1535 290 1598 illis
311 1535 466 1617 prioribus
487 1533 571 1615 plura
593 1534 780 1615 maioraque,
802 1536 911 1596 borum
933 1543 1086 1596 auctorem
1107 1535 1226 1598 aiebant

5 1639 208 1714 teelaebulem,
231 1655 319 1718 mem
340 1637 399 1717 ipsi
420 1637 497 1717 lllagi
518 1636 588 1699 licet
609 1655 696 1700 suurn
719 1655 757 1698 ue
780 1636 898 1716 quidem
920 1636 969 1698 bis
994 1636 1110 1698 minora
1131 1623 1225 1718 posse

12 1740 221 1804 onlitehantur.
273 1737 421 1812 Quidnam
449 1739 486 1800 de
514 1744 573 1800 tam
602 1738 712 1818 ingenti
743 1739 869 1804 stultitia
898 1738 954 1802 dici
982 1737 1109 1820 possit?
1158 1742 1225 1819 Aut,

16 1853 27 1906 t
50 1843 91 1904 ait
110 1841 276 1922 Propheta,
304 1841 370 1920 quis
399 1839 469 1920 quid
498 1859 565 1902 cum
593 1839 651 1903 illis
673 1841 875 1922 impietatibus
897 1861 1070 1923 comparare
1090 1843 1224 1924 poterit?

8 1945 139 2008 ustiones
161 1941 240 2004 enim
263 1960 297 2004 se
319 1941 490 2004 sodomitas
512 1941 726 2018 exhibuerunt,
753 1943 888 2005 vicerunt
916 1941 1053 2008 Gentium
1081 1943 1224 2024 ignoran-

6 2047 67 2108 iam
88 2045 308 2125 llagorumque,
318 2041 484 2122 Pharaonis
505 2041 661 2105 stultitiam
683 2052 836 2124 superant,
859 2053 946 2124 atque
968 2061 1034 2107 curn
1050 2046 1122 2108 solis
1137 2046 1226 2108 Ario·

1 2145 116 2210 nanitls
144 2146 273 2208 coulcrri
301 2151 446 2225 possunt,
480 2144 560 2222 quod
591 2143 621 2205 in
650 2145 773 2206 eandem
801 2145 981 2225 impietatem
1010 2143 1071 2208 sint
1092 2145 1225 2228 collapsi.

1 2248 96 2312 'udaei
118 2247 197 2310 anim
219 2247 317 2308 Patris
341 2261 432 2326 opera
452 2263 508 2324 per
522 2243 629 2305 lilium
644 2244 780 2305 ridentes
795 2245 961 2308 lleelaebuli
977 2264 1012 2308 ea
1027 2245 1226 2329 adscripscre,

1 2350 98 2414 triani
119 2367 192 2410 vero
215 2347 289 2408 haec
310 2343 374 2425 ipsa
397 2363 463 2406 cum
479 2352 606 2406 cernunt
621 2363 724 2426 opera,
745 2345 903 2408 Dominum
919 2346 1104 2432 caedentem
1119 2349 1226 2411 creatis

6 2453 88 2515 ebus
111 2454 322 2536 annumerant,
352 2445 494 2526 aiuntque
523 2465 558 2507 ex
587 2464 649 2508 non
676 2446 862 2509 exstantibus
889 2447 986 2528 ipsum
1015 2467 1084 2512 esso
1113 2459 1142 2514 et
1164 2467 1225 2513 non
1311 2497 1315 2507 .

1 2553 91 2616 ‘uisse
113 2557 269 2628 antequam
291 2547 386 2609 ficret.
430 2547 471 2609 bc
491 2545 643 2609 Pharisaei
665 2548 801 2628 quidem,
823 2565 889 2611 cunr
911 2549 1047 2613 riderent
1066 2551 1226 2616 Dominam

5 2673 25 2714 n
51 2669 192 2731 corpore,
221 2647 482 2740 obmurmurautcs
510 2649 643 2712 aiebant:
676 2649 781 2724 Quare
808 2661 841 2714 tc
864 2649 949 2714 bomo
972 2671 1038 2715 cam
1061 2658 1119 2726 sis,
1147 2654 1227 2733 Ῑοοίο

1 2750 269 2835 repromittam?
311 2751 348 2813 lli
370 2758 468 2814 autem
491 2750 600 2813 Christi
623 2751 739 2825 hostes,
762 2771 829 2814 cum
848 2751 949 2813 vident
962 2751 1044 2814 illum
1065 2753 1228 2833 patientem

1 2877 29 2919 rc
54 2854 261 2928 dormientem,
283 2853 491 2933 blasphemant
511 2852 559 2913 his
581 2851 697 2914 verbis:
721 2852 801 2928 „Qui
816 2854 890 2915 haec
903 2853 1024 2934 patitur,
1047 2870 1108 2914 non
1129 2859 1229 2934 potest

6 2955 109 3030 ‚Deris
131 2973 219 3015 verus
242 2972 327 3026 esse,
353 2972 411 3020 nec
432 2953 695 3015 consubstantialis
719 2973 788 3016 esse
809 2953 921 3016 Patri.“
965 2954 1089 3016 Densum
1112 2954 1137 3015 si
1161 2953 1227 3033 quis

1 3054 70 3118 relit
91 3062 285 3134 utrorumque
307 3071 425 3116 errores
448 3055 527 3116 inter
555 3073 590 3121 se
612 3055 735 3117 collatos
758 3055 943 3136 expendere,
977 3053 1155 3133 comperiet,
1186 3053 1230 3114 uti

1 3171 94 3234 cupra
117 3153 186 3230 dixi,
209 3153 294 3236 ipsos
316 3153 347 3216 in
370 3153 474 3216 vallem
497 3171 613 3218 amarae
636 3155 776 3220 stultitiae
801 3155 957 3236 confertim
979 3155 1127 3236 collapsos
1150 3171 1230 3216 esse.

89 3560 141 3622 23.
186 3558 375 3640 Quapropter
396 3567 456 3622 um
478 3559 536 3621 illis
566 3579 655 3641 quam
676 3560 744 3622 istis
772 3558 883 3622 nullam
909 3559 974 3622 lore
1005 3557 1141 3640 supplicii
1162 3556 1233 3618 huic

4 3743 22 3802 ξ
45 3731 149 3790 αὐτοῖν.
179 3743 241 3793 Editi
256 3751 280 3793 et
297 3743 337 3792 alii
354 3735 383 3800 tt
399 3738 513 3794 dcccciv.
540 3746 593 3798 llos
678 3746 701 3796 h.
720 3744 760 3795 Sic
778 3746 834 3808 lleg.
853 3745 952 3808 Segoer.
971 3743 1191 3796 contectalem.
1210 3742 1232 3792 l.

3 3805 46 3862 αι’
66 3809 135 3858 deest
152 3811 176 3860 in
194 3811 291 3862 Gobler.
310 3820 333 3860 et
351 3811 455 3864 Pelclrn.
470 3814 490 3863 l.
645 3822 668 3863 et
686 3815 743 3863 edit
762 3813 838 3862 Paris.
867 3813 928 3862 lidit.
942 3813 1059 3863 Commel.
1075 3819 1099 3862 ct
1117 3811 1157 3862 alii
1174 3803 1234 3859 dcu-

30 3879 51 3928 l.
64 3877 130 3936 iles.
147 3883 168 3938 et
183 3879 282 3942 Segoer.
299 3872 438 3943 μοναχούς
456 3895 593 3945 perperam.
645 3873 702 3930 τόν.

4 3951 52 3998 lox
72 3945 131 4006 lleg.
150 3945 249 4005 Segoer.
273 3947 371 3996 Goblar.
398 3956 422 3996 et
445 3948 551 3999 Pelclm.
572 3950 594 3999 l.
680 3949 696 3998 l.
715 3947 756 3998 Sic
773 3948 873 4009 Segoer.
885 3945 963 4009 solos,
981 3961 1051 4011 qoem
1070 3955 1149 3998 tamen
1165 3945 1234 4008 sequi

4 4011 35 4070 le
57 4005 110 4070 τὴν
129 4002 214 4072 adoria
232 4013 320 4064 rectius
338 4008 595 4078 qosmedititicsipv
646 4016 722 4066 sistam
741 4023 786 4065 est.
821 4015 865 4064 atil
884 4029 968 4064 ornnes
987 4023 1009 4064 et
1028 4005 1236 4070 editiuldco’rla-

7 4073 142 4140 οεαύτην.
503 4101 514 4120 ν
646 4076 732 4136 θινός.
772 4082 823 4132 llos
847 4083 904 4132 editi
926 4075 972 4130 aori
996 4075 1055 4135 uide
1077 4074 1232 4148 ὀμοοῦοοος.

32 4165 59 4212 g.
80 4149 138 4210 lleg.
158 4155 182 4200 et
199 4148 299 4211 Segoor.
318 4139 490 4198 ἀνετίθεσαν.
527 4149 595 4200 ileli-
646 4149 693 4200 Sed
713 4164 756 4200 vox
773 4141 833 4203 vide
850 4151 918 4200 deest
929 4151 952 4200 in
964 4150 1018 4213 llag.
1030 4153 1129 4212 sepner.
1144 4149 1233 4209 anglic.

4 4219 37 4269 ui
62 4223 86 4263 et
105 4217 161 4266 editi
181 4207 367 4266 ἀνατιθέασιν.
405 4218 456 4268 llos
477 4219 595 4280 hepse—
647 4216 1007 4270 depraecabantur.
1054 4219 1105 4267 Μοε
1130 4216 1185 4275 Rea.
1212 4219 1236 4262 et

7 4299 68 4338 uer.
89 4282 161 4334 basil.
181 4285 279 4336 Gobler.
297 4293 321 4335 et
340 4285 442 4336 Falclrn.
465 4285 487 4334 l.
515 4275 595 4334 altat
646 4285 745 4348 Seguer.
765 4276 841 4352 ὅμως
859 4300 902 4349 pro
921 4275 990 4338 ὅλως
1012 4287 1098 4336 minus,
1111 4291 1183 4332 recte.

8 4348 119 4402 οοαῦτα
136 4347 287 4415 βλέποντες.
334 4353 394 4403 Editi
413 4362 437 4403 st
455 4353 495 4404 alii
515 4344 595 4402 edroi
680 4353 703 4402 t.
722 4353 779 4414 lleg.
798 4363 822 4403 st
839 4355 937 4416 Septen.
957 4355 1005 4403 soli
1023 4342 1183 4417 παρανοίας.

9 4417 30 4470 ἀ
53 4409 126 4466 αὐτὰ
144 4415 294 4482 βλέποντες.
332 4421 407 4471 ΡοοΙο
424 4430 480 4485 post
495 4422 552 4485 lter.
570 4429 596 4473 et
680 4421 696 4468 Ι.
720 4421 819 4472 (ἶοοΙνε.
844 4429 867 4470 et
886 4421 990 4471 Felsina.
1009 4420 1030 4470 l.
1057 4419 1172 4468 mendose
1189 4405 1254 4478 κᾷυ

5 4495 105 4548 tegoer.
125 4481 238 4536 soli'rhv
254 4485 369 4537 τοιαῦτα
386 4487 527 4538 ποιοῦντα.
646 4482 759 4545 κείνους,
777 4482 824 4538 καὶ
841 4481 960 4542 τούτους.
1124 4499 1129 4510 ’

37 4571 313 4619 Armaasrroamoca.
326 4587 375 4620 ιιι.
998 4569 1031 4621 5²
