2872 5046
378 227 574 274 munusue
592 229 771 274 sermm.
1127 217 1190 282 825

8 582 216 652 emadmoduut
239 589 269 646 et
289 579 417 654 Etbrtici,
440 579 510 642 dum
534 579 540 591 '
624 579 764 642 audiunt:
780 580 964 646 ⁴Sr'uutlucru
984 590 1117 664 pontiam
1138 603 1193 647 cr-

8 695 91 758 utam
112 696 141 748 et
161 701 282 768 eurem,
304 691 559 762 opercvmaauam
642 685 735 754 inum,
758 681 921 748 doctrinam
937 685 974 746 cle
989 685 1088 748 divina
1100 685 1194 748 Grues

8 785 123 858 ,rltitiam
145 783 334 848 arbitrantur.
379 782 432 844 Sin
454 791 553 844 autern
642 781 693 861 qui
716 782 864 845 eiusmodi
885 787 1108 864 quaestionibus
1128 805 1282 851 remonon.

33 888 146 966 integro
168 893 293 956 tractare
314 890 483 964 peroptant,
506 901 542 946 ex
564 901 669 946 eorum
692 896 924 959 numerosum,
946 885 996 964 qui
1016 897 1096 950 recto
1119 907 1191 951 sen·

15 997 81 1052 eet
99 987 152 1060 iis,
181 1004 257 1066 quae
285 1005 302 1046 a
324 983 460 1048 Patribus
487 983 672 1064 promulgata
700 990 789 1058 sunt,
816 985 915 1046 lavere
941 985 1093 1064 ridentur,
1121 989 1196 1052 nibil

15 1089 51 1150 ud
72 1095 238 1168 praestant,
266 1104 354 1166 quam
382 1085 478 1166 quod,
509 1093 542 1148 ut
568 1085 711 1166 scripturn
741 1093 802 1159 est,
832 1084 969 1164 proximo
997 1088 1115 1166 quidem
1138 1109 1194 1152 sun

12 1189 158 1252 ursionem
178 1188 307 1252 lutosam
327 1187 498 1266 propinant,
521 1187 620 1250 verbis
636 1195 734 1250 nutem
756 1185 908 1250 decertant
928 1203 989 1250 oon
1011 1188 1048 1248 ad
1070 1187 1197 1268 aliquam

11 1291 138 1362 liutem,
161 1289 215 1351 sed
237 1288 274 1349 ad
296 1287 509 1367 simpliciorum
531 1286 704 1367 perniciem.
1028 1319 1030 1324 ,
1119 1323 1144 1354 .,

57 1396 88 1454 2.
129 1375 211 1454 llaec
230 1389 270 1452 ita
293 1389 408 1462 scribo,
436 1397 594 1469 postquam
622 1388 680 1467 legi
709 1387 940 1452 commentarios
968 1407 985 1449 a
1014 1397 1064 1452 tua
1090 1389 1198 1468 pietate

8 1477 46 1570 sshi
69 1491 195 1565 oblatos,
217 1490 269 1571 qui
290 1491 402 1552 utinam
424 1489 527 1570 scripti
548 1507 698 1568 nunquam
720 1487 859 1574 luissent,
881 1497 973 1552 utne
995 1489 1116 1552 minima
1130 1490 1198 1570 qui-

8 1581 40 1655 m
69 1593 175 1655 borum
203 1592 346 1654 memoria
375 1590 626 1652 transmitteretur
653 1589 689 1650 ad
717 1598 869 1669 posteros.
921 1589 995 1663 Quis
1024 1591 1103 1654 enim
1132 1580 1200 1654 talia

15 1714 101 1776 quam
124 1691 257 1756 audivit?
286 1693 353 1774 quis
376 1692 478 1754 docuit
499 1687 661 1754 didicitre?
703 1689 750 1754 Da
779 1689 854 1762 ,Sion
881 1689 1002 1769 quidem
1030 1693 1124 1755 enimc
1151 1691 1201 1754 lere

8 381 100 444 ,nnulli
120 367 344 464 disceptare'ac
365 378 482 457 quaesti
498 377 502 385 '
519 363 561 469 'as
570 397 700 480 provere
720 377 843 442 ausint?
887 379 945 452 Q'ui
968 381 994 442 si
1017 401 1052 444 er
1072 381 1275 445 brianisrms.

8 484 87 552 tuam
109 481 186 554 sint,
209 479 283 542 nilul
304 479 430 568 spitum,
452 395 727 878 mixcentur
749 499 784 542 se
805 479 917 560 scripta
939 491 1010 546 sunt
1032 483 1191 559 criminari,

11 1801 79 1858 a'et
105 1792 375 1858 temereternere·
400 1793 435 1856 ds
457 1791 641 1866 Ierusalem,
668 1789 742 1854 baec
771 1797 869 1852 autem
898 1791 977 1854 uude
1003 1791 1201 1871 prodierunt?

11 1899 117 1962 usnam
139 1895 273 1956 internus
295 1893 367 1956 illud
390 1893 542 1985 eructayit,
568 1909 679 1983 corpus
702 1909 739 1954 ex
759 1889 851 1954 llaria
872 1893 1004 1972 genitum
1027 1913 1094 1958 esse
1113 1893 1203 1958 Verbi

10 1996 118 2060 rinitati
140 1993 417 2058 consubstantiale?
447 2005 498 2058 aut
520 1992 648 2056 Verbum
671 1993 702 2054 in
724 2011 860 2067 caruem,
885 2011 954 2056 ossa
977 2003 1008 2056 et
1028 1995 1150 2075 capillos
1173 2003 1204 2058 et

26 2107 123 2161 toturn
145 2115 255 2176 eorpus
277 2103 422 2158 mutatum
443 2093 556 2166 luisse,
586 2101 617 2154 et
644 2111 661 2152 a
689 2099 793 2154 natura
816 2093 978 2156 destitisse
1001 2094 1081 2158 sual
1126 2095 1202 2168 Quis

13 2209 72 2262 tem
96 2199 128 2260 in
149 2197 281 2258 Ecclesia
303 2203 354 2258 aut
376 2191 585 2257 assbristianis
607 2209 736 2270 unquam
759 2191 880 2264 audivit,
903 2192 1062 2256 Dominum
1084 2193 1203 2258 tutone
1309 2201 1312 2206 '

13 2321 32 2364 n
55 2301 164 2362 natura
185 2304 320 2374 gestasse
342 2291 476 2373 eorpus?
519 2293 576 2354 Aut
597 2291 665 2370 quis
688 2309 725 2352 eo
747 2291 899 2370 processit
912 2291 1084 2371 impietatis,
1107 2301 1141 2355 ut
1155 2293 1204 2358 tli-

8 2403 54 2464 'ret
76 2389 277 2476 sentiretque,
306 2395 399 2476 ipsam
421 2394 565 2456 Deitatem
586 2392 668 2455 Patri
696 2391 979 2466 consubstantialem
1001 2393 1205 2458 circumcisam

25 2499 229 2580 imperfectam
251 2515 287 2560 ex
308 2497 438 2577 perlecta
459 2496 564 2558 laetam
586 2494 697 2568 luisse,
728 2501 758 2554 et
779 2494 859 2575 quod
881 2493 968 2556 Cruci
990 2495 1110 2558 allisum
1132 2503 1205 2571 erat,

8 2622 35 2664 »n
58 2600 154 2664 fuisse
176 2617 297 2679 eorpus,
320 2598 376 2660 sed
396 2597 492 2678 ipsam
515 2595 678 2676 sapientiae
702 2593 899 2658 substantiam
921 2613 1021 2658 rerum
1045 2595 1205 2677 opificem?

8 2705 50 2766 ris
74 2703 148 2764 haee
169 2699 309 2766 audiens:
339 2699 404 2762 Nou
428 2717 463 2762 ex
486 2697 591 2772 llario,
614 2696 668 2760 sed
690 2715 726 2760 ex
748 2713 802 2760 sua
824 2695 920 2776 ipsius
943 2697 1108 2761 substantia
1130 2698 1205 2760 ver-

8 2825 44 2868 im
69 2803 129 2864 sibi
150 2802 290 2882 passibile
312 2819 423 2881 corpus
444 2799 620 2872 efformavit,
642 2799 716 2860 baec
736 2797 907 2877 loquentem
930 2797 1131 2862 Christianum
1157 2797 1207 2860 di-

8 2903 76 2967 rit?
123 2901 197 2974 Quis
219 2902 462 2968 nelarism'illam
483 2907 670 2964 commentus
693 2908 741 2962 est
767 2895 964 2980 impietatem,
998 2909 1050 2962 aut
1076 2900 1124 2962 cui
1151 2899 1209 2963 noc

28 3009 163 3066 mentem
185 3003 299 3064 venerit
320 3002 502 3083 dixeritque:
526 3001 584 3076 Qui
607 3000 647 3064 ait
668 3019 705 3062 ex
725 3001 817 3064 llaria
839 3019 908 3064 esse
927 3001 1114 3064 [lominicum
1137 3018 1207 3062 cor-

8 3117 58 3170 us,
80 3103 107 3162 ia
129 3087 190 3166 nou
213 3103 338 3184 amplius
359 3103 550 3176 Trinitatem,
580 3102 634 3165 sed
656 3102 882 3182 quaternitatem
904 3101 935 3166 in
957 3101 1071 3164 Deitata
1092 3097 1209 3165 sentit?

8 3197 74 3276 t‚lusi
99 3216 167 3264 sero
195 3204 246 3284 qui
268 3205 309 3266 ita
331 3213 455 3268 censent
476 3204 590 3278 dicant,
619 3221 755 3278 carnem,
784 3223 871 3284 quana
899 3221 935 3266 ex
957 3203 1047 3266 blaria
1074 3202 1210 3267 Salvator

10 3301 97 3374 duit,
131 3317 166 3362 er
192 3305 356 3370 substantia
384 3324 454 3368 osse
484 3303 650 3368 Trinitatis.
694 3304 757 3368 lam
783 3323 854 3368 rere
875 3305 1030 3368 'undenam
1056 3304 1209 3384 aequalem

8 3422 70 3484 pra
95 3401 183 3464 dictis
204 3401 384 3483 impietatem
406 3407 541 3470 nonnulli
563 3423 733 3480 evomuere,
754 3425 816 3468 nou
831 3405 957 3470 minoris
976 3407 1092 3468 aientes
1106 3405 1211 3468 aetatis
1277 3447 1281 3450 -

10 3524 47 3572 ee
72 3501 194 3584 co'rpus,
217 3523 304 3584 quam
325 3509 412 3573 llerbi
433 3508 586 3583 Divinitas,
610 3508 664 3570 sed
687 3506 810 3571 omnino
832 3516 1031 3605 coaeternum¹
1045 3507 1085 3570 illi
1107 3507 1210 3587 lmese,

8 3681 573 3820 preaesens:ule
624 3693 1029 3838 tu.{exterretur-
1043 3691 1212 3827 eatuli,
1277 3749 1282 3758 ·

8 3828 86 3876 lclrm.
101 3813 125 3870 l.
146 3830 171 3871 ut
188 3823 212 3873 iu
231 3831 302 3872 textu
625 3826 822 3892 sponsionum
840 3819 941 3886 ἀτελής.
978 3829 1026 3878 Sed
1048 3842 1130 3878 aorem
1148 3840 1214 3894 τρα-

8 3897 29 3945 l.
52 3892 99 3942 Sic
118 3903 205 3940 omues
222 3905 284 3955 pens
302 3903 361 3942 mss.
406 3892 433 3942 ln
450 3893 520 3944 colitis
537 3888 575 3946 sic
624 3893 707 3944 utica
725 3893 810 3959 Epipls.
829 3894 949 3947 Tbeodor.
974 3903 997 3947 et
1014 3897 1114 3958 Sequor.
1137 3896 1214 3948 secuti

10 3971 52 4032 eu.
93 3957 150 4033 blot
177 3967 232 4022 post
257 3951 353 4023 τρίχας
381 3959 482 4021 Sequar.
506 3960 575 4012 solus
626 3963 791 4026 expertium.
835 3963 900 4012 lutra
918 3963 1009 4014 Theon.
1034 3964 1172 4016 Goblerisn.
1190 3971 1215 4014 et

9 4025 111 4076 dum
129 4023 223 4101 assiqua
262 4026 336 4076 Proto
360 4035 417 4090 post
441 4018 472 4076 ἐν
488 4019 575 4086 tata-
626 4023 891 4088 sensumsensurn
926 4039 984 4078 νον.

8 4106 28 4154 qr
48 4089 118 4144 dect
138 4106 160 4142 tn
179 4093 266 4158 Epipb.
292 4093 384 4144 lbirlern
398 4087 575 4160 Timauo&
660 4097 677 4145 l.
696 4097 782 4160 lipipb.
799 4099 868 4148 eolus
886 4043 1052 4165 ἥμιουργός
1069 4091 1150 4148 οὐσία
1166 4095 1216 4158 τῆς

8 4159 173 4234 ριςιιινοῖς.
202 4161 341 4212 Goblerian.
360 4169 382 4212 et
401 4151 573 4222 Palumbi
653 4155 743 4217 tarne.
781 4167 848 4224 oona
865 4175 999 4230 sequnntur
1023 4174 1103 4218 antem
1126 4160 1168 4218 alc
1185 4157 1215 4213 δὲ

8 4239 61 4293 spa
80 4220 264 4282 Χιιστιανῶν.
310 4229 400 4279 ibidem
426 4229 524 4281 Gobler.
551 4238 575 4282 et
661 4224 735 4280 ouer
751 4248 764 4282 ι
782 4233 936 4286 ’theodoreto
959 4236 1061 4286 citantor
1078 4232 1170 4294 [tiator.
1191 4231 1215 4282 l.

8 4293 97 4361 stetim·
120 4287 139 4338 l·
158 4287 173 4346 ὁ
195 4290 261 4350 θεὸς
284 4289 372 4362 λόγος.
415 4297 534 4362 tptpnrn.
559 4289 573 4345 ὃ
625 4313 650 4363 p.
668 4299 709 4350 39.

9 4357 51 4414 o's·
660 4381 683 4429 r.
705 4367 796 4419 Theoti.
814 4376 839 4420 et
856 4369 995 4432 Sequerisn.
1011 4357 1124 4417 statne
1139 4355 1157 4426 ἢ
1174 4359 1214 4415 u-

17 4444 41 4478 e·
62 4425 136 4474 ΗΜ
160 4431 447 4486 perstrennuus.
471 4448 496 4498 p.
517 4433 573 4484 tte.
624 4447 720 4497 γοντα.
