3220 5046
370 1081 852 1156 SANCTIPATRIS
888 1081 1116 1157 eostur

520 1242 972 1359 ATHANASII

422 1401 747 1454 ARCHlEPlSCOPl
767 1401 1070 1454 inexhaustae

453 1521 746 1585 ADVERSUS
782 1523 1031 1608 hlutarius

601 1657 742 1710 enarro
766 1657 888 1709 revue.

218 2050 247 2110 1.
292 2045 405 2108 Omnes
428 2045 545 2124 quidem
568 2045 720 2118 haereses,
743 2055 888 2125 quotquot
908 2045 1049 2110 haetenus
1071 2067 1088 2108 a
1110 2048 1230 2112 veritate
1253 2069 1440 2124 cecos-mee,

132 2166 217 2221 sere,
249 2147 370 2211 evidens
392 2155 440 2209 est
460 2147 582 2208 insanas
605 2145 662 2208 sihi
685 2147 870 2226 excogitasse
898 2147 1074 2228 opiniones,
1102 2149 1275 2229 illarumque
1296 2151 1355 2212 im-

129 2249 225 2330 pietas
248 2249 386 2312 omnihus
409 2248 466 2310 ianr
489 2248 599 2310 dudum
622 2257 668 2311 est
688 2249 842 2328 patefacta.
886 2247 1018 2311 Dubitari
1047 2249 1125 2311 enim
1154 2269 1215 2312 non
1247 2260 1357 2331 potest,

129 2351 202 2431 quin
224 2369 324 2414 earum
346 2357 483 2414 auctores
505 2369 545 2412 ec
566 2352 652 2413 nohis
675 2353 817 2422 coierint,
841 2349 1090 2428 quemadmodum
1112 2350 1233 2431 scripsit
1252 2351 1358 2440 heatus

130 2451 269 2527 loannes,
291 2453 528 2532 qnandoquidem
551 2471 647 2532 neque
668 2451 723 2514 luit
744 2469 892 2530 unquam,
917 2469 1013 2532 neque
1035 2469 1114 2512 nunc
1134 2451 1291 2516 nobiscum
1313 2462 1360 2516 est
1469 2487 1473 2496 ·

129 2551 250 2616 illorum
271 2553 413 2617 doctrina.
459 2554 580 2628 idcirco,
605 2564 636 2616 ut
657 2553 730 2616 dixit
751 2554 903 2627 Salvator,
925 2572 988 2617 noa
1011 2553 1182 2635 colligentes
1205 2557 1358 2620 aedricum

129 2657 309 2738 dispergunt
330 2675 396 2719 cum
419 2655 554 2730 diaholo,
577 2656 818 2735 dormientesque
840 2654 1008 2727 observant,
1031 2665 1064 2718 ut
1085 2675 1191 2736 sparso
1215 2675 1270 2720 suo
1293 2657 1357 2720 exi·

129 2757 192 2820 tiali
219 2776 334 2820 veneno
362 2759 465 2819 mortis
494 2757 594 2818 socios
622 2757 750 2820 habeant
771 2757 925 2836 plurimos.
971 2758 1047 2830 Quia
1075 2777 1145 2820 vero
1168 2778 1226 2820 una
1248 2769 1278 2820 et
1298 2777 1356 2837 po-

126 2868 242 2920 strema
262 2857 431 2922 haeresum.
454 2873 528 2933 quae
550 2856 668 2934 praevia
688 2857 870 2918 Antichristo
893 2857 983 2916 modo
1006 2865 1108 2918 exorta
1131 2869 1177 2920 est
1193 2860 1358 2936 Anienaque

125 2955 306 3040 appellatur,
328 2957 408 3016 valra
431 2963 461 3016 ct
482 2954 595 3027 callida,
617 2955 854 3016 animadvertens
876 2955 1059 3034 antiquiores
1085 2975 1118 3017 se
1141 2975 1263 3019 sorores
1287 2957 1358 3020 alias

126 3061 273 3122 haereses
294 3055 390 3138 palam
419 3063 550 3128 comtes,
583 3055 647 3134 ipsa
676 3073 744 3116 sese
767 3055 986 3134 scripturarum
1013 3054 1162 3118 vocabulis
1191 3056 1238 3118 sui
1266 3056 1360 3134 patris

127 3159 240 3224 diaboli
263 3157 398 3238 exemplo
421 3155 557 3220 simulate
578 3157 684 3230 induit,
709 3154 841 3234 nihilque
863 3173 923 3216 non
946 3154 1083 3226 molitur,
1105 3164 1139 3218 ut
1159 3156 1189 3218 in
1211 3155 1360 3218 Ecclesiae

127 3260 300 3342 paradisum
324 3260 382 3322 sihi
403 3257 519 3340 regredi
541 3259 643 3332 liceat,
665 3267 698 3322 ut
720 3257 885 3321 Christiana
905 3241 1011 3336 ¹specie
1032 3267 1164 3320 assumta
1185 3257 1359 3337 aliquosad

127 3381 221 3445 prave
243 3363 279 3424 de
301 3361 418 3424 Christo
448 3361 636 3424 sentiendum
664 3360 764 3442 possit
785 3360 867 3422 salsis
888 3358 1191 3439 argumentationibus
1213 3359 1358 3423 adducere

129 3466 290 3546 (siquidem
312 3463 386 3527 nihil
406 3463 438 3526 in
459 3483 491 3526 sc
513 3463 602 3526 hahet
623 3464 701 3544 quod
724 3463 833 3526 rationi
855 3462 894 3526 sit
916 3467 1177 3540 consentaneum),
1200 3481 1284 3533 cum,
1307 3463 1356 3524 in-

129 3585 231 3648 quam,
253 3565 444 3627 nihilominus
467 3565 625 3627 nonnullos
648 3565 822 3646 insipientes
845 3565 902 3628 iam
924 3565 1148 3628 circumvenerit
1168 3565 1253 3641 (adeo
1269 3572 1303 3626 ut
1316 3564 1358 3627 illi

129 3687 194 3732 non
216 3675 327 3730 uotum
350 3666 470 3730 auribus
493 3666 553 3728 sint
574 3667 738 3748 depravati,
769 3668 822 3730 sed
851 3666 939 3730 etiam
960 3665 1037 3729 Evae
1065 3664 1177 3730 similes
1205 3674 1357 3745 acceptum

131 3785 266 3834 errorem
288 3768 477 3848 gustaverint,
500 3768 626 3849 indeque
649 3769 812 3850 ignorantia
835 3767 983 3831 obcoecati
1002 3786 1141 3832 amomon
1157 3765 1242 3830 dulce
1263 3767 1356 3829 aesti-

167 4041 190 4074 c.
218 4023 306 4086 Regius
337 4015 422 4072 πάλαι
448 4014 584 4091 πρόδηλος
608 4017 714 4086 γέγονε.
803 4021 820 4070 l.
839 4021 880 4072 Sic
897 4021 1037 4082 Sequerieo.
1058 4021 1155 4072 Gohler.
1174 4028 1199 4071 et
1215 4019 1356 4072 Festinat.
1470 4011 1474 4016 ’

131 4089 188 4142 llox
205 4091 305 4154 Segusa.
325 4084 387 4146 rode
405 4082 507 4149 ταύτην
523 4082 698 4157 lqropo'vrnc·
769 4093 797 4139 ht
814 4089 854 4138 olii
874 4095 898 4138 et
915 4089 973 4139 editi
992 4081 1093 4142 αὐτοῖς.

166 4159 192 4210 d.
210 4159 251 4210 Sic
269 4173 327 4210 mse.
353 4167 452 4224 excepto
475 4158 581 4238 Fplclvm.
600 4157 641 4218 2,
668 4157 717 4222 qui,
802 4171 825 4218 g.
843 4157 943 4218 Seguer.
970 4156 1068 4208 Gohler.
1093 4155 1198 4207 lelelm.
1219 4155 1240 4206 1.
1264 4145 1355 4214 odric.

132 4235 159 4275 nt
177 4234 201 4277 et
219 4227 284 4286 editi,
303 4228 390 4278 omittit
408 4217 470 4275 orire
487 4241 529 4285 qr,
550 4226 614 4290 quod
631 4226 656 4278 iu
670 4225 717 4276 lle·
769 4223 843 4274 Paulo
862 4232 917 4288 post
935 4223 1074 4276 Gohlerian.
1092 4233 1116 4275 ot
1133 4223 1237 4274 Felclra.
1259 4223 1281 4274 l.
1299 4230 1357 4285 post

132 4294 227 4346 sitiens.
245 4295 335 4374 pepevpti
349 4309 420 4346 mauu
430 4295 537 4346 additum
548 4302 592 4345 eet.
618 4295 718 4358 Segusa.
768 4303 801 4341 πε
822 4285 981 4370 ιβαῦλομένη
992 4292 1176 4344 adduntitarunr
1184 4282 1275 4342 atuor
1287 4298 1356 4338 auce

133 4362 274 4412 habetque
302 4377 344 4428 qr.
769 4371 803 4408 atu
831 4371 996 4424 ucroupyor.

168 4445 190 4480 e.
208 4431 314 4482 Felelm.
327 4429 351 4480 2.
370 4439 394 4482 et
412 4428 485 4480 editio
503 4428 621 4480 Commel.
641 4439 719 4494 ortop-
805 4428 829 4476 h.
847 4439 879 4490 ys
902 4427 972 4476 deest
994 4428 1019 4476 iu
1037 4425 1118 4488 Regio.
1156 4423 1222 4500 idem
1241 4429 1266 4499 sp
1282 4420 1356 4472 hasil

131 4489 269 4556 πιᾶζουσι.
304 4500 404 4562 θιιιιει.
421 4497 480 4548 ihid.
496 4489 568 4563 μετὰ
581 4489 716 4561 διαβόλου.
770 4493 862 4558 hughe.
881 4501 905 4544 et
922 4493 1027 4544 lelclrn.
1046 4491 1070 4542 5.
1090 4482 1226 4558 ἅφρονων
1249 4481 1299 4548 qdq
1317 4495 1357 4536 ve·

167 4585 295 4632 hamaran
308 4595 360 4630 oar.
373 4595 445 4631 noea.
458 4595 508 4628 ιιι.
1122 4573 1153 4623 to
