3176 5058
393 308 539 351 EPISTOM
554 307 592 350 DE
607 305 750 348 bucuerts
766 307 909 349 utcattttat:
925 307 1044 350 stnout.
1290 293 1328 356 81

90 485 157 530 ram
186 479 356 542 exaequare
386 457 538 520 debemus.
583 457 695 535 Nempe
716 455 743 518 is
764 455 830 535 ipse
852 475 939 517 causa
962 465 1023 530 est,
1053 475 1106 518 cur
1133 459 1173 520 ita
1204 461 1291 524 etiam
1313 473 1416 523 arma.

92 567 182 631 uoltis
204 562 381 645 appellatur.
426 559 502 633 Quia
517 559 597 619 enim
614 557 740 618 Verbum
763 575 872 636 corpus
894 566 1031 620 nostrum
1054 561 1194 624 assumsit
1209 573 1239 623 et
1254 563 1331 626 inter

92 687 152 730 nos
175 665 294 728 versari
315 662 417 734 voluit,
440 659 651 722 convenienter
665 657 704 719 ob
719 656 857 731 Verbum,
879 659 957 737 quod
973 660 1051 738 apud
1068 679 1131 722 nos·
1147 671 1202 734 est,
1226 674 1332 726 noster

94 787 218 850 quoque
239 767 329 828 Pater
352 764 431 824 Deus
458 761 523 840 ipse
551 759 666 821 dieitur.
711 758 784 819 Nam
806 758 894 819 Verbi
923 761 1068 839 Spiritus,
1102 763 1151 842 qui
1180 763 1211 824 in
1240 765 1329 828 nobis

98 881 158 942 est,
180 886 239 948 per
261 883 319 927 nos
342 881 429 925 suum
451 861 545 940 ipsius
566 869 678 940 patrem
700 869 840 938 tanquam
861 868 996 922 nostrum
1016 863 1148 941 appellat
1193 863 1235 926 Ea
1257 883 1330 927 saue

99 987 190 1030 meus
220 975 269 1028 est
288 963 422 1044 Apostoli
451 961 591 1024 dicentis:
624 961 709 1024 Misit
731 961 813 1024 Deus
842 965 986 1042 spiritum
1013 963 1073 1042 fibi
1100 971 1149 1028 seva·
1175 971 1207 1029 in
1237 969 1330 1030 cordo

103 1079 216 1130 nostro
241 1065 432 1129 clementem:
454 1063 534 1126 Atta
559 1061 659 1124 Porcr.

193 1371 245 1434 32.
284 1368 391 1430 l'erum
405 1365 541 1428 fortassis
565 1365 623 1444 ipsi
646 1363 763 1425 modom
785 1365 921 1439 convicti,
945 1383 1053 1426 nomen
1069 1367 1217 1429 non-tacti
1233 1367 1332 1447 inepte

104 1489 282 1552 usurpasse,
303 1470 376 1530 haec
397 1467 484 1530 nobis
506 1484 561 1546 pro
585 1485 640 1526 sua
661 1465 848 1544 improbitate
864 1465 953 1526 velint
969 1485 1132 1546 reponere:
1155 1467 1334 1542 „lleuusset

105 1571 225 1652 „igitur
246 1569 320 1634 nibil
342 1571 378 1632 de
400 1569 527 1632 Domino
550 1577 580 1628 et
602 1567 754 1629 salvatore
776 1575 879 1630 nostro
902 1567 969 1630 lesu
992 1567 1109 1629 Christo
1132 1569 1251 1643 dicere,
1274 1571 1332 1632 uisi

103 1693 208 1756 „quae
230 1674 267 1735 de
289 1672 340 1734 illo
362 1673 391 1732 in
409 1670 571 1749 Scripturis
594 1668 749 1740 habentur,
774 1687 832 1729 non
855 1688 924 1729 vero
942 1669 1091 1744 vocabula,
1114 1689 1187 1750 quae
1202 1672 1233 1733 in
1249 1672 1331 1734 Scri·

105 1775 228 1855 „pturis
250 1793 310 1837 non
333 1781 460 1844 exstent,
483 1771 657 1833 iuducere.“
701 1769 744 1830 lta
766 1787 837 1831 sanc
860 1771 1029 1849 oportuisse
1051 1789 1105 1850 ego
1124 1791 1241 1852 quoque
1256 1793 1330 1835 con-

107 1876 271 1948 senserim3
299 1874 444 1953 siquidem
472 1873 561 1950 longe
590 1871 703 1951 aptiora
727 1879 797 1932 sunt
819 1871 949 1932 veritatis
972 1881 1157 1950 argumenta,
1192 1893 1266 1954 quae
1295 1893 1331 1937 ex

109 1973 271 2054 Scripturis
293 1982 449 2048 eruuntur,
479 1991 568 2054 quam
595 1991 670 2052 quae
692 1971 819 2033 aliunde.
863 1972 988 2046 Verum,
1017 1973 1138 2035 utilem
1161 1975 1236 2048 tlixi,
1258 1994 1330 2056 per-

108 2075 234 2136 versitas
256 2076 419 2156 astutiaque
452 2082 481 2136 et
503 2073 647 2136 versatilis
669 2071 905 2134 Eusebiauorum
928 2072 1063 2152 impietas
1084 2075 1250 2156 Episcopus
1272 2077 1331 2138 im-

107 2176 191 2255 pulit,
214 2185 247 2238 ut
268 2177 363 2252 verba,
387 2176 494 2257 quibus
518 2175 635 2236 illorum
658 2175 793 2254 impietas
816 2183 1013 2249 everteretur,
1036 2175 1175 2254 liquidius
1198 2195 1330 2258 expone·

106 2287 184 2339 rent.
233 2279 334 2359 ltaque
366 2278 557 2358 probavimus
587 2296 636 2352 ea,
666 2296 740 2356 quae
769 2297 786 2338 a
814 2277 934 2355 Synodo
963 2277 1071 2355 scripte
1102 2285 1187 2350 sunt,
1219 2288 1332 2339 rectum

109 2395 232 2440 sensum
254 2380 423 2452 continere3
451 2388 480 2440 at
501 2389 601 2440 conus
623 2388 780 2440 ostensum
803 2385 865 2446 est,
894 2387 923 2438 et
945 2376 1043 2438 lutilos
1065 2377 1224 2440 admodum
1245 2377 1332 2438 Aria-

109 2495 218 2538 norum
240 2478 358 2540 voculas
381 2487 409 2540 et
430 2497 536 2558 pravos
559 2499 657 2541 mores
681 2499 759 2542 esse.
803 2479 877 2540 Nam
898 2489 929 2539 et
950 2479 1048 2558 ipsum
1070 2479 1219 2540 nou-lacti
1242 2497 1331 2540 voca-

107 2577 228 2653 bulum,
262 2579 340 2659 quod
369 2580 518 2660 propriam
545 2581 632 2642 babet
660 2581 903 2660 significationem
931 2589 961 2640 ct
987 2580 1037 2660 pie
1064 2581 1192 2659 proferri
1219 2588 1331 2660 potest,

106 2679 149 2740 illi
171 2680 208 2742 ad
231 2681 390 2744 Salvatoris
413 2683 636 2757 coutumeliam,
658 2690 749 2762 prout
771 2681 845 2762 ipsis
867 2681 977 2761 placet,
1000 2691 1160 2762 usurpant,
1184 2682 1271 2760 idque
1294 2699 1330 2742 eo

107 2791 219 2844 mutum
248 2783 364 2858 auimo,
397 2793 429 2844 ut
457 2784 545 2846 veluti
576 2785 707 2864 gigantes
730 2803 796 2846 cum
825 2783 886 2844 Deo
914 2793 1054 2863 pugnent.
1099 2784 1206 2844 l'erum
1234 2799 1331 2862 neque

106 2901 173 2942 oum
195 2882 260 2944 illas
283 2884 403 2944 voculas
426 2892 643 2962 proponerent,
673 2885 888 2946 damnationem
915 2893 1075 2964 potuertmt
1097 2885 1242 2962 ellegere3
1277 2901 1332 2944 nec

106 2982 174 3060 ipsi,
197 3001 265 3042 cum
287 2982 318 3042 id
339 2983 514 3043 vocabulum
536 2983 713 3056 non-lacti,
736 2985 815 3062 quod
837 2985 955 3066 quidem
978 2993 1057 3046 recte
1079 2995 1108 3044 et
1129 2984 1176 3062 pie
1199 2981 1331 3045 adbiberi

106 3089 240 3160 potcsts
254 3099 396 3160 perverse
424 3080 637 3159 intelligerent,
663 3083 753 3146 latere
780 3105 905 3165 usquam
927 3093 1104 3164 potueruut,
1138 3083 1191 3144 sed
1214 3101 1333 3162 sempor

107 3201 172 3244 cum
197 3181 309 3244 rubore
337 3182 457 3244 luerunt
479 3181 567 3252 victi,
600 3200 760 3263 eorumque
786 3187 918 3248 haeresis
948 3185 1055 3264 ubique
1083 3193 1129 3244 est
1155 3182 1331 3262 proscripta.

107 3282 185 3344 Haec
207 3283 343 3364 quidem,
373 3301 447 3361 quae
470 3291 540 3344 tunc
562 3284 591 3346 iu
614 3284 733 3365 Synodo
756 3295 817 3350 acta
840 3307 908 3349 csse
931 3285 1066 3358 memini,
1089 3293 1121 3346 ut
1142 3283 1242 3362 potui,
1266 3302 1330 3344 me-

108 3386 234 3460 moravi3
263 3403 318 3446 uec
341 3395 436 3446 tamen
459 3404 506 3446 me
528 3387 616 3465 sugit,
638 3387 805 3468 pertinaces
829 3387 936 3450 Christi
960 3389 1063 3448 bostes
1086 3403 1182 3464 neque
1204 3383 1251 3444 his
1274 3403 1413 3447 au-eocs.

109 3483 177 3544 ditis
200 3505 270 3546 esse
291 3505 306 3546 a
330 3487 475 3548 sententia
498 3487 701 3560 discessuros,
735 3489 788 3550 sed
817 3507 908 3550 novas
932 3489 1031 3568 potius
1054 3489 1185 3550 rationes
1207 3485 1329 3566 perqui-

111 3583 221 3646 siluros
243 3585 367 3665 istisque
388 3587 459 3650 alias
482 3607 587 3650 rursus
610 3589 772 3650 addituros.
818 3590 890 3651 Nam
912 3599 945 3652 ut
959 3589 1121 3670 propbetas
1136 3587 1234 3648 verbis
1251 3597 1330 3649 utar:

110 3687 139 3742 ιι·
157 3697 277 3748 mutere
295 3698 397 3768 potest
420 3690 561 3769 Aethiops
580 3689 690 3768 pellem
712 3709 816 3762 suom,
839 3701 893 3752 out
913 3691 1031 3770 pardus
1053 3694 1217 3752 uarietates
1240 3707 1331 3762 arcam

38 3819 39 3826 ι
110 3803 177 3848 sane
200 3787 243 3849 illi
267 3807 393 3868 quoque,
415 3789 465 3868 qui
488 3789 570 3868 impii
592 3783 659 3852 ess'e
681 3789 856 3862 didicerunt,
880 3791 929 3870 pie
952 3789 1062 3852 sentire
1083 3790 1113 3850 in
1131 3787 1260 3849 animum
1281 3789 1330 3848 in-

109 3885 220 3950 ducent.
270 3887 314 3947 'lu
337 3899 450 3962 autem,
474 3889 642 3962 carissime,
664 3891 738 3951 haec
760 3897 792 3950 ut
813 3890 979 3971 acceperis,
1009 3899 1104 3950 tecum
1126 3906 1237 3966 quaeso
1259 3905 1329 3966 per-

41 3971 43 3986 '
109 3984 184 4064 lege,
206 4007 284 4070 quae
306 3987 331 4048 si
354 3989 405 4048 tibi
426 3997 506 4049 recta
529 4009 597 4050 esse
620 3990 811 4062 videbuntur,
841 3988 1051 4062 satrapibus,
1080 3989 1129 4066 qui
1159 3995 1227 4048 bruc
1254 3989 1331 4048 sorte

110 4086 241 4162 aderunt,
264 4087 344 4168 legas
367 4089 464 4161 velim,
489 4097 520 4151 ut
542 4089 582 4150 illi
604 4089 652 4150 lais
674 4088 784 4151 auditis
806 4089 900 4152 zelum
920 4089 1038 4168 quidem
1054 4087 1163 4167 Synodi
1178 4087 1207 4148 iu
1224 4087 1332 4150 tuenda

110 4187 228 4250 veritate
251 4197 281 4250 et
302 4189 332 4249 in
355 4187 524 4270 explicanda
546 4189 692 4250 sententia
714 4189 929 4250 accurationem
951 4187 1132 4268 approbent,
1155 4189 1330 4248 orianorum

110 4295 203 4375 autem
226 4287 337 4350 Christi
359 4288 490 4350 bostium
513 4289 710 4352 condemnent
731 4289 924 4366 pervicaciam
940 4297 970 4350 ct
983 4307 1071 4352 vanas
1094 4289 1234 4361 rationes,
1257 4283 1357 4364 quas·

143 4451 163 4485 a.
181 4439 221 4491 Sic
241 4441 297 4502 lleg.
334 4443 360 4490 lo
385 4443 440 4492 aliis
458 4456 513 4492 roro
533 4449 556 4492 ct
574 4441 643 4492 editis
662 4435 692 4490 di
776 4441 800 4490 b.
818 4441 859 4492 Sic
881 4443 938 4504 lteq.
963 4449 987 4493 et
1009 4441 1082 4491 llasll.
1117 4443 1145 4490 tt
1169 4437 1210 4488 alii
1234 4445 1257 4486 ct
1274 4433 1332 4484 editi

112 4501 183 4552 de0⁸²-
742 4502 790 4555 eat
805 4510 925 4561 omittunt.

143 4589 266 4636 Arsinoen
279 4603 330 4636 ore.
343 4603 412 4636 naen.
427 4605 475 4635 ιιι.
1114 4590 1129 4639 li
