2872 5046
374 143 490 188 courel
505 147 722 194 recurramus
737 151 823 195 nasas
839 153 860 196 r.
1161 137 1222 204 867

8 299 177 366 rantur,
208 309 279 354 num
309 291 339 352 in
361 291 481 356 Petrum
509 297 675 378 praeceptis
702 297 854 375 incedant,
885 320 958 364 uum
979 302 1150 366 manifestas
1170 303 1307 366 licinum.

13 414 52 455 es
90 411 174 455 non
199 392 376 472 despiciant,
398 405 431 456 ut
453 413 489 456 ex
510 397 694 476 propheticis
710 400 898 476 testimoniis,
921 422 958 466 ex
971 403 1150 484 apostolicis
1165 405 1223 467 do-

21 495 138 556 entis
174 502 206 554 et
233 512 269 556 en
298 494 440 574 operibus
469 497 634 560 allomino
667 499 827 579 designatis
855 503 988 566 veritatis
1016 504 1166 567 confessio
1195 514 1224 567 et

13 597 89 656 tris
124 594 299 658 confutatio
322 587 532 676 subsequatur.
575 599 765 678 Respondete
786 601 890 681 igitur,
918 613 1055 668 auderes
1077 604 1147 666 nori
1170 623 1223 667 sea
1275 603 1280 608 '

12 697 119 758 dum
148 715 207 759 vos
230 697 396 778 Evangelii,
419 717 486 760 cum
508 699 585 762 aliud
607 719 758 780 nusquam⁴
776 703 816 764 sit
836 703 1040 786 Evangelium:
1070 706 1222 768 Undenam

3 799 72 880 ¹is·
93 797 313 876 praedicatum
345 807 406 873 est,
435 817 554 862 earnem
581 801 740 863 increatam
769 820 836 864 esee
858 803 1027 878 dicendam,
1054 806 1095 868 ita
1117 815 1151 870 ut
1170 813 1309 871 autema.

18 905 135 961 :atem
161 899 252 962 Verbi
276 901 306 962 in
329 919 448 962 carnem
470 901 665 982 dilapsam-et
685 911 825 966 mutatam
841 903 935 966 luisse
949 907 1222 984 comminiscamini,

36 1003 278 1064 oeconomiam
300 1001 461 1082 passionis,
484 1004 590 1064 mortis
614 1011 643 1064 ct
664 1004 893 1067 resurrectionis
911 1023 1023 1068 meram
1037 1009 1222 1086 phantasiam

19 1101 200 1166 timetis?
244 1102 314 1164 Sela
337 1103 415 1165 enim
438 1111 538 1164 saneta
549 1103 680 1165 Trinitas
689 1103 815 1166 Deitatis
837 1113 885 1178 est
903 1105 1033 1168 increata
1048 1115 1079 1167 et
1091 1115 1222 1182 aeterna,

20 1204 192 1266 rutabilis
216 1213 246 1266 et
267 1204 457 1270 invariabilis.
503 1203 574 1266 Cum
598 1211 698 1266 autem
711 1203 846 1268 Christus
868 1206 1033 1268 secuudum
1053 1224 1171 1269 carnem
1187 1227 1223 1268 ex

18 1306 172 1368 niuibus
195 1306 314 1368 duxerit
336 1313 445 1380 ortum,
467 1305 579 1368 scilicet
601 1325 636 1368 ex
657 1305 938 1380 membranaceis,
960 1314 995 1368 ut
1009 1307 1152 1388 scriptum
1167 1319 1223 1383 cst,

19 1406 208 1488 passibilis
231 1408 271 1470 sit
292 1415 322 1469 et
342 1407 555 1486 primogenitus
578 1425 614 1469 ex
635 1407 855 1470 resurrectione
875 1417 1072 1485 mortuorum,
1093 1409 1159 1489 lege
1174 1409 1222 1470 iu-

4 1507 79 1586 ]um
115 1508 375 1589 praenunciante‚
405 1507 555 1586 quomodo
583 1508 662 1587 quod
686 1507 848 1570 increatum
870 1516 917 1570 est
937 1509 1079 1590 passibile
1101 1508 1224 1573 dicitis?

46 1609 225 1691 quomodo
247 1609 326 1688 quod
348 1608 490 1688 passibile
513 1617 559 1672 est
580 1609 743 1670 increatum
765 1607 903 1672 vocatis?
945 1609 1064 1672 Etenim
1085 1630 1152 1674 cum
1173 1613 1222 1672 in-

19 1722 114 1775 atam
142 1709 237 1771 Verbi
267 1708 464 1771 substantiam
486 1709 656 1788 passibilem
678 1709 791 1782 dicitis,
821 1709 853 1771 in
871 1709 1060 1774 Divinitatem
1078 1709 1223 1792 blaspbe-

17 1816 72 1876 tis.
129 1811 175 1874 m
199 1810 269 1872 dum
290 1809 460 1890 passibilem
483 1828 612 1885 carnem,
635 1817 710 1889 quac
732 1810 865 1884 ossibus,
888 1813 1036 1892 sanguini,
1058 1814 1173 1898 animae
1195 1822 1226 1876 et

1 1892 126 1978 ¹verso
164 1920 276 1974 nostro
305 1911 424 1990 corpori
453 1910 587 1990 adaptata
617 1920 680 1984 est,
715 1929 848 1990 quaeque
869 1911 1024 1991 palpabilis
1048 1907 1224 1976 et'visihilis

19 2067 27 2094 ,
55 2019 240 2080 increatam
263 2012 375 2084 dicitis,
399 2009 507 2090 duplici
522 2011 616 2091 ‚lapsu
638 2011 810 2083 conciditis,
839 2019 890 2072 aut
910 2011 988 2073 enim
1011 2013 1224 2076 exhibitionem

11 2115 238 2195 tolerantiam
259 2112 408 2192 passionis
430 2111 613 2192 phantasiam
630 2111 804 2172 existimatis
819 2111 898 2172 iuxta
913 2111 1148 2175 Manichaeorum
1162 2115 1222 2176 im·

21 2199 145 2291 tatem,
171 2223 226 2276 aut
247 2213 334 2274 talem
358 2229 427 2272 esse
448 2211 578 2274 statuitis
601 2212 747 2272 increatae
769 2209 891 2272 Deitatis
914 2210 1120 2288 substantiam.
1163 2213 1222 2275 Ec-

21 2324 53 2382 id
81 2319 190 2380 adbuc
211 2311 429 2391 reprehenditis
453 2329 516 2386 eos,
539 2313 588 2391 qui
610 2311 642 2372 in
662 2311 788 2374 humana
809 2312 904 2374 lorma
926 2313 1089 2376 secundum
1104 2331 1223 2378 carnem
1320 2363 1321 2368 η

18 2439 81 2484 :um
108 2411 410 2481 comminiscuntur?

77 2831 110 2888 4.
160 2821 223 2880 Sed
245 2820 342 2881 dicitis
364 2821 524 2880 increatum
547 2819 655 2882 lactum
679 2837 763 2892 esse,
785 2819 864 2898 quod
887 2820 1001 2882 unitum
1024 2819 1064 2883 sit
1085 2829 1151 2884 cum
1174 2822 1225 2890 in:

2 2934 110 2990 ¹reato.
157 2919 239 2982 ilinc
265 2930 364 2981 autem
390 2929 520 2982 vestrum
549 2937 682 2982 errorem
710 2939 777 2982 sese
805 2919 870 2982 lalsi
892 2937 1017 2999 arguere
1039 2921 1223 2982 ostendetur.

10 3029 70 3088 'am
89 3021 194 3086 carnis
214 3038 279 3081 cum
290 3019 379 3080 Verbi
389 3020 544 3082 Divinitate
559 3021 729 3082 coniunctio
745 3037 782 3082 cx
796 3028 881 3082 utero
896 3021 971 3082 lacta
985 3027 1039 3093 eat,
1062 3005 1132 3082 inde
1144 3021 1225 3082 enirn

5 3129 52 3210 psi
66 3123 215 3194 Verbum,
238 3139 303 3188 cum
327 3141 343 3182 e
364 3121 446 3183 caelo
469 3121 647 3194 advenisset,
671 3120 814 3200 originem
836 3119 927 3194 dedit,
950 3119 1058 3200 quippe
1073 3139 1148 3201 quae
1163 3139 1225 3183 non

2 3237 61 3292 erat
90 3233 252 3302 antequam
277 3221 403 3284 Verbum
425 3222 592 3296 adveniret,
627 3231 677 3283 sut
706 3231 774 3283 ante
794 3221 949 3302 Deiparam
970 3221 1106 3296 blariam,
1139 3223 1224 3287 cuius

3 3331 98 3392 solius
123 3325 210 3402 origo
233 3343 268 3386 ex
290 3324 401 3386 hdamo
424 3332 454 3385 et
475 3340 569 3402 genus
592 3341 628 3384 ex
650 3321 797 3384 Abraham
819 3331 851 3383 et
869 3321 979 3384 Daride
1001 3329 1099 3384 ortum
1119 3339 1225 3396 nerraq

2 3442 61 3504 tur,
86 3436 116 3490 et
138 3407 209 3487 una
222 3425 326 3504 sponsi
350 3425 397 3487 sui
418 3423 539 3504 loseph,
562 3422 611 3504 qui
635 3432 722 3485 erant
742 3422 800 3485 duo
815 3421 847 3484 iu
862 3440 949 3484 earne
963 3440 1032 3500 une,
1055 3423 1132 3484 siccut
1146 3425 1225 3484 scri-

3 3541 89 3612 ptum
112 3534 170 3599 est,
194 3541 255 3584 non
277 3533 378 3588 mutua
399 3525 479 3586 inter
500 3543 534 3586 sc
555 3523 760 3602 copulatione,
783 3522 836 3585 sed
860 3521 941 3604 quod
961 3541 998 3586 ex
1018 3541 1078 3584 uno
1101 3521 1225 3586 eodem·

5 3649 63 3710 que
87 3624 234 3705 originem
256 3626 415 3711 ducerent3
437 3643 513 3706 ,nam
540 3625 619 3704 quod
644 3624 745 3688 illibati
767 3623 980 3699 remanserint,
1007 3630 1148 3686 testatum
1170 3629 1226 3690 eat.

5 3817 69 3866 Editi
94 3828 150 3864 rere
177 3819 201 3860 ct
228 3809 269 3858 clii
292 3801 320 3865 ἐξ
343 3800 501 3876 ἀνθρώπων.
540 3811 592 3860 blan
644 3808 785 3858 Felclm.l·
826 3809 917 3860 lhidem
943 3807 1033 3866 duello.
1056 3807 1125 3859 colna
1155 3809 1228 3862 hebet

9 3885 80 3931 iidem
100 3873 135 3934 ὥς
152 3873 180 3927 ἐκ
198 3873 261 3924 τῶν.
298 3878 413 3927 laeditis
437 3887 460 3928 at
484 3869 592 3932 aliisais
643 3869 781 3930 ἅκῐιστον,
799 3883 873 3928 recte.
908 3874 951 3923 atti
970 3867 1103 3929 οἴκτιστος.
1133 3875 1227 3927 ibidem

9 3951 84 3998 deest.
595 3973 601 3986 ι
644 3944 735 4002 duplic.
753 3943 854 4004 Segncr.
874 3942 970 3992 Gohler.
989 3950 1013 3992 et
1029 3941 1134 3992 Felclm.
1154 3945 1177 3994 l.
1193 3940 1228 4008 ej

43 4048 64 4080 e.
82 4032 121 4080 Sic
138 4031 237 4090 Segoer.
258 4026 355 4078 Gchler.
366 4027 503 4078 ctl'clclm.
516 4028 538 4077 l.
564 4027 591 4078 ln
644 3999 749 4088 3⁹in
768 4009 858 4058 ⁰¹⁰5⁸⁸³
877 4009 1056 4074 l'st‘l’mitione
1073 4001 1112 4066 ’νο
1131 4013 1228 4080 (1¹1⁸th

15 4099 81 4147 editis
99 4091 214 4164 πρώτον.
265 4095 268 4101 “
643 4076 713 4126 edatis
731 4077 861 4137 legehrtnr.

46 4183 61 4230 s·
82 4193 110 4229 ἴε
126 4181 192 4230 Μ
209 4179 232 4228 Ῑῦ
254 4178 354 4239 selim
643 4145 693 4259 sed·
705 4135 952 4260 lgaeifurfflvmffzena't’
969 4141 1236 4268 inmeedffimccmnettoa

48 4279 68 4322 g.
84 4253 453 4328 nasittuotapaavemmt
466 4258 588 4322 einselv-
643 4291 706 4326 rum.
729 4225 806 4326 ⁸lnlra
830 4269 860 4326 ἐκ
883 4285 939 4328 ante
956 4225 1006 4325 1ξῦ
1023 4229 1242 4354 Ααβωῃῗξὲὶωῐ

48 4345 71 4392 h.
88 4335 129 4392 ὅτι
145 4347 209 4398 deest
225 4350 254 4397 in
272 4347 434 4410 Sepuerlano,
453 4346 550 4400 (labier.
569 4352 593 4396 et
643 4344 667 4394 in
685 4342 742 4420 sele
759 4345 859 4407 sepner.
