3212 5060
235 217 297 278 570
631 229 656 270 ε.
672 227 823 272 ετεεειιειι
838 227 1059 274 ιεοειταιεεοει

151 371 255 463 mom}
275 377 359 466 μηδὲ
380 381 503 462 σοφίαν
519 368 603 441 εἶναι
617 373 675 442 τὸν
690 373 761 442 ολὸν
776 374 880 466 λέγειν
894 374 1120 460 τολμάτωσαν.
1151 371 1173 465 ἡ
1188 378 1217 446 εἰ
1233 388 1338 469 σοφία
1353 383 1464 468 ἐστίν,Ι

234 473 279 557 ὡς
300 473 393 572 εἶπεν
415 471 452 542 ’ό
466 477 625 560 Σολομὼν
647 477 702 544 καὶ
725 473 892 555 ὁΠαῦλος
914 475 1054 564 ἲγραψε·
1076 477 1226 564 Χριστὸς
1247 487 1331 552 θεοῦ
1354 485 1452 554 δόνα-

232 605 289 666 μις
309 582 364 648 καλ
386 581 468 646 θεοῦ
492 583 596 668 σοφία
605 582 635 659 ¹),
659 583 781 644 Ι’ποίαν
803 573 822 661 ἡ
847 582 950 665 σοφία
972 573 1146 668 προκοπὴν
1169 582 1361 671 ἐπειλέχετος
1518 582 1521 592 ’

318 687 369 750 52.
407 677 610 764 ’Ἀνθρωποι
630 679 690 763 μὲν
711 676 772 764 γὰρ
793 685 956 762 κτίσματα
976 681 1188 767 τυγχάνοντες
1203 684 1452 758 ἑπεκτείνεσθαί

233 807 308 862 πως
335 784 389 850 καὶ
417 779 621 868 προκόπτειν
650 779 684 846 ἐν
713 774 810 866 ἀρετῇ
834 779 998 850 δύνανται.
1033 778 1129 868 Ἐνιὺχ
1149 790 1228 872 γοῦν
1250 785 1336 856 οῦτω
1357 815 1451 874 μετε·

232 891 325 972 τέθη,
348 886 403 950 καλ
425 885 555 969 Μωσῆς
576 877 724 961 αὐξάνων
747 881 938 964 ἐτελειοῦτο,
960 879 1065 954 ’ίσαάκ
1086 889 1140 954 *δὲ
1161 889 1363 975 προκόπτων
1385 891 1451 978 ἐγί-

232 1010 306 1056 νετο
327 990 437 1070 μέγας,
460 985 513 1050 καὶ
537 978 554 1050 ό
577 977 767 1062 ἀπόστολος
789 982 1040 1054 ἐπεκτείνεσθαι
1060 983 1137 1055 καθ’
1161 986 1284 1078 ἡμέραν
1305 1003 1378 1073 τοῖς
1393 997 1450 1080 ἒμ-

232 1094 385 1174 προσθεν
407 1085 551 1171 ἕλεγενἿ.
590 1079 654 1169 εἶχε
675 1084 737 1174 γὰρ
760 1086 895 1166 ἕκαστος
917 1091 983 1154 ποῦ
1006 1087 1212 1178 λπροκόψει,
1241 1097 1375 1180 βλέπων
1404 1097 1450 1175 εἰς

148 1187 289 1257 νεοττὸν
322 1188 514 1274 ἔμπροσθεν
543 1181 643 1254 αὐτοῦ
669 1185 816 1271 βαθμόν.
855 1183 873 1254 ό
902 1189 937 1256 d&
958 1193 1017 1257 τοῦ
1038 1197 1123 1260 θεοῦ
1146 1193 1217 1273 υἱὸς
1239 1192 1258 1262 ό
1279 1196 1381 1282 μόνος
1404 1193 1448 1265 οῦν

231 1291 299 1356 ποῦ
322 1283 405 1372 εἶχεν
428 1287 698 1370 όπεκτείνεσθαι,
733 1288 925 1376 πάνταγὰρ
948 1290 996 1370 εἰς
1017 1287 1117 1360 αῦτόν
1139 1297 1306 1382 βλέποντα
1326 1279 1454 1386 προκόᾸ

230 1415 325 1471 πτει,
354 1379 464 1469 αὐτός’
481 1391 518 1458 δὲ
537 1387 640 1476 μόνός
662 1383 707 1458 ιῦν
730 1390 764 1458 ἐν
785 1393 832 1477 τῷ
853 1391 944 1479 μόνῳ
966 1401 1072 1482 πατρί
1094 1396 1201 1481 ἐστιν,
1231 1395 1286 1490 ἀφ’
1312 1391 1351 1468 οὗ
1373 1397 1448 1470 οῦδὲ

210 1491 467 1580 ·ίπεκτείνετᾳι,
497 1487 566 1560 ἀλλ)
591 1493 625 1561 ἐν
648 1487 736 1579 αὐτῷ
757 1498 863 1578 μένων
886 1493 974 1561 ἐστίν
997 1490 1058 1564 ἀεί.
1098 1495 1289 1588 ἀνθρώπων
1309 1505 1371 1588 μὲν
1392 1494 1449 1572 οῦν

231 1592 302 1661 ἐστι
333 1594 372 1661 τὸ
400 1594 620 1681 προκόπτειν,
656 1591 674 1662 ὁ
704 1597 740 1662 δὲ
761 1599 820 1662 τοῦ
843 1599 925 1662 θεοῦ
947 1595 1028 1679 οἶός,
1053 1599 1128 1668 ἐπεὶ
1149 1603 1352 1688 προκόπτειν
1374 1601 1449 1672 *οῦκ

231 1690 295 1779 εἶχε
315 1697 440 1776 τέλειος
462 1691 507 1763 ὢν
530 1696 564 1766 ἓν
584 1699 631 1784 τῷ
654 1703 766 1784 πατρί,
790 1695 1010 1767 ἐταπείνωσεν
1033 1701 1149 1770 ἑαυτὸν
1171 1701 1255 1791 ὑπὲρ
1270 1702 1370 1794 ἡμῶν,
1394 1709 1452 1776 ἵνα

231 1796 264 1864 ἐν
292 1800 339 1883 τῷ
368 1797 491 1866 ἐκείνου
519 1803 666 1886 ταπεινῷ
694 1801 819 1884 μᾶλλον
844 1796 938 1888 ἡμεῖς
960 1795 1098 1890 αῦξὴσαι
1120 1806 1324 1892 δυνηθῶμεν.
1369 1805 1389 1896 ἡ
1413 1811 1450 1878 δὲ

154 1955 156 1962 ,
231 1897 367 1987 αόξησις
386 1896 478 1989 ἡμῶν
500 1895 558 1968 οῦκ
580 1898 661 1989 άλλη
684 1909 735 1981 τίς
756 1901 860 1984 ἐστιν,
890 1898 910 1990 ἡ
931 1903 970 1971 τὸ
992 1901 1203 1992 ἀφίστασθαι
1223 1909 1284 1992 μὲν
1304 1912 1373 1976 ,τῶν
1396 1913 1450 1996 alp

167 2015 169 2026 '
232 2005 383 2088 σθητιῦκ,
417 2003 464 2082 είς
492 1998 591 2070 αῦτὸν
620 2004 656 2071 δέ
684 2001 741 2071 τὸν
770 2006 867 2090 λόγον
888 2011 1056 2091 γενέσθαι,
1088 2005 1160 2074 ἐπεὶ
1183 2011 1238 2076 καλ
1260 2009 1299 2077 τὸ
1323 2011 1449 2080 ἀεείνον

230 2104 387 2172 ταπεινόν
415 2102 509 2173 οὐδὲν
539 2106 647 2192 ἕτερόν
677 2105 783 2187 ἐστιν,
818 2101 838 2194 ἡ
865 2107 904 2174 τό
932 2109 1043 2194 λαβεῖν
1068 2107 1124 2194 τὴν
1144 2105 1305 2198 ἡμετέραν
1327 2113 1444 2198 σάρκα.

231 2201 288 2274 σῦκ
316 2204 380 2295 ἀρα
410 2203 428 2274 ό
457 2208 552 2294 λόγος
573 2199 627 2295 ’ἡν
654 2199 676 2296 ᾗ
704 2209 799 2296 λόγος
822 2211 910 2277 ἐστίν
938 2207 955 2276 ό
978 2211 1189 2298 προκόπτων,
1223 2201 1385 2292 ὃτέλειος
1408 2215 1444 2281 ἐκ

229 2309 355 2378 τελείου
383 2305 429 2378 ιῦν
456 2315 515 2378 τοῦ
538 2309 679 2396 πατρός,
710 2307 728 2378 ό
749 2311 889 2400 μηδενὸς
910 2312 1079 2398 δεόμενος,
1109 2307 1191 2380 ἀλλὰ
1211 2313 1360 2394 καὶτοὺς
1381 2311 1441 2381 ἀλ-

230 2411 308 2490 λους
329 2412 376 2491 εἰς
397 2411 570 2500 προκοπὴν
586 2411 730 2500 ἀνάγων·
754 2409 838 2482 ἀλλὰ
852 2410 1076 2502 ἀνθρωπίνως
1090 2415 1218 2503 ελρηται
1230 2419 1283 2483 καὶ
1299 2417 1441 2484 ἐνταῦθα

227 2513 287 2582 «τὸ
309 2513 521 2600 προκόπτειν,
546 2515 621 2582 ἐπεὶ
642 2519 695 2584 καί
717 2521 783 2586 τῶν
796 2505 998 2604 ’ἀνθρώπων
1021 2517 1090 2584 ἐστί
1113 2515 1217 2585 πάλιν
1238 2515 1257 2606 ἡ
1280 2517 1442 2604 προιοπὴ.

229 2615 285 2684 καὶ
311 2615 372 2702 γὰρ
399 2619 452 2682 καί
484 2613 501 2682 ό
525 2612 751 2704 εῦαγγελιστὴς
773 2615 878 2698 οὕτως
899 2618 982 2705 μετὰ
1003 2614 1158 2706 ἀκριβοῦς
1178 2623 1236 2708 τῆς
1256 2619 1447 2706 παρατηρη-

230 2741 314 2797 σιως
340 2720 441 2804 λέγων
469 2721 508 2805 τῇ
530 2723 692 2808 ,προκοπῇ
714 2724 842 2808 σανὴψε
862 2719 920 2809 τὴν
941 2716 1085 2808 ἡλικίαν·
1115 2721 1210 2808 λόγος
1231 2721 1342 2788 δὲκαὶ
1363 2720 1446 2799 θεὸς

227 2815 338 2908 ἡλικίᾳ
360 2815 398 2888 οῦ
420 2823 628 2907 ιιμετρεῖται,
664 2817 747 2890 ἀλλὰ
773 2826 840 2891 τῶν
867 2813 1029 2907 σωμάτων
1051 2822 1136 2890 εἰσλν
1157 2823 1195 2890 αἱ
1213 2819 1345 2911 ἡλικίαι.
1382 2825 1442 2888 τοῦ

229 2922 382 3010 σώματος
410 2921 475 3010 ἀρα
502 2924 591 2992 ἐστίν
619 2919 638 3011 ἡ
667 2925 838 3014 προκοπή·
868 2919 968 2992 αὐτοῦ
990 2923 1051 3011 γὰρ
1073 2925 1325 3012 προκόπτοντος
1344 2929 1447 3010 προέ-

228 3049 349 3094 κοπτεν
371 3026 405 3095 ἐν
427 3021 515 3114 αῦτηῦ
537 3029 592 3094 καὶ
614 3023 634 3116 ἡ
657 3034 844 3116 φανέρωσις
864 3031 923 3116 τὴς
943 3026 1106 3115 θεότητος
1126 3039 1199 3106 τοῖς
1214 3022 1347 3114 όριῦοιν.
1377 3021 1448 3112 όσφ

229 3131 265 3197 δὲ
291 3124 312 3216 ἡ
339 3128 461 3217 θεότης
484 3126 750 3210 ἀπεκαλῦπτετο,
777 3129 934 3218 τοσούτφ
947 3131 1065 3198 πλεῖον
1085 3125 1106 3216 ἡ
1126 3128 1220 3216 χάρις
1241 3127 1378 3217 ηὔξανεν
1400 3123 1447 3206 ἀς

222 3227 427 3318 -λάνθρώπον
449 3231 543 3317 παρὰ
564 3235 669 3300 πᾶσιν
692 3227 897 3320 ἀνθρώποις.
934 3233 1072 3299 παιόίον
1085 3233 1145 3316 μὲν
1159 3229 1221 3317 γάρ
1237 3229 1448 3318 ἐβαστάζετο,

228 3343 312 3412 παῖς
334 3335 369 3400 δὲ
390 3332 563 3418 γενόμενος
583 3327 744 3419 ἀπέμενεν
773 3335 807 3402 ἐν
828 3338 875 3422 τῷ
900 3335 976 3421 λερηῖ
999 3331 1150 3412 καὶτοὺς
1173 3333 1279 3419 ἱερέας
1300 3327 1448 3418 ἀνέκρινε

227 3437 305 3521 περὶ
327 3437 386 3500 τοῦ
409 3433 527 3517 νόμου,
549 3431 617 3501 κατ’
643 3431 754 3522 ὀλίγον
776 3437 813 3503 δὲ
834 3440 893 3502 τοῦ
917 3436 1070 3522 σώματος
1092 3431 1289 3516 αῦξάνοντος
1309 3432 1366 3502 καὶ
1386 3435 1447 3526 τοῦ

228 3536 326 3622 λόγου
360 3539 580 3622 φανεροῦντος
602 3538 740 3606 1ίὲαυτὸν
772 3539 807 3606 έν
834 3533 939 3625 αὐτῷ,
974 3535 1183 3623 ὁμολογεῖται
1210 3535 1330 3604 λοιπὸν
1352 3531 1448 3621 παρὰ

227 3638 286 3721 μὲν
307 3641 437 3722 Πέτρου
465 3641 616 3725 πρῶτον,
647 3635 718 3708 εἶτα
744 3639 800 3706 καλ
827 3637 920 3724 παρὰ
946 3637 1100 3720 πάντων,
1134 3634 1188 3706 ότι
1214 3633 1351 3726 άληθῶς
1371 3633 1445 3715 υἱός

227 3741 312 3805 θεοῦ
334 3737 422 3806 ἐστιν
445 3730 549 3821 οῦτος,
573 3740 602 3808 εἰ
623 3740 679 3808 καὶ
696 3735 849 3806 Ἰουδαῖοι
871 3739 907 3807 οἵ
918 3765 955 3807 τε
973 3741 1113 3810 παλαιοί
1136 3743 1204 3808 1καί
1221 3740 1254 3806 οῖ
1269 3744 1338 3806 νέοι
1352 3725 1447 3804 οῦτοι

227 3839 384 3922 θέλοντες
404 3842 589 3928 καμμόουσι
610 3841 687 3922 τοῦς
710 3836 916 3932 ὀφθαλμούς,
940 3841 995 3910 λ’να
1016 3841 1060 3930 μὴ
1081 3843 1252 3930 βλέπωσιν
1275 3835 1328 3908 ότι
1348 3837 1387 3905 τό
1409 3837 1445 3908 ἰν

296 4039 364 4114 ηἰ.
382 4039 437 4102 ιιι.
457 4051 480 4113 ι,
499 4049 540 4102 ιι
610 4049 636 4108 ιι
654 4051 759 4116 νιοηη.
779 4049 807 4112 ε,
823 4050 863 4102 ιι.

260 4203 605 4264 ε.8ίαίιες.1.ειθεςοετ.
642 4202 674 4254 λι
692 4195 706 4250 ῦ
723 4203 810 4256 invdi-
862 4205 934 4258 εῖίιίο
951 4201 1070 4254 Comme!-
1094 4203 1186 4252 οαίιεο
1209 4194 1294 4248 ποίαν
1317 4189 1332 4260 ἡ
1357 4192 1448 4264 σοφία
1505 4235 1510 4244 .

227 4272 257 4322 tis
274 4275 349 4324 όεεει.
386 4271 474 4320 {bidem
500 4271 810 4324 Gobter.m'elokm.1.
860 4274 949 4322 hubent
965 4261 1108 4338 προκοπὴν
1123 4259 1173 4317 οῦκ
1188 4261 1338 4334 staffilum.

221 4333 272 4388 ’καλ
289 4333 394 4390 Παῦλος
409 4330 521 4404 γράφει.
895 4355 915 4390 ε.
934 4339 973 4389 Sic
997 4349 1097 4404 αιειηαε
1114 4339 1169 4399 λιες,
1189 4339 1288 4399 εἐςοετ.
1306 4335 1379 4385 basil.
1397 4333 1449 4385 Go-

262 4410 283 4460 b.
301 4409 343 4472 βω
359 4407 415 4468 λιες.
436 4405 458 4455 ῖ.
481 4409 580 4471 ὃεςοετ.
604 4407 693 4468 Angue.
712 4407 808 4461 Gobler.
859 4407 921 4458 λεῖαι.
932 4417 955 4458 ει
966 4407 1070 4466 ῖεΙιΙαι.
1084 4407 1104 4456 1.
1140 4408 1167 4456 λι
1185 4405 1226 4454 alii
1244 4412 1268 4456 ει
1284 4404 1342 4454 editi
1353 4393 1447 4452 Ἰσαάκ

231 4484 246 4492 ”
266 4475 407 4525 Felckm.l.
426 4475 691 4538 αιειΝιοοίαιΙεςίι
724 4477 767 4527 Alii
786 4475 809 4526 ελ
859 4487 897 4526 τε.
935 4476 1025 4526 ibidem
1044 4474 1147 4526 Felokn.
1166 4465 1322 4538 Μγένετο.
