3054 5304
194 184 257 249 618
597 198 624 242 ε.
639 197 1030 246 ετιιτιευιεεειεειεεαει

109 349 310 426 ειποῦτον,
340 353 429 412 νοεῖν
457 345 510 414 δεῖ
536 344 581 434 μὴ
610 340 699 433 αύτῷ
720 341 767 425 ὥς
785 344 938 433 χρῄζοντι
957 345 1153 425 ·δίδοσθαι,
1187 337 1274 412 ἀλλὰ
1294 347 1368 432 τῷ
1401 340 1490 412 ἄν·

194 445 327 570 θρώπῳ
355 445 412 514 διὰ
438 445 628 534 τοῦλόγου.
666 445 804 534 καίγῦρ
826 449 896 526 πῦς
917 444 1110 533 πρεσβεύων
1130 441 1214 531 ὑπὲρ
1237 443 1364 512 ἀλλοα
1394 442 1485 514 αῦ-

192 548 251 628 τδς
287 546 346 636 τὴν
375 547 471 636 χάριν
505 548 680 636 λαμβάνει,
719 545 758 616 οῦ
789 545 931 638 χρήζων,
967 541 1052 616 ἀλλὰ
1084 547 1142 615 διὰ
1172 546 1231 614 τόν
1263 543 1373 634 ὑπὲρ
1422 540 1481 615 οῦ

193 649 381 738 πρεσβεύει.

281 759 309 818 7.
347 747 529 837 Ὥςπερ
493 776 561 871 γαρ
576 750 657 831 1’τόις
680 746 899 831 ἀσθενείας”
879 753 973 840 ημῶν
988 747 1165 836 λαμβόνειΙ
1167 757 1178 831 )
1194 743 1252 816 οῦκ
1267 743 1468 818 ἀσθενῶν

194 856 250 920 καὶ
271 855 373 940 πεινᾷ
394 846 433 920 οδ
455 856 590 934 πεινῶν,
615 849 757 920 ἀλλὰ
721 878 764 919 τα
766 847 878 950 ἡμῶν
894 848 1089 936 ἀναπέμπει
1103 848 1197 930 είς
1164 873 1203 916 το
1219 850 1470 940 ἐξαλειφθῆ-

194 979 264 1036 ναι,
299 950 406 1033 οῦτως
432 952 493 1032 τὰς
520 947 593 1020 ἀντί
621 956 689 1021 τῶν
710 937 915 1022 *ἀσθενειῶν
942 951 1037 1040 παρὰ
1062 954 1147 1020 θεοῦ
1170 950 1298 1050 δωρεὰς
1321 952 1462 1020 πάλιν

194 1051 296 1136 αὐτὸς
334 1057 478 1140 δέχεται,
521 1054 579 1122 ἵνα
611 1057 799 1144 συναφθεὶς
832 1043 1029 1142 ἀνθρωποξ
1049 1054 1247 1139 μεταλαβεῖν
1282 1053 1456 1176 δυνηθῇ

194 1159 284 1244 λίγα
303 1160 382 1244 γοῦν
405 1151 424 1222 5
446 1155 573 1278 κύριος·
596 1155 709 1224 πάντα
732 1153 796 1224 όσα
818 1155 964 1235 δίδωνάς
983 1179 1045 1241 μοι
1066 1155 1194 1222 δέδωκα
1214 1148 1357 1236 αὐτοῖς,
1387 1159 1455 1222 καὶ

194 1259 315 1328 πόλιν·
347 1253 433 1346 ῦπὲρ
465 1252 573 1324 αῦτῶν
603 1257 715 1344 ρωτω
699 1261 755 1340 ²)
803 1254 915 1346 ἠρώτα
936 1255 998 1344 γὰρ
1020 1251 1146 1342 πότερ’
1126 1258 1235 1356 ημῶν,
1264 1253 1311 1322 τὰ
1335 1251 1453 1343 ἡμῶν

194 1355 461 1452 ἀναδεχόμενος,
477 1361 532 1425 καί
561 1358 716 1426 ἒ“δίδου
696 1386 719 1427 α
740 1359 932 1446 ἐλάμβανεν.
970 1355 1088 1444 ἐπειδὴ
1111 1346 1170 1423 οῦν
1192 1362 1452 1444 συναφθέντος

193 1466 254 1530 τοῦ
272 1461 387 1584 λόγου
419 1461 467 1548 τῷ
496 1455 669 1548 ἀνθρώπῳ
703 1461 750 1540 εἰς
776 1458 835 1527 τὸν
863 1459 960 1546 λόγον
988 1452 1194 1544 ἀποβλέπων
1217 1455 1446 1544 ἐχαρίζετο“
1424 1483 1447 1526 α

195 1563 306 1651 πατὴρ
327 1566 374 1650 τῷ
397 1558 571 1648 ἀνθρώπῳ
593 1559 632 1628 τὸ
654 1556 868 1650 ὑψωθῆναι,
884 1560 924 1628 τὸ
947 1560 1040 1644 ἔχειν
1052 1563 1168 1626 πᾶσαν
1190 1557 1352 1639 ίξουσίαν
1378 1564 1440 1628 καλ

195 1661 262 1733 ὅσα
282 1667 431 1744 τοιαῦτα,
455 1661 513 1732 διὰ
532 1666 632 1730 τοῦτο
655 1658 745 1751 αύτῷ
767 1667 814 1750 τῷ
837 1663 923 1750 λόγῳ
944 1661 1057 1730 πάντα
1072 1655 1283 1749 ἀναφέρεται,
1308 1663 1371 1728 καὶ
1390 1659 1442 1742 ὥς

196 1761 287 1854 αύτῷ
314 1763 475 1850 διδόμενό
503 1763 593 1831 ἐστιν
622 1763 644 1830 5
673 1762 714 1831 δι’
740 1760 841 1832 αὐτοῦ
863 1761 958 1851 ἡμεῖς
980 1762 1207 1850 λαμβάνομεν·
1229 1757 1276 1841 ὦς
1296 1761 1365 1850 γάρ
1392 1761 1436 1830 δι’
1521 1773 1522 1800 ¹

194 1862 282 1954 ἡμᾶς
302 1863 560 1953 ίνηνθρώπησεν
583 1858 693 1944 αῦτός,
717 1862 823 1944 οῦτως
844 1861 939 1954 ἡμεῖς
961 1858 1001 1932 δι’
1027 1861 1128 1931 αὐτὸν
1142 1859 1340 1950 ύψούμεθα.
1376 1861 1437 1932 αύ-

195 1969 252 2036 δὲν
272 1955 332 2035 οῦν
352 1963 497 2045 ἀτοπυν,
528 1964 558 2032 εί
580 1961 690 2054 ὥςπερ
713 1961 754 2033 δι’
778 1962 865 2055 ἡμᾶς
886 1965 1130 2034 αἐταπείνωσεν
1152 1964 1286 2046 ἔαυτόν,
1320 1963 1434 2046 οῦτως
1521 2009 1522 2040 ,

194 2072 249 2137 καλ
277 2063 325 2137 δι’
349 2063 436 2157 ἡμᾶς
457 2069 587 2153 λέγεται
610 2063 872 2156 δπερυψιῦσθαι.
917 2066 1092 2154 ἐχαρίσατο
1121 2056 1179 2134 οῦν
1208 2062 1298 2154 αύτῷ
1306 2071 1332 2150 ³)
1356 2063 1432 2136 ἀντὶ

194 2173 255 2238 τοῦ
288 2166 368 2259 ἡμῖν
401 2163 449 2238 δι’
475 2163 590 2250 αῦτόν,
619 2169 676 2238 καὶ
702 2165 925 2256 ὑπερύψωσεν
948 2164 1021 2236 ἀντὶ
1043 2171 1102 2235 τοῦ
1135 2165 1224 2254 ἡμᾶς
1257 2168 1291 2236 ἐν
1327 2165 1428 2256 αύτῷ.

195 2271 252 2338 καὶ
273 2266 373 2352 αὐτὸς
394 2273 431 2340 δὲ
452 2267 472 2339 5
495 2271 591 2360 λόγος
612 2266 705 2358 ἡμῶν
727 2267 925 2356 ύψουμένων
947 2272 1002 2337 καὶ
1024 2269 1261 2357 λαμβανόντων
1276 2271 1337 2340 καὶ
1349 2279 1426 2360 βσφ·

194 2378 372 2457 θυομένων
405 2369 452 2454 ὥς
483 2369 583 2452 αὐτὸς
615 2369 804 2457 όφούμενος
831 2375 885 2440 καί
914 2370 1091 2458 λαμβάνων
1117 2369 1175 2438 καὶ
1194 2371 1421 2460 βοηθυόμειος

108 2466 385 2558 ν.ευε.εῦχαριυτεῖ
406 2477 454 2559 τῷ
476 2480 590 2558 πατρί,
613 2472 656 2538 τὰ
676 2469 819 2560 ἡμέτερα
841 2473 888 2553 είς
910 2471 1028 2540 ἑαυτὸν
1043 2467 1220 2560 ἀναφέρων
1235 2473 1292 2541 καὶ
1305 2475 1423 2562 λέγων·

194 2571 308 2639 πάντα
329 2568 394 2658 ὅσα
416 2572 561 2650 δέδωκάς
580 2595 641 2656 μοι
663 2573 789 2640 δέδωκα
811 2568 965 2653 αύτοῖςῆ.
1521 2623 1522 2668 ,

280 2677 309 2740 8.
360 2672 403 2740 07
430 2676 508 2760 περὶ
530 2667 692 2759 Εῦσέβιον
720 2669 1042 2761 ὀῖἈρειομανῖται
1063 2669 1165 2762 ἀρχὴν
1186 2669 1346 2741 τοῦεῖναι
1367 2681 1420 2760 τῷ
1521 2683 1522 2692 ’

195 2772 257 2859 υἱῷ
278 2773 428 2853 διδόντες
449 2777 715 2861 προςποιοῦνται
734 2775 779 2862 μὴ
802 2770 989 2862 βούλεσθαι
1010 2771 1110 2864 ἀρχὴν
1133 2771 1227 2844 αὐτόν
1254 2773 1333 2856 ἔχειν
1349 2779 1412 2860 βα·

195 2873 331 2954 σιλείας.
370 2874 443 2943 ἔστι
471 2876 508 2944 δὲ
534 2877 673 2964 γελοῖον.
719 2871 944 2966 δγὰράρχὴν
965 2880 1024 2944 τοῦ
1048 2872 1134 2945 εἶναι
1157 2875 1267 2955 διδοὺς
1285 2877 1331 2963 τῷ
1351 2875 1415 2963 υἱῷ
1521 2879 1522 2922 λ

194 2973 365 3065 πρόδηλον
386 2972 442 3045 ότι
462 2976 519 3046 καὶ
539 2982 598 3046 τοῦ
619 2978 808 3066 βασιλεύειν
830 2975 931 3067 ἀρχὴν
953 2979 1092 3046 δίδωσιν
1113 2972 1214 3065 αύτῷ,
1239 2975 1321 3057 ῦςτε
1340 2972 1420 3050 ὄμο-

67 3155 69 3160 .
193 3076 367 3166 λογυῦντες
390 3077 408 3147 5
430 3074 609 3167 ἀρνοῦνται
628 3079 869 3171 τυφλώττουαι.
907 3079 963 3148 καί
984 3079 1088 3148 πόλιν
1110 3079 1143 3146 οί
1158 3079 1308 3167 λέγοντες
1321 3077 1418 3164 μόνον

195 3176 302 3266 ῦνομα
324 3177 411 3250 εἶναι
430 3183 514 3264 υἱοῦ,
540 3179 695 3252 ἀνούσιον
717 3183 754 3250 δὲ
774 3182 830 3250 καί
851 3177 1083 3250 ἀνυπόστατον
1099 3175 1186 3248 εἶναι
1198 3181 1260 3247 τὸν
1274 3181 1346 3249 υλὸν
1359 3183 1415 3248 τοῦ
1521 3215 1522 3228 ¹

191 3285 291 3360 θεοῦ,
310 3289 464 3350 τουτέστι
484 3283 542 3350 τὸν
564 3283 662 3369 λόγον
682 3287 742 3352 τοῦ
764 3283 901 3373 πατρός,
924 3285 1206 3371 ίπροςποιοῦνται
1229 3277 1416 3368 ἀγανακτεῖν

192 3379 279 3447 κατὰ
303 3385 370 3448 τῶν
397 3382 577 3469 λεγόντων·
606 3374 647 3471 ἦν
668 3409 754 3453 ποτε
777 3381 833 3454 ότε
854 3381 912 3452 οῦκ
933 3375 982 3471 ἦν.
1020 3385 1093 3452 όοτι
1115 3384 1152 3450 δὲ
1172 3381 1229 3450 καὶ
1250 3387 1346 3450 τοῦτο
1365 3407 1415 3469 γε·
1521 3469 1522 3474 ¹

120 3503 124 3510 ·
192 3479 295 3548 λαῖον.
331 3482 366 3548 οί
386 3482 448 3568 γὰρ
470 3479 557 3562 ὅλως
578 3484 617 3551 τὸ
640 3480 727 3553 εἶναι
747 3481 836 3574 αὐτῷ
857 3486 903 3574 μὴ
926 3484 1075 3566 διδόντες
1096 3479 1320 3571 ἀγανακτοῦσι
1335 3483 1412 3552 κατὰ

191 3581 259 3645 τῶν
280 3574 341 3668 νῦν
361 3581 468 3670 χρόνῳ
490 3583 661 3652 διδόντων.
693 3579 753 3653 ’καλ
776 3577 870 3654 οὗτοι
891 3575 949 3652 οῦν
972 3582 1058 3674 ὅπερ
1080 3581 1259 3675 ἀρνοῦνται
1282 3584 1337 3653 διὰ
1356 3587 1410 3653 τοῦ

193 3679 351 3770 ίπιταιᾷν
384 3693 457 3763 τοῖς
493 3682 609 3765 ἀλλοις
637 3682 848 3772 ὁμολογοῦσι.
896 3685 1001 3756 πόλιν
1027 3713 1065 3758 τε
1092 3689 1127 3756 ολ
1152 3687 1233 3776 περὶ
1259 3681 1344 3756 Εύσί
1342 3695 1409 3776 βων

193 3781 267 3852 υίόν
295 3779 582 3872 ὁμολογοῦντες
563 3791 741 3874 αρνοῦνται
768 3781 868 3855 αὐτόν
896 3783 984 3858 εἶναι
994 3789 1108 3890 φύσει
1127 3789 1242 3877 λόγον,
1274 3791 1327 3857 καί
1345 3782 1407 3856 κατ’

192 3882 345 3954 ἐπίνοιαν
372 3885 470 3973 λόγον
498 3887 714 3974 λέγεσθαι
679 3913 739 3957 τον
763 3887 833 3958 υἱόν
853 3875 1048 3976 βούλονται,
1079 3891 1113 3959 οἱ
1134 3891 1184 3959 δὲ
1195 3891 1303 3979 ἕτεροι
1321 3889 1408 3977 λόγον

262 4139 287 4201 1)
306 4140 387 4194 θεοῦ.
406 4142 431 4204 8,
451 4142 491 4193 17.
561 4143 588 4204 7)
605 4143 672 4194 lm.
692 4145 733 4207 17,
745 4145 828 4198 7.·-9
880 4147 906 4208 3)
925 4147 1029 4214 Philipp
1047 4148 1071 4210 7,
1089 4147 1114 4200 9.
1166 4149 1193 4212 4)
1213 4149 1280 4201 Ιοιε.
1300 4149 1336 4212 77,
1351 4147 1407 4200 7.8.

213 4273 379 4356 amomon.
397 4277 498 4340 Ξεςυεε.
526 4285 550 4328 ει
567 4277 640 4330 editio
660 4279 777 4332 Commel.
864 4283 946 4336 5850
963 4283 1020 4347 Βις.
1038 4292 1062 4334 ιι
1079 4283 1179 4348 Smer.
1214 4287 1244 4336 λι
1264 4285 1304 4337 nui
1320 4285 1406 4336 ιειόῖιὶ

187 4340 218 4393 λι
234 4343 275 4394 alii
293 4336 434 4393 δεδόσθαι.
832 4341 968 4400 ἀσθενεῖν.

161 4411 248 4487 ιο.
264 4413 355 4475 Δυςίἰα
373 4407 425 4472 τὴν
443 4401 596 4467 ἀσθένειαν.
865 4418 889 4469 d.
908 4418 935 4469 ln
952 4419 1026 4484 Ηεςῖυ
1047 4420 1231 4484 ειὸεςυειίειο
1248 4421 1332 4472 desunt
1345 4419 1406 4470 ιαῖιι
