3102 5042
391 231 395 239 ¹
483 259 627 303 srrsrom
642 261 661 302 r.
677 261 714 302 nn
730 259 922 308 susurrones.
1108 323 1110 330 Α
1242 251 1304 315 677

98 413 193 476 Ariani
215 409 334 492 quidem
358 409 414 472 etsi
437 427 609 489 corpoream
630 409 718 472 Verbi
746 411 943 490 praesentiam
971 423 1000 476 ct
1026 433 1101 495 quaa
1127 417 1189 479 eius
1216 419 1387 481 caucanam.

97 516 170 578 dicta
192 521 263 575 sum
284 529 346 573 non
368 510 579 590 intelligerent,
602 529 637 573 ex
658 511 704 573 his
726 521 823 574 tamen
846 516 1030 578 occasionem
1058 536 1129 580 suae
1150 520 1303 582 commini-

96 617 219 680 scendae
239 613 375 677 haeresis
398 611 618 693 improbissime
640 613 717 676 nacti
738 613 790 675 Dei
811 615 914 679 hostes
942 637 1009 680 esse
1031 625 1061 680 et
1081 637 1150 680 rere
1170 619 1208 682 da
1227 627 1305 682 terra
1420 676 1422 684 ,

95 719 191 780 inania
212 716 293 795 loqui
316 713 440 776 convicti
463 721 542 776 sunt.
586 713 645 774 Vos
667 733 736 776 vero
758 715 902 778 undenam
926 735 1035 797 quaeso
1058 719 1089 781 in
1111 737 1241 782 errorem
1256 721 1304 782 in—

95 821 174 882 ducti
195 815 291 881 estis?
336 816 411 889 Quis
433 833 487 876 vos
510 815 549 876 ita
571 815 680 888 docuit,
702 815 748 877 vel
768 816 834 896 quis
851 817 966 880 tandem
981 821 1085 882 modus
1107 821 1197 884 vestri
1219 840 1304 884 crro-

95 921 161 984 ris?
205 918 381 998 „Legimus‚
410 917 561 996 inquiunt,
589 917 618 978 in
641 916 786 996 Propheta
807 917 897 980 Amos
924 919 997 982 haec
1018 921 1071 984 Dei
1091 923 1194 984 verba:
1226 923 1307 998 Quia

96 1041 187 1097 „socc
209 1039 259 1103 ega
280 1021 410 1100 firmana
433 1023 551 1100 tonitru
572 1027 602 1080 et
623 1037 730 1081 creans
752 1023 894 1098 spiritum
919 1033 949 1083 ct
979 1027 1168 1086 annuncians
1190 1025 1229 1087 acl
1250 1025 1304 1088 ba-

96 1127 213 1198 „aninas
238 1122 391 1184 Christum
411 1125 484 1191 etus,
506 1121 624 1200 saunas
647 1119 812 1182 diluculum
832 1133 861 1183 at
882 1123 1019 1186 nebulum
1040 1134 1068 1186 at
1088 1125 1228 1205 gradiens
1250 1145 1306 1188 su-

96 1245 175 1307 „par
203 1222 322 1287 succisa
350 1234 466 1292 terrae,
500 1220 647 1284 Dominus
669 1220 751 1284 Deus
780 1226 964 1303 arnuipateus
994 1243 1099 1287 namara
1121 1227 1188 1305 ipsi.
1232 1223 1304 1286 lndc

96 1324 243 1402 „adducti
259 1324 386 1396 luimus,
408 1333 442 1384 ut
462 1322 595 1395 Arianis,
618 1322 666 1401 qui
688 1323 829 1403 Spiritum
851 1333 983 1386 sanctum
1005 1343 1066 1388 rem
1089 1333 1213 1388 creatam
1234 1345 1304 1388 esse

8 1463 9 1468 κ
95 1429 242 1502 „docent,
272 1425 517 1488 assentiremur.“
560 1424 603 1484 An
634 1442 702 1503 ergo
719 1425 821 1520 ,quods
839 1426 915 1504 apud
942 1428 1032 1489 Amos
1061 1435 1156 1490 exstat
1179 1425 1302 1507 legistis,

98 1529 172 1608 quod
194 1537 289 1590 autem
311 1527 341 1588 in
356 1524 524 1586 Proverbiis
546 1524 668 1588 dicitur:
690 1524 836 1588 Dominus
853 1533 966 1590 creauit
979 1547 1025 1592 tna
1044 1533 1164 1592 initium
1184 1533 1302 1592 ciarum

98 1649 218 1693 suarum
237 1633 270 1691 in
293 1647 386 1708 opera
408 1646 479 1699 sua,
513 1645 549 1687 an
571 1626 683 1706 legistis
705 1645 761 1688 nec
782 1626 843 1690 ne?
886 1628 1003 1709 Ergone
1024 1630 1103 1692 istud
1123 1629 1301 1693 Proverbia-

94 1750 154 1794 rutn
176 1752 212 1795 ex
232 1732 356 1793 veritate
378 1728 627 1808 interpretamini,
656 1747 693 1790 ne
722 1729 855 1790 videlicet
875 1730 1001 1793 Verbum
1023 1751 1086 1794 rem
1107 1737 1232 1793 orcatmn
1253 1729 1300 1792 di·
1352 1809 1356 1820 Ι

91 1834 175 1908 catis,
199 1833 270 1894 ihud
293 1839 391 1893 autem
412 1831 578 1910 Prophetae
599 1829 677 1892 nulla
700 1831 941 1910 interpretatione
963 1833 1129 1914 explicatis,
1158 1832 1210 1895 sed
1229 1850 1302 1894 voce
1342 1891 1343 1896 ,

89 1939 216 2014 spiritus
238 1932 440 1996 tantummodo
463 1932 560 1994 audita
583 1931 885 2010 Spiritum-sanctum
914 1951 979 1994 rem
1007 1941 1133 1996 creatam
1159 1933 1215 1996 dici
1238 1933 1301 1995 exi-

88 2033 238 2098 stimulis?
280 2033 368 2114 Atqui
390 2033 421 2094 in
442 2031 610 2094 Proverbiis
633 2033 782 2110 Sapientia
803 2043 903 2113 aperte
924 2034 994 2096 dicit
1015 2040 1127 2098 creauit
1146 2053 1202 2097 me.
1243 2035 1301 2097 Ve-

88 2145 252 2198 rumtamen
273 2145 354 2198 recte
376 2153 429 2196 vos
452 2134 560 2195 dictum
583 2132 652 2194 illud
675 2132 714 2194 ita
736 2134 886 2214 excipitis,
919 2143 1031 2196 utnon
1054 2135 1223 2196 creatricem
1243 2134 1299 2196 Sa·

88 2239 227 2320 pientiam
250 2238 341 2300 rebus
364 2235 470 2298 creatis
492 2234 703 2296 annumeretis.
746 2235 796 2296 Sic
816 2235 904 2313 igitur
924 2253 981 2296 vox
1002 2236 1048 2295 illa
1063 2234 1298 2318 Prophetacnon
1342 2239 1350 2255 '

89 2341 233 2420 Spiritum
256 2346 388 2400 sanctum
411 2338 546 2409 denotat,
574 2336 626 2397 sed
655 2345 767 2398 tantum
796 2336 831 2397 de
852 2334 957 2414 spiritu
978 2335 1094 2396 dicitur.
1136 2335 1207 2396 Cum
1229 2352 1298 2414 erga

88 2440 181 2518 multa
202 2439 292 2500 sitin
314 2438 471 2517 Scripturis
492 2437 647 2518 spirituum
670 2436 843 2509 differentia,
865 2444 1036 2516 rectumque
1051 2455 1171 2498 sensum
1190 2435 1299 2499 habero

91 2539 192 2619 possit
212 2539 269 2600 iste
291 2539 453 2618 Scripturas
475 2540 569 2612 lacus,
593 2557 645 2600 cur
666 2557 721 2599 vos
742 2538 822 2600 velut
841 2537 959 2618 litigiosi
977 2545 1027 2600 aut
1041 2537 1186 2620 serpentis
1198 2527 1298 2602 ‘triam

88 2659 194 2713 morsu
221 2641 338 2703 ulcerati
366 2643 403 2703 de
425 2641 537 2722 Spiritu
566 2651 665 2703 sanato
688 2639 861 2720 prophetam
883 2641 971 2703 hmos
999 2640 1080 2720 loqui
1107 2639 1297 2715 arbitramini,

86 2763 124 2804 ne
147 2741 261 2805 scilicet
282 2744 402 2806 medere
423 2743 586 2817 desistatis,
611 2743 752 2822 Spiritum
774 2750 906 2804 sanctum
928 2761 990 2805 rem
1012 2749 1136 2803 orcamm
1158 2739 1248 2804 esse?

174 3151 202 3211 t.
247 3147 341 3209 Dicite
362 3147 482 3221 amabo,
511 3165 547 3209 an
576 3147 605 3208 in
629 3146 724 3228 aliquo
746 3147 860 3209 divinae
881 3145 1047 3226 Scripturas
1068 3145 1133 3206 loeo
1154 3145 1295 3225 Spiritum

86 3256 218 3311 sancurm
244 3249 415 3328 simpliciter
436 3250 571 3330 spiritum
595 3249 651 3310 dici
673 3249 841 3327 reperiatis,
870 3247 935 3309 sine
962 3234 1057 3308 addita
1084 3265 1155 3308 voce
1175 3245 1222 3308 ael
1241 3245 1295 3308 Dei

86 3349 130 3411 rel
151 3350 252 3414 Patris
273 3350 412 3412 aunei
438 3350 484 3412 vel
511 3350 605 3431 ipsius
628 3349 735 3412 Christi
756 3359 786 3412 et
805 3341 885 3423 Filii,
917 3347 963 3410 vel
984 3367 1000 3410 a
1021 3365 1083 3421 me,
1111 3346 1189 3428 quod
1211 3354 1297 3410 esta

84 3448 156 3526 Deo,
178 3451 227 3514 rel
249 3451 307 3513 nisi
330 3471 395 3514 cum
418 3451 549 3526 artiurlo,
573 3453 613 3513 ita
634 3459 747 3513 utnon
769 3450 890 3531 spiritus
912 3450 1007 3512 solum
1028 3449 1148 3524 dicatur,
1176 3447 1296 3510 sedvel

82 3551 130 3614 ille
151 3551 284 3635 Spiritus
312 3554 357 3615 vel
386 3553 513 3633 Spiritus
543 3563 661 3618 sanctus
687 3553 731 3616 vel
760 3553 919 3616 Paraclitus
947 3553 991 3615 vel
1020 3551 1166 3627 veritatis,
1194 3551 1227 3634 'id
1249 3559 1297 3615 cst

80 3819 129 3871 quc
148 3807 179 3856 ad
197 3799 231 3854 τὸ
250 3803 355 3871 πνεῦμα
371 3801 403 3854 τὸ
422 3797 516 3871 ἅγιον,
541 3807 627 3858 desum
645 3809 668 3858 in
718 3810 774 3860 aditi
792 3801 921 3875 φανερόν.
961 3807 1012 3857 llcx
1030 3807 1085 3869 lleg.
1103 3805 1126 3856 2.
1150 3797 1236 3854 &aaut
1251 3796 1294 3870 με’

52 3873 57 3879 “
82 3889 127 3924 ms.
145 3874 221 3923 Dasil.
716 3877 760 3928 Alii
778 3885 801 3926 st
819 3877 875 3926 editi
890 3889 925 3942 με
944 3876 1061 3926 omittant

116 3957 137 3992 c.
158 3943 217 4003 lieg.
238 3938 260 3990 2.
279 3954 318 3988 uu
337 3935 354 3988 ἆ
371 3939 420 3991 τοῦ
433 3933 525 4009 Ἀμώς.
562 3943 667 3994 llarSs·
751 3945 768 3994 l.
785 3936 814 3992 t»
832 3945 899 3994 abest
916 3959 928 3992 n
947 3943 1042 3994 Gablar.
1061 3950 1084 3992 et
1100 3941 1203 3991 Falclm.
1216 3940 1238 3990 l.

81 4025 149 4072 guar.
169 4003 184 4056 ὁ
202 3999 297 4074 κύριος
313 3955 400 4059 iuriae
417 4019 462 4060 eta.
751 4027 773 4072 g.
789 4011 829 4062 Sia
852 4011 908 4074 fleg.
925 4011 946 4061 l.
990 4010 1067 4060 Ceteri
1093 4017 1118 4058 at
1140 4009 1197 4058 editi
1217 4001 1296 4059 πνεύ-

115 4077 139 4126 d.
159 4079 202 4127 Sic
221 4077 312 4138 liegl.
355 4079 505 4128 Ceteriaem
523 4087 546 4128 et
564 4071 667 4128 editici
717 4091 811 4143 putas·
1079 4113 1080 4116 =

81 4137 111 4191 δὲ
129 4135 159 4203 ἐν
177 4143 240 4196 ταῖς
248 4141 407 4212 παροιμίαις
415 4138 569 4212 λεγόμενον,
588 4145 667 4194 τοῦτο
750 4147 773 4196 h.
791 4147 831 4196 Sic
848 4146 904 4208 lisg.
925 4146 945 4195 l.
964 4145 1060 4209 Saguer.
1079 4144 1175 4196 Gohlar.
1209 4144 1254 4194 ltti
1272 4151 1296 4194 et

78 4207 138 4275 μέν.
176 4213 237 4262 ltsm
257 4226 309 4261 mar
329 4213 417 4274 negt.
435 4213 669 4276 inglinflablsnet
716 4213 772 4264 editi
789 4206 946 4280 εὑρίσκεται.

82 4280 188 4329 l'elcltm.
200 4283 222 4328 1.
236 4271 272 4331 ais
289 4271 344 4346 ἔχει
361 4275 495 4341 ἀληθείας.
522 4283 566 4332 Alii
577 4289 600 4332 et
611 4282 667 4332 editi
751 4283 765 4332 i.
789 4283 845 4344 hag.
859 4283 880 4331 l.
897 4291 920 4331 et
931 4283 1001 4342 Saga.
1019 4271 1035 4339 ἢ
1053 4277 1101 4327 τοῦ
1114 4275 1229 4356 χριστοῦ
1247 4284 1291 4325 stc.

81 4339 117 4400 ώς
133 4339 192 4410 ἔχει
210 4339 226 4405 ἡ
245 4338 365 4406 ἀλήθεια.
750 4349 772 4398 lr.
785 4337 1292 4412 negociatusoutnttlttartnvstpo.

115 4429 135 4463 e.
155 4417 198 4464 Sic
219 4404 303 4477 llegius
321 4418 413 4480 primus
431 4425 455 4467 st
471 4419 605 4477 secundus,
622 4419 667 4468 Se·
716 4416 807 4466 lhidsm
824 4409 856 4464 rai
872 4419 909 4468 bis
927 4431 981 4467 maa
998 4430 1065 4481 sequ.
1076 4415 1144 4464 deant
1160 4412 1184 4460 in
1201 4409 1257 4470 ling.
1270 4408 1293 4456 l.

80 4493 146 4540 guen.
165 4481 243 4534 hasil.
260 4484 348 4545 anglio.
368 4493 390 4535 et
408 4485 521 4537 Ottabon.
556 4487 632 4538 Ceteri
644 4493 668 4536 et
717 4492 740 4536 et
756 4485 854 4547 Sagras.
