3054 5304
168 185 178 202 ⁸
206 199 270 266 628
288 219 293 239 ’
603 215 629 257 s.
644 211 797 257 κτοικιεα
811 211 1034 256 nemmem

119 359 303 434 Ρ-θθιεῖναι.
341 363 450 448 εἰμὲν
470 355 613 448 γὰρούκ
634 361 724 428 ἔστιν
745 359 780 428 ἐκ
800 363 858 428 τοῦ
881 363 966 427 θεοῦ
988 354 1006 426 ό
1029 359 1134 447 λόγος,
1156 359 1295 438 εἰκότως
1322 353 1374 428 ἃν
1396 357 1471 428 αό-

205 465 264 532 τὸυ
285 460 437 550 άρνοίντο
460 457 545 530 εἶναι
565 460 653 545 υίόν,
671 462 707 530 εἰ
729 463 765 529 δὲ
787 461 821 529 ἐκ
842 462 902 528 τοῦ
924 464 1009 529 θεοῦ
1032 459 1118 540 ἐστι,
1149 462 1239 528 όιατί
1260 460 1307 547 μὶ
1340 487 1467 530 συνσ-

205 569 309 652 ριόσὶν
330 560 384 632 ότι
404 564 445 632 τό
467 565 502 632 ἔκ
522 589 613 644 τινος
626 560 774 650 ὑπάρχον
789 562 860 656 υἱός
876 563 968 630 ίστιν
983 563 1117 643 ἐκείνου,
1141 561 1177 642 ἒξ
1189 551 1229 629 οὗ
1243 561 1306 629 καὶ
1324 565 1460 648 ἔστιν,-

205 662 277 735 είτα
299 666 408 735 εἰτοῦ
429 666 529 754 λόγου
551 666 661 754 πατήρ
684 665 773 734 ἐστιν
796 661 817 732 5
835 664 927 746 θεός,
953 666 1043 732 όιατί
1062 665 1108 751 μὴ
1130 663 1185 732 καὶ
1206 661 1353 751 όλόγος
1371 669 1458 748 υἱός

204 763 246 836 όν
273 769 324 857 εἴη
350 772 410 836 τοῦ
439 769 556 836 ἑαυτοῦ
584 767 730 855 πατρός,·
765 767 875 854 πατὴρ
903 766 965 853 γάρ
994 773 1046 846 τίς
1067 766 1139 834 ἐστι
1159 770 1214 833 καὶ
1236 768 1383 852 λέγεται
1409 763 1454 836 οἶ·

205 869 295 940 ἐστιν
323 867 342 940 ό
371 869 457 950 υἱός,
491 872 546 938 καὶ
574 869 646 949 υἱός
666 875 717 949 τίς
739 869 811 938 ἐστι
831 867 886 936 καί
908 871 1038 955 λέγεται
1060 867 1198 948 ἐκείνου,
1232 859 1272 934 οὗ
1296 869 1405 938 ἔστιν
1428 871 1448 940 ό

203 972 325 1062 πατήρ.
373 973 403 1041 εί
427 977 539 1040 τοίνυν
564 974 623 1038 τοῦ
645 975 793 1059 Χριστοῦ
824 965 882 1038 οὐκ
911 971 983 1038 ἔστι
1002 971 1113 1060 πατὴρ
1135 966 1153 1036 ό
1175 969 1274 1051 θεός,
1311 968 1445 1042 οόόὲό

205 1074 303 1162 λόγος
324 1074 396 1155 υἱὸς
418 1069 459 1142 ἂν
481 1075 541 1162 ε’ίη,
565 1073 595 1141 εί
616 1074 652 1142 όὲ
674 1072 801 1162 ’πατὴρ
824 1069 841 1140 ό
864 1071 954 1153 θεός,
980 1071 1113 1150 εἰκότως
1134 1065 1174 1138 όν
1196 1073 1247 1160 είή
1263 1078 1323 1141 καὶ
1339 1072 1362 1141 v5
1381 1078 1441 1144 λό-

202 1201 262 1264 γος
283 1176 363 1258 υίός.
402 1177 431 1246 εί
453 1173 646 1264 ὁλόπυρον
667 1177 727 1261 μὲν
749 1175 859 1263 πατὴρ
880 1177 934 1241 καὶ
956 1177 1090 1260 πρῶτον
1110 1173 1202 1254 θεός,
1226 1170 1437 1261 Ι”Αρειανιῖα

108 1277 112 1286 ’
203 1281 264 1364 μὲν
285 1278 324 1346 τὸ
347 1278 516 1368 φρόνημα·
539 1279 656 1346 ἔπειτα
676 1277 805 1372 άτσπσν
825 1275 1095 1364 μεταβάλλεσθαι
1115 1275 1172 1342 τὸν
1193 1274 1289 1356 θεόν,
1317 1303 1435 1366 σωμα-

191 1381 295 1450 .τικὸν
316 1382 387 1469 γάρ.
425 1381 456 1450 εἰ
477 1382 514 1448 όὲ
536 1377 646 1468 ιόςπερ
667 1378 726 1448 ἐπὶ
746 1383 805 1470 τῆς
824 1385 962 1458 κτίσεως
982 1373 1119 1464 ὕστερον
1132 1377 1292 1464 ποιητής,
1320 1381 1428 1452 ἰστέον

204 1479 345 1550 ὅτιτῶν
367 1489 562 1570 ’γινομένων
584 1479 720 1570 όστερόν
742 1483 832 1550 ἐστιν
853 1477 873 1567 ἡ
895 1480 1071 1568 μεταβολή,
1095 1473 1168 1564 οόχὶ
1189 1483 1248 1546 τοῦ
1271 1487 1377 1551 θεοῦ.

292 1591 341 1652 16.
385 1585 428 1652 Et
448 1586 509 1670 μὲν
531 1574 588 1652 σόν
610 1591 739 1673 ποίημα
760 1590 815 1652 καί
838 1580 878 1650 ¹¹5
899 1583 984 1662 υἱός,
1007 1583 1115 1661 καλῶς
1137 1577 1177 1649 όν
1198 1578 1345 1670 ὕστερον
1369 1615 1420 1654 πα

202 1683 262 1770 τὴρ
284 1684 341 1750 καὶ
362 1679 413 1752 ἐπ’
438 1680 548 1765 αὐτοῦ,
573 1686 603 1753 εί
625 1688 661 1753 δὲ
683 1682 720 1753 οό
743 1693 873 1774 ποίημα
895 1682 914 1751 5
936 1683 1017 1765 υίός,
1040 1679 1092 1752 άεί
1115 1682 1180 1771 ἄρα
1195 1682 1360 1775 όπατὴρ,
1380 1687 1413 1756 ιἰί

202 1783 258 1852 καί
281 1781 300 1849 5
321 1784 402 1862 υἱός.
441 1785 470 1852 εἰ
493 1786 529 1852 δὲ
551 1780 602 1852 άελ
625 1783 661 1853 ‘5
682 1787 769 1868 υἱός,
804 1783 903 1866 αὐτὸς
924 1782 964 1856 όν
986 1788 1036 1875 ε’ίη
1060 1781 1079 1853 5
1101 1787 1206 1874 λόγος.
1244 1787 1276 1854 εἷ
1298 1791 1368 1880 γὰρ
1387 1793 1414 1876 ρ’,

202 1885 275 1966 υἱός
303 1887 353 1974 εἴη
383 1883 400 1954 5
429 1885 540 1972 λόγος,
570 1889 624 1953 καὶ
646 1889 745 1956 τοῦτό
766 1913 818 1968 τις
840 1885 1041 1974 άπστολμῶν
1064 1889 1171 1969 ε’ίποι,
1203 1883 1224 1977 ἢ
1246 1890 1421 1980 τὸνλόγον

178 1994 333 2082 πατέρα
359 1990 446 2076 λέγει
472 1983 493 2077 ἢ
519 1987 578 2055 τόν
605 1988 676 2057 υἱὸν
704 1998 875 2078 κρείττονα
901 1993 961 2058 τοῦ
984 1989 1092 2078 λόγου.
1129 1995 1188 2058 τοῦ
1209 1991 1274 2079 γὰρ
1297 1996 1426 2064 υλοῦίν

202 2089 343 2172 κόλποις
371 2089 467 2171 όντσς
494 2093 553 2158 τοῦ
582 2091 754 2180 πατρός“),
789 2090 909 2180 ἀνάγκη
938 2087 959 2179 ἢ
985 2091 1030 2181 μὴ
1059 2087 1144 2160 εἶναι
1165 2093 1236 2179 πρὸ
1257 2097 1346 2162 ὐίσό
1366 2099 1424 2166 τόν

202 2191 316 2282 λόγον,
340 2189 436 2262 οὐδὲν
457 2192 520 2282 γάρ
542 2193 612 2262 ἐστι
635 2195 702 2281 πρὸ
724 2198 783 2262 τοῦ
806 2193 902 2274 ὄντας
924 2194 957 2262 ἐν
979 2197 1026 2282 τῷ
1048 2201 1168 2282 πατρί,
1190 2189 1213 2282 ἢ
1235 2197 1267 2264 εί
1286 2192 1303 2261 5
1320 2197 1419 2280 λόγος

203 2294 303 2376 άλλος
325 2296 397 2365 ἐστὶ
417 2297 511 2383 παρὰ
534 2297 592 2364 τὸν
613 2296 694 2376 υἱόν,
718 2292 736 2362 5
759 2296 855 2384 λόγος
877 2291 916 2364 όν
940 2295 991 2383 ε’ίη
1015 2291 1033 2362 5
1055 2294 1175 2383 πατήρ,
1200 2297 1235 2366 ἐν
1258 2287 1410 2386 ᾦέστινό
1516 2329 1524 2406 η

124 2453 133 2472 .
202 2398 283 2476 υἱός.
322 2399 352 2466 εί
379 2399 415 2466 δὲ
444 2393 501 2464 οόκ
523 2399 612 2465 ἔστιν
636 2393 654 2464 5
676 2397 771 2485 λόγος
792 2399 918 2488 πατήρ,
950 2393 1035 2464 όλλὰ
1055 2396 1166 2484 λόγος,
1197 2398 1289 2478 ἐκτός
1309 2393 1343 2466 ἂν
1363 2397 1407 2486 ε’ίη

202 2492 221 2560 ό
244 2497 340 2584 λόγος
360 2501 420 2565 τοῦ
442 2499 579 2584 πατρὸς,
603 2497 699 2578 ὄντος
719 2503 778 2566 τοῦ
800 2501 873 2568 υίοῦ
896 2501 930 2568 ἐν
951 2510 1024 2578 τοῖς
1044 2498 1184 2578 κόλποις
1202 2504 1261 2566 τοῦ
1280 2501 1412 2587 πατρός.

157 2679 160 2690 Ι
203 2592 241 2664 οὗ
268 2598 329 2687 γὰρ
358 2593 546 2687 άμφότερα,
577 2597 644 2680 ό,τε
665 2601 760 2687 λόγος
779 2601 837 2668 καὶ
859 2597 877 2668 ό
899 2601 985 2681 υίός,
1014 2601 1048 2668 ἐν
1069 2611 1143 2681 τοῖς
1163 2589 1306 2678 κόλποις,
1340 2597 1408 2666 ἀλλ’

202 2701 261 2767 ἕνα
282 2696 367 2770 εἶναι
389 2702 515 2770 δεῖκαὶ
538 2703 655 2769 τοῦτον
676 2701 734 2769 τὸν
756 2702 843 2784 υἱόν,
868 2699 905 2782 ός
927 2702 998 2770 ἔστι
1019 2702 1195 2789 μονογενής.
1220 2702 1281 2780 1καὶ
1304 2700 1404 2767 πόλιν

202 2801 232 2868 εί
254 2798 353 2882 άλλος
373 2802 483 2871 ιἐστίν
513 2799 531 2870 5
553 2802 650 2890 λόγος
670 2807 724 2870 καί
748 2803 847 2884 ἄλλος
870 2801 888 2871 5
909 2803 997 2886 οἶός,
1027 2812 1177 2892 κρείττων
1196 2795 1409 2890 εὑρεθήσεται

121 2947 125 2956 .
202 2900 220 2970 5
243 2903 315 2985 υίὸς
336 2907 395 2972 τοῦ
417 2903 525 2993 λόγου,
551 2901 659 2986 οόόεὶς
679 2905 740 2992 γὰρ
762 2907 915 2994 γινώσκει
935 2904 993 2974 τὸν
1015 2914 1146 2994 πατέρα
1167 2905 1195 2974 εἰ
1214 2901 1255 2990 μὴ
1272 2898 1415 2984 ὃυὶόςἺ,

202 3002 260 3093 οὐχ
283 3003 301 3076 5
323 3006 428 3094 λόγος.
465 3003 488 3096 ἢ
508 3014 619 3075 τοίνυν
642 3005 699 3076 οὐκ
721 3003 809 3076 οἶδεν
833 3005 851 3075 5
874 3007 986 3095 λόγος,
1009 3003 1031 3096 ἢ
1053 3009 1082 3076 εί
1104 3004 1207 3088 οἶδεν,
1234 3007 1357 3092 ψεῦδος
1378 3007 1417 3072 τὸ

113 3108 311 3191 νακοσόόείς
337 3109 498 3198 γινώσκει.
542 3109 582 3177 τό
610 3105 690 3178 αὐτὸ
713 3110 749 3177 όὲ
770 3113 824 3178 καὶ
847 3111 904 3178 ἐπὶ
925 3114 984 3178 τοῦ
1007 3107 1025 3176 5
1048 3109 1201 3197 ἑωρακὼς
1222 3107 1277 3194 ἐμὲ
1300 3107 1419 3196 ἑώρακε

200 3212 258 3278 τὸν
280 3216 448 3299 πατίραῧ),
470 3214 525 3279 καὶ
548 3211 611 3298 ἐγὼ
632 3215 686 3280 καί
710 3207 727 3278 5
750 3212 858 3300 πατὴρ
882 3213 916 3280 ἕν
938 3211 1074 3301 ἐσμενίγ,
1098 3213 1171 3279 οἱοῦ
1192 3209 1254 3299 γάρ
1270 3210 1334 3278 εἰσι
1348 3236 1420 3299 φω-

201 3319 271 3394 ναί,
302 3311 358 3379 καὶ
385 3309 422 3379 οὐ
452 3313 549 3399 λόγου
580 3309 648 3380 κατ’
673 3310 808 3393 αὐτούς·
841 3316 940 3402 δῆλον
969 3315 1007 3382 όὲ
1036 3309 1105 3382 άπὸ
1126 3317 1194 3380 τῶν
1216 3307 1414 3399 εὐαγγελίων.

200 3413 303 3481 ΙΙκατόι
323 3413 385 3500 γάρ
408 3412 465 3480 τόν
483 3409 632 3504 Ἰωάννην
655 3416 805 3503 λέγοντος
825 3421 884 3483 τοῦ
906 3424 1037 3503 κυρίου·
1060 3413 1122 3503 ἐγὼ
1143 3413 1199 3482 καὶ
1220 3409 1240 3482 5
1261 3413 1367 3502 πατὴρ
1380 3415 1412 3480 ἕν

202 3516 309 3600 ἐσμεν,
333 3513 519 3600 ἐβάστασαν
541 3518 660 3596 λίθους
682 3518 715 3584 σί
733 3513 895 3597 Ἰουδαῖοι,
919 3518 975 3584 ἵνα
990 3517 1179 3586 λιθάσωσιν
1194 3513 1305 3584 αὐτόν.
1339 3511 1414 3584 άπε-

116 3661 121 3667 -
200 3623 300 3705 κρίθη
324 3610 438 3697 αὐτοῖς
460 3613 478 3684 ό
497 3611 634 3705 Ἰησοῦς·
657 3619 767 3685 πολλὰ
790 3619 868 3705 ἔργα
889 3619 973 3685 καλὰ
996 3619 1104 3700 ἔδειξα
1124 3614 1202 3705 όμῖν
1225 3618 1260 3686 ἐκ
1280 3623 1340 3686 τοῦ
1354 3643 1422 3684 πα-

199 3719 293 3809 τρός,
324 3717 380 3786 όιόι
408 3730 510 3788 ποῖον
532 3716 654 3788 ἰαὐτῶν
676 3719 769 3806 ἔργον
792 3719 848 3805 ἐμὲ
863 3719 1044 3805 ,λιθόζετες
1079 3716 1310 3808 ἀπεκρίθησαν
1331 3714 1424 3806 αὐτῷ

200 3823 233 3888 οἱ
251 3815 423 3888 Ἰουδαῖοι·
445 3821 526 3912 περὶ
546 3824 646 3891 καλοῦ
670 3821 764 3909 ἔργου
788 3819 826 3889 οὐ
848 3821 1030 3909 λιθάζομέν
1053 3847 1098 3904 σε,
1123 3819 1207 3890 ἀλλὰ
1227 3819 1307 3908 περὶ
1321 3822 1427 3904 βλας-

200 3929 326 4010 φημίας
347 3927 421 3993 ’καί
446 3922 499 3992 ότι
520 3924 560 3992 σὺ
584 3924 767 4011 ἄνθρωπος
782 3919 828 3993 ὢν
843 3935 955 4004 ποιεῖς
970 3925 1107 3994 σεαυτὸν
1121 3923 1213 3994 θεόν.
1253 3917 1426 4012 ἀπεκρίθη

269 4113 480 4176 1J102n.1‚18.
551 4113 576 4174 2)
595 4113 675 4164 nauh.
696 4115 736 4175 11,
754 4115 794 4167 27.
865 4117 1079 4177 3)loan.14,9.
1149 4116 1175 4176 4)
1194 4116 1260 4166 Ιοιο.
1280 4114 1321 4177 10,
1340 4114 1379 4164 30.

232 4264 253 4298 ο.
272 4252 329 4312 Reg.
349 4241 373 4298 εἰ
390 4243 420 4296 όί
437 4241 451 4294 5
468 4240 559 4312 πατὴρ
578 4241 592 4294 ό
610 4244 681 4302 θεός.
868 4252 890 4300 d.
909 4253 949 4301 Sic
967 4253 1022 4314 [leg.
1041 4253 1140 4316 Seguer.
1159 4262 1183 4302 τι
1198 4253 1295 4305 (ἴουλον.
1332 4251 1429 4303 Ιυιϋίε

230 4315 254 4365 b.
274 4317 344 4367 Βκείί.
364 4323 387 4364 οι
403 4313 494 4378 Angue.
508 4305 645 4382 Ἀρειανὸν
667 4313 719 4384 μέν
735 4327 781 4372 etc.
834 4328 857 4369 οι
874 4321 944 4369 edilis
963 4312 977 4368 5
996 4322 1072 4370 deest

231 4399 251 4433 c.
270 4387 327 4448 Reg.
348 4385 445 4446 Seguer.
464 4383 538 4432 Basil.
558 4392 581 4434 ει
598 4386 688 4446 λοςΙία.
705 4400 780 4452 γινο-
867 4403 887 4438 ε.
907 4388 962 4450 λος.
982 4398 1005 4438 οι
1023 4389 1121 4451 Seguer.
1140 4379 1182 4437 άεί
1199 4379 1263 4440 υἱός.
1300 4387 1379 4438 Celeri
1401 4395 1430 4438 ει

222 4442 294 4502 'vtum
331 4445 376 4502 λΙίί
394 4459 490 4514 vemet
508 4451 563 4503 editi
581 4451 744 4521 γενομένων.
833 4457 890 4508 edili
908 4447 950 4506 ἀεὶ
967 4449 981 4506 5
1000 4448 1065 4511 υἱός.
