3102 5042
486 261 632 304 sersaoni
648 261 668 304 r.
684 261 720 304 no
737 259 932 303 sanssronsn.
1249 243 1312 308 697

94 437 153 499 tur,
181 418 276 484 tidelis
306 432 406 476 sermo
434 419 464 474 et
490 409 651 474 immobilis
677 410 726 472 lex
753 409 891 491 spiritus3
925 410 1008 473 cuins
1036 429 1102 472 cum
1124 412 1261 474 Iacobum
1283 420 1312 474 et
1321 428 1397 472 nass.

91 530 228 590 ioannem
257 517 415 580 ministros
444 531 514 576 esse
541 513 628 576 vellet
654 511 815 588 Dominus}
845 512 914 574 illos
942 512 1110 591 Boenerges
1142 513 1312 588 nominavit,

93 629 167 710 quod
197 633 244 686 est
274 619 326 682 tilii
349 616 483 680 tonitrui.
527 614 607 684 liine¹
625 614 751 676 ioannes
774 633 842 676 vere
865 633 881 674 e
904 613 991 676 caelis
1015 613 1134 676 elamat:
1164 612 1202 674 ln
1220 617 1314 694 prin-

93 736 166 812 cipio
189 736 256 790 eost
282 720 417 791 Verium,
441 728 469 780 et
486 716 612 779 Verlnm
634 727 702 778 erot
722 717 804 796 apul
817 715 922 787 Denm,
947 715 1071 778 etDens
1091 713 1314 777 evellentem.
1353 749 1360 768 ι
1403 703 1411 718 '

92 833 153 894 Lex
181 827 288 908 quippe
316 821 401 903 prius
430 817 564 880 umbram
593 817 760 878 futurorum
787 815 934 878 honorum
965 815 1077 878 hahuit.
1122 815 1195 877 Cum
1217 823 1316 876 antem

93 934 230 996 Christus
251 922 422 988 hominibus
445 917 640 981 annunciatus
663 925 727 990 est,
760 925 790 978 et
817 917 882 998 ipse
910 917 1004 979 adluit
1024 916 1143 978 dicens:
1173 916 1244 998 lpse
1266 919 1320 998 qni

95 1037 204 1118 loquor
224 1029 344 1100 oolsnm;
369 1034 450 1096 tone,
474 1028 507 1082 ut
528 1019 602 1082 dixit
620 1019 741 1092 Paulus
764 1021 827 1081 eins
842 1004 904 1082 oon
925 1029 1042 1080 terram
1064 1021 1225 1089 concussit,
1250 1036 1318 1090 erem

95 1139 126 1199 il
142 1137 231 1217 prins
249 1128 405 1211 pollicitos
428 1134 520 1188 esset:
543 1122 647 1184 illone
661 1120 751 1184 semel
766 1135 816 1200 eoo
838 1121 960 1183 mooeto
982 1138 1044 1184 non
1066 1118 1166 1182 solnm
1188 1131 1315 1192 terrem,

95 1239 146 1300 ssol
166 1247 195 1298 et
223 1231 345 1296 ooelnm.
395 1226 485 1301 Qnooi
512 1234 614 1286 ontem
639 1221 737 1284 ellos
764 1220 854 1284 semel
881 1219 1135 1294 dieit‚.·leeloret
1154 1219 1319 1283 mobilium

95 1336 342 1402 translationem,
364 1339 399 1390 nt
420 1335 562 1388 moneant
583 1342 633 1393 eo,
656 1341 730 1404 quoe
753 1335 826 1386 sont
847 1322 1019 1386 immobilia.
1064 1320 1168 1402 itoqne
1190 1339 1318 1402 reynom

96 1436 240 1504 immobile
262 1434 458 1512 suscipientes
482 1427 621 1490 lolemns
643 1427 783 1504 yrotiom,
803 1441 862 1504 per
884 1443 972 1505 quom
992 1425 1141 1485 servimus
1159 1407 1316 1503 ⁴relerentes

100 1542 167 1604 Deo.
211 1534 300 1610 Quod
328 1540 425 1594 antem
453 1527 502 1589 hio
522 1524 673 1588 immobile
694 1541 818 1604 regnum
840 1524 1032 1598 dioit‚‘'idem
1062 1524 1209 1586 firmatum
1239 1522 1319 1586 eanit

100 1641 200 1704 David:
221 1639 371 1701 Dominus
394 1633 547 1712 regnavit,
573 1629 708 1702 decorem
728 1627 841 1699 inlinit,
864 1627 965 1690 incinit
985 1625 1133 1698 Dominus
1154 1625 1318 1705 [ortitnli-
1379 1603 1382 1614 ’

97 1763 159 1807 nem
179 1752 207 1804 et
231 1758 266 1802 eo
284 1736 514 1820 praesensisse.
558 1729 677 1792 illenim
690 1729 827 1810 firneooit
842 1728 944 1791 oriem
958 1738 1070 1799 terroe,
1093 1731 1146 1810 oni
1158 1745 1221 1789 non
1238 1741 1318 1788 eoen-

94 1845 274 1910 mooettter.
318 1838 419 1916 itaque
441 1832 519 1912 quod
542 1851 559 1894 a
580 1830 728 1910 Propheta
750 1829 858 1892 dictant
881 1836 945 1901 est,
978 1826 1137 1890 salvatoris
1160 1827 1405 1890 adventumssss.

96 1946 250 2028 significat,
273 1941 305 2002 in
327 1956 385 2018 quo
409 1944 439 1998 et
459 1954 516 1996 nos
538 1932 671 1996 renovati
693 1950 797 1994 sumus
820 1938 850 1992 et
869 1931 918 1992 lex
933 1930 1057 2011 spiritus
1072 1927 1231 1991 immobilis
1245 1945 1318 2006 per-

95 2054 220 2112 severat
264 2042 324 2105 Sed
346 2040 386 2102 ilii
410 2057 479 2100 vere
497 2036 617 2116 'inopini
640 2053 694 2096 seu
715 2031 869 2094 versatiles
892 2031 1012 2092 saedere
1034 2048 1099 2092 oum
1114 2027 1230 2090 Arianis
1245 2028 1319 2089 inito

94 2171 127 2214 ae
149 2151 228 2212 inter
257 2164 290 2208 se
318 2141 468 2222 impietate
498 2138 640 2200 adversus
661 2133 846 2196 Divinitatem
870 2132 972 2206 divise,
996 2139 1030 2193 nt
1050 2129 1184 2190 videlicet
1204 2128 1245 2190 iiii
1267 2128 1319 2189 Fi-

94 2253 183 2324 ssum,
206 2247 264 2330 ipsi
286 2243 429 2324 Spiritum
451 2259 515 2302 rem
538 2231 669 2300 creatam
688 2254 756 2298 esse
778 2241 926 2314 pugnent,
954 2242 1076 2310 tropum
1105 2237 1139 2289 ut
1159 2229 1248 2290 iidem
1270 2227 1318 2288 io-

94 2361 236 2435 qnuntnr‚
259 2349 416 2426 effingere,
439 2351 526 2422 etque
548 2339 619 2402 illud
641 2327 745 2410 etiem,
768 2335 847 2415 quod
869 2341 950 2395 rente
972 2332 1008 2394 ad
1030 2329 1220 2392 Timotheum
1241 2329 1319 2404 sori·

94 2457 157 2535 psit
178 2450 352 2532 Apostolus,
383 2445 459 2508 mele
487 2441 676 2522 interpretari
703 2439 767 2502 ausi
794 2445 875 2499 sunt.
927 2435 1046 2506 Testor,
1077 2431 1174 2511 inquit
1199 2429 1318 2504 Paulus,

100 2573 205 2618 eoram
225 2551 287 2612 ileo
308 2561 335 2614 et
359 2549 479 2613 Christo
504 2545 573 2608 iesn
596 2553 625 2606 et
647 2542 745 2625 electis
768 2539 896 2621 ortyelis,
925 2548 960 2600 nt
989 2537 1058 2600 loeo
1082 2536 1233 2598 custodies
1254 2537 1320 2596 sine

92 2655 299 2738 prom‘ode'eio,
326 2649 405 2714 niin'l
429 2648 545 2728 foriens
574 2663 613 2708 em
634 2631 822 2708 invitatione.
865 2641 909 2702 Ex
931 2639 1038 2720 quibus
1066 2636 1107 2698 ilii
1130 2633 1319 2708 concludunt,

96 2757 178 2840 qnod
201 2775 266 2818 cum
288 2753 381 2816 Deum
406 2760 436 2812 et
457 2748 606 2810 Christum
629 2743 826 2808 nominaverit
846 2743 1010 2821 deindeque
1032 2736 1172 2817 angelos.
1194 2753 1320 2796 neeesse

96 2869 144 2922 est
166 2857 311 2938 Spiritum
334 2855 412 2915 inter
434 2850 554 2930 angelos
577 2847 775 2918 annumerari,
799 2861 923 2923 eumque
945 2861 980 2904 ex
995 2841 1113 2902 illorum
1132 2855 1200 2904 esse
1216 2835 1320 2898 ordina

99 2971 184 3040 etque
205 2958 341 3039 angelum
369 2955 433 3016 aliis
456 2952 598 3015 maiorem
622 2967 699 3012 esse,
742 2947 842 3008 Primo
865 2947 922 3006 hoc
944 2943 1025 3022 impii
1047 2939 1191 3002 Valentini
1213 2939 1322 2998 inven-

101 3071 162 3124 tum
184 3070 239 3135 est,
262 3076 358 3138 neque
379 3056 448 3118 latet
469 3054 554 3136 ipsos
578 3052 679 3114 eadem
705 3069 739 3112 ae
760 3048 840 3110 iilum
862 3047 954 3126 loqui.
996 3044 1047 3104 iile
1069 3041 1215 3120 siqnidem
1237 3036 1320 3110 dixit,

100 3165 179 3244 qnod
204 3163 300 3225 misso
322 3159 467 3221 Paraolito
496 3174 553 3218 una
580 3172 646 3216 enm
668 3151 718 3214 illo
741 3150 839 3212 coaevi
869 3149 932 3210 eius
960 3145 1054 3225 angeli
1085 3142 1173 3205 missi
1199 3137 1320 3200 inerint

96 3265 211 3328 Deinde
233 3264 303 3326 dnm
326 3261 470 3342 Spiritum
492 3259 529 3321 nd
551 3255 723 3336 angelorum
744 3261 878 3316 naturam
901 3249 1059 3321 deducunt,
1084 3261 1145 3306 non
1167 3241 1323 3304 advertunt

96 3434 186 3474 σοων,
215 3410 370 3478 ἐκλήθησαν
396 3407 424 3462 ol
448 3403 683 3480 πνευματομᾶχοι,
771 3422 793 3469 g.
812 3405 852 3454 Sie
869 3417 953 3454 omnes
972 3417 1031 3451 mss.
1049 3408 1072 3449 et
1089 3393 1322 3448 mitteremini
1376 3445 1382 3462 ⁸

97 3481 232 3559 Τροπικοὶ
249 3478 279 3535 ἐν
291 3477 374 3552 ἀρχῆ·
394 3474 509 3548 ὕστερον
520 3470 615 3530 silvini
626 3476 700 3524 Μα-’
736 3476 807 3525 etiem
827 3473 915 3522 hahent
932 3470 955 3520 4.
975 3485 1033 3520 mss.
1052 3468 1148 3518 codices
1165 3463 1219 3516 novi
1237 3463 1323 3513 Teste·

94 3550 234 3611 κεδονίοο,
252 3531 461 3602 Μοκεθονιανοί.
486 3550 511 3599 id
531 3557 567 3598 est
585 3547 645 3598 Nolo
662 3547 686 3597 S.
736 3543 809 3592 menti
827 3542 883 3590 edit.
902 3537 1062 3590 Oronlhih.
1097 3537 1125 3586 tt
1143 3534 1184 3583 aiii
1200 3522 1324 3597 πρόσκλι-

95 3629 202 3692 Spiritos
220 3625 311 3684 hostel,
331 3623 386 3687 quio
403 3621 479 3670 sorios
498 3625 575 3682 tropos
590 3617 615 3665 in
630 3630 686 3679 pro·
738 3623 783 3659 σιν
801 3607 1001 3675 quemadmodum
1020 3619 1117 3670 quoquo
1136 3600 1324 3664 iegitinterptes

94 3699 131 3744 eis
149 3695 202 3744 seris
220 3689 447 3756 interpretationibus
465 3701 490 3736 se
508 3683 686 3748 moselloredi-
736 3680 835 3729 Latinus
870 3680 895 3726 in
929 3677 1025 3726 silerem
1057 3679 1145 3737 portem
1177 3667 1324 3719 destinando.

96 3769 191 3822 sereni,
211 3761 279 3810 initio
298 3765 390 3809 rocetos
409 3757 483 3821 inisse
502 3754 626 3818 Tropioos:
643 3766 686 3816 po·
736 3747 828 3798 ibidem
847 3745 921 3807 liegii,
940 3743 1020 3793 Ottob.
1040 3734 1324 3802 siguenttasttnngtie.

96 3837 148 3881 stes
166 3843 221 3878 otro
241 3844 255 3877 ο
272 3827 406 3876 Macedonio
417 3823 603 3873 macedonianos.
630 3819 687 3868 iiie
738 3810 900 3883 <pinnensem
935 3811 980 3860 iiii
998 3817 1022 3858 et
1039 3806 1096 3858 editi
1114 3797 1267 3872 φάσκωσιν.
1384 3853 1390 3864 ,

95 3913 152 3963 ¹³⁰⁸·
174 3895 224 3945 ⁶⁴¹⁵
245 3889 311 3960 [tit-
331 3893 388 3944 ⁶⁰⁷·
408 3890 456 3940 hui·
476 3885 535 3953 ΕΜ·
773 3910 796 3958 a.
815 3905 938 3968 seneen,
951 3905 1050 3964 segon:
1063 3896 1326 3959 ornatissimorum

130 3981 152 4015 θ·
174 3964 216 4013 5ῑο
234 3961 290 4024 flel-
308 3961 331 4010 1·
356 3962 456 4038 Sssl‘ffl'·
479 3953 688 4032 ⁸⁰⁸¹i⁶tss⁰t¹¹³f⁴
739 3978 836 4029 Gohler.
855 3983 879 4023 et
897 3973 1001 4022 i'eieirm.
1021 3973 1043 4020 1.
1079 3969 1141 4018 Editi
1164 3981 1220 4016 vero
1245 3964 1327 4014 etalii

95 4041 120 4083 et
139 4031 249 4083 vstctm.
269 4030 291 4079 l.
327 4029 406 4079 Ceteri
424 4039 480 4076 vero
499 4033 522 4074 et
539 4023 594 4071 editt
609 4033 690 4072 ουτος
738 4039 786 4093 καί
803 4051 856 4093 ,me
875 4032 942 4089 αὐτό
960 4039 1079 4089 ommuni,

96 4101 216 4150 omittant
239 4107 262 4148 et
281 4087 500 4160 habentt'yeflti’l·
536 4090 591 4152 ¹³08·
610 4088 632 4138 2·
652 4097 689 4137 ¹⁰·
740 4179 742 4188 Ι
776 4139 791 4187 ἰ.
810 4133 1031 4186 Goblfflelckm.
1052 4130 1073 4179 1¹
1092 4129 1192 4190 signes,
1212 4123 1326 4176 eeotrob.

99 4185 157 4218 '¹¹⁶⁰
176 4159 397 4235 ‘'rems‘q'mque
417 4164 495 4212 ,ΝΜ
682 4231 691 4273 2
740 4199 776 4253 τὰ
800 4195 915 4253 ἐκείνων.
965 4201 1037 4250 Ponto
1064 4190 1327 4261 pestilentiosi.

133 4238 151 4286 i.
171 4237 213 4286 Sie
231 4234 321 4294 lieni.
341 4241 364 4284 et
382 4233 481 4293 Segner.
517 4228 542 4278 in
561 4224 680 4278 Gabiene
790 4273 794 4284 Ι
1263 4251 1275 4270 ‚

99 4304 208 4354 sensnm.
221 4303 243 4352 1.
257 4303 290 4352 ita
308 4302 408 4362 iegitur:
427 4295 476 4345 τοῦ
491 4293 558 4344 θεοῦ
567 4287 690 4358 Χριστοῦ
741 4273 814 4322 Bw!-
827 4274 926 4351 selues·
944 4269 1041 4346 ὓῼῑξῑθῐ·
1060 4273 1085 4342 3³}
1103 4265 1206 4314 Filsslffll·
1221 4261 1242 4309 ¹·
1261 4269 1328 4321 ‘ill‘

742 4353 796 4389 σον.
832 4335 1104 4401 ΑΙιιοιοῦιιιφησον.

93 4361 196 4430 Ἰησοῦ.
232 4370 260 4418 in
275 4369 365 4430 ingiie.
384 4363 434 4414 τοῦ
451 4362 518 4414 θεοῦ
534 4355 581 4410 καὶ
596 4354 691 4427 κυρίου
1314 4405 1327 4416 ..

96 4430 182 4504 ἡμῶν
200 4427 290 4497 Ἰησοῦ
308 4431 441 4500 Χριστοῦ.
477 4433 554 4482 Editio
574 4428 690 4480 Commei.
775 4424 856 4474 insin
874 4421 938 4484 Regii
957 4428 981 4472 et
994 4419 1132 4480 Segaerian.
1168 4411 1229 4462 Editi
1247 4413 1271 4458 et
1288 4406 1330 4456 sin

98 4503 228 4572 sillem.
246 4502 295 4556 τοῦ
312 4501 379 4555 θεοῦ
395 4495 441 4552 oeni
455 4497 580 4567 Χριστοῦ
593 4489 690 4558 Ἰησοῦ.
740 4483 948 4557 καταγαγόντες.
