3102 5042
473 245 618 290 notarunt
631 247 652 290 1.
673 247 711 288 ro
732 247 924 290 samurensis.
1138 271 1140 282 ι
1254 239 1314 305 675
1397 293 1399 300 Α

30 459 36 466 .
103 407 200 486 ipsum
224 419 325 463 rerum
348 400 488 460 locurum
511 397 645 476 opificem
661 415 728 458 esse
743 397 889 474 sentiuot3
911 418 1001 478 quare
1017 402 1159 482 Spiritum
1172 418 1400 485 sanemur-uo

104 507 152 586 qui
174 503 297 566 eaodem
320 500 410 564 habet
436 517 503 560 oum
524 497 598 560 Filio
627 497 773 574 unitatem
799 516 885 579 quum
912 501 1002 565 111113
1029 523 1096 566 mm
1122 507 1223 584 Patre,
1254 531 1317 576 rem

104 617 229 668 creatam
252 621 320 665 esse
341 601 451 662 audent
473 598 595 661 dicere?
640 599 698 661 Cur
719 600 869 680 ignorant,
903 603 982 681 quod
1004 601 1247 685 quemadmodum
1267 613 1318 676 Fi-

102 710 213 770 lium.a
234 706 320 767 Patre
342 721 404 764 nou
426 701 584 763 dividendo
606 701 659 762 llei
683 702 823 763 unitatem
844 713 977 780 servant,
1011 705 1051 770 itu
1072 708 1228 773 dividendo
1251 712 1319 793 Spi-

104 810 193 872 ritum
223 804 357 869 aVorbo
386 821 447 864 uon
474 803 599 880 amplius
629 821 716 864 unam
746 803 776 864 in
807 803 948 867 Trinitate
980 818 1098 872 servant
1129 805 1320 893 divinitatem,

105 929 194 992 quam
216 925 320 988 nempe
343 904 509 977 diffindunt,
533 915 561 966 et
584 904 631 966 cui
652 903 775 966 alienam
794 924 827 966 ae
841 905 987 970 diversam
1001 919 1134 973 naturam
1148 915 1322 991 admiscent,

106 1029 195 1091 quam
217 1009 340 1088 denique
369 1007 446 1068 inter
468 1025 518 1067 res
540 1015 653 1098 creatas
676 1007 842 1070 collocant?
885 1009 917 1070 ld
939 1027 1010 1072 saue
1030 1013 1152 1092 prohat,
1181 1032 1241 1079 nou
1262 1019 1321 1080 iam

107 1131 171 1175 rem
192 1129 280 1173 uuam
301 1127 370 1171 esse
393 1107 582 1181 Trinitatem,
616 1109 670 1171 sed
697 1109 793 1190 ipsam
815 1129 850 1172 ex
871 1111 985 1174 duabus
1007 1131 1042 1176 ae
1061 1115 1186 1178 dirersis
1207 1120 1321 1182 naturis

106 1221 260 1284 constare,
291 1211 340 1296 ob,
357 1210 503 1272 diversam
530 1211 665 1272 uidelicet
691 1211 821 1290 Spiritus
849 1212 1058 1290 substantiam,
1088 1235 1174 1296 quam
1201 1219 1242 1281 illi
1264 1221 1321 1282 sibi

104 1317 181 1397 ipsis
204 1313 363 1376 commerui
385 1321 464 1374 sunt.
508 1312 660 1384 Quaenam
683 1331 752 1392 argo
775 1313 830 1374 ista
852 1315 967 1377 taudem
983 1319 1190 1399 csttlreologia
1204 1339 1238 1384 er
1254 1339 1320 1383 cre-

107 1428 190 1480 atore
213 1425 242 1477 et
263 1434 296 1476 rc
318 1421 414 1475 creata
437 1405 586 1474 eonllata?
628 1413 679 1475 Vel
702 1413 780 1475 enim
802 1433 862 1476 non
885 1427 930 1478 est
951 1417 1099 1494 Trinitas,
1122 1422 1175 1482 sed
1196 1423 1320 1486 dualitas

110 1539 145 1581 ac
166 1517 268 1580 &iride
289 1534 339 1576 res
362 1523 475 1588 creata,
498 1513 542 1574 rel
565 1515 591 1574 si
614 1515 743 1576 Trinitas
765 1527 826 1590 est,
849 1518 890 1578 uti
912 1537 979 1580 vere
1002 1528 1061 1592 est,
1084 1524 1232 1601 quomodo
1255 1543 1322 1586 orm

112 1619 202 1682 nehus
223 1617 338 1690 creatis,
361 1635 435 1695 quae
456 1625 527 1696 post
540 1615 714 1678 Trinitatem
729 1617 869 1692 existunt,
891 1619 1044 1682 Trinitatis
1059 1623 1200 1702 Spiritum
1215 1627 1322 1688 audent

109 1719 277 1784 collocare?
318 1719 354 1780 ld
375 1719 453 1779 euim
473 1736 580 1779 rursus
602 1727 649 1780 est
670 1719 800 1781 dividere
821 1739 855 1782 ao
870 1721 1033 1784 dissolvere
1049 1721 1229 1788 Trinitatem.
1262 1727 1322 1788 lta-

107 1843 165 1903 que
193 1823 220 1884 si
249 1821 324 1882 male
353 1821 389 1881 de
411 1819 522 1899 Spiritu
550 1829 651 1882 sancto
680 1821 826 1895 sentiant,
858 1822 934 1886 bene
962 1825 999 1886 de
1021 1825 1094 1887 Filio
1124 1829 1233 1890 sentire
1262 1845 1324 1891 non

106 1933 229 2006 queunt.
266 1923 346 1984 'Nam
376 1922 509 1985 sirecte
539 1922 576 1983 de
598 1923 693 1984 Verbo
716 1923 876 1998 sentirent,
905 1935 985 1987 recte
1013 1943 1129 2007 quoque
1156 1929 1192 1991 de
1213 1927 1325 2009 Spiritu

107 2037 227 2100 saneto,
249 2011 298 2104 (ptri
319 2045 335 2086 a
358 2023 609 2102 Patre'proeedit,
632 2025 786 2098 sentirent,
810 2027 859 2105 qui
881 2045 946 2088 cum
971 2027 1035 2089 Tilii
1057 2029 1096 2091 sit
1116 2031 1266 2110 proprius,
1288 2032 1324 2093 ab

110 2129 162 2190 illo
184 2127 335 2208 discipulis
357 2127 554 2204 omnibusque
575 2125 605 2186 in
629 2143 695 2186 eum
719 2125 906 2188 credentibus
930 2128 1023 2190 datur.
1069 2130 1252 2202 Quinetiam
1274 2133 1324 2210 qui

109 2232 141 2292 in
163 2229 334 2292 huiusmodi
357 2247 459 2290 errore
482 2235 655 2300 versantur,
678 2246 773 2306 neque
795 2229 825 2288 iu
846 2229 963 2290 Patrem
986 2247 1085 2290 sanam
1107 2229 1194 2292 fidem
1216 2231 1326 2294 habere

110 2329 239 2412 possint
283 2331 356 2390 Nam
383 2331 432 2408 qui
461 2329 582 2407 Spiritui
609 2329 766 2402 resistunt,
800 2329 842 2391 uti
870 2319 995 2409 insignis
1024 2339 1132 2411 martyr
1159 2333 1325 2413 Stephanus

111 2433 203 2504 dixit,
232 2430 321 2491 iidem
351 2439 379 2492 et
398 2431 502 2492 Filium
525 2439 641 2509 negant.
684 2430 788 2494 Filium
812 2440 908 2494 autam
930 2441 1071 2513 negantes
1093 2451 1190 2516 neque
1209 2437 1327 2500 Patrem

114 2533 252 2613 prolecto
275 2531 436 2594 habuerint.

199 2737 229 2800 3.
275 2734 424 2796 Undeuam
447 2753 520 2813 ergo
540 2741 637 2796 tautae
659 2733 742 2796 rolris
764 2735 937 2798 temeritatis
959 2755 1062 2812 causa,
1089 2749 1121 2800 ut
1143 2757 1197 2800 uec
1218 2737 1288 2800 illud
1310 2757 1328 2800 a

113 2837 265 2900 Salvatore
288 2837 394 2898 dictum
418 2836 590 2898 vereamini:
616 2837 679 2908 Qui
699 2837 949 2916 blasphemaverit
970 2842 1002 2900 iri
1017 2839 1166 2920 Spiritum
1180 2851 1412 2912 eructaturum.

115 2957 180 3000 noo
211 2939 326 3002 latete
357 2943 563 3001 reensionem
590 2955 683 3018 oeque
712 2942 744 3000 io
772 2938 826 3000 loc
859 2936 977 3001 soeculo
1009 2959 1100 3024 oeque
1119 2945 1163 3004 -io
1194 2939 1356 3028 sortiere?¹

120 3125 220 3174 verseris
241 3134 264 3175 et
287 3125 382 3190 quidem
407 3141 420 3176 a
444 3135 490 3174 tam
509 3127 620 3175 diuturno
639 3132 699 3172 tem·
750 3125 853 3187 Spiritus
871 3133 967 3174 sauctus
985 3125 1145 3174 exsistentiam
1159 3133 1287 3186 mutuatur,
1306 3133 1329 3175 et

117 3187 200 3256 pore?
232 3193 357 3242 Enimuero
376 3193 698 3244 obcurriscirciterc'enturu
750 3205 796 3254 qua
815 3193 904 3240 ratione
922 3193 1058 3250 illucescat,
1082 3206 1175 3242 necnon
1193 3207 1240 3257 qno
1259 3201 1328 3256 pacto

113 3275 189 3325 snpra
208 3263 273 3310 mille
292 3264 331 3324 qui
351 3263 532 3323 praeterierunt,
551 3261 699 3310 dorsumre-
719 3249 730 3275 ⁹
750 3259 818 3307 detor
841 3259 870 3307 iis
895 3260 933 3322 qui
958 3260 1021 3320 digni
1045 3267 1114 3322 seut;
1139 3261 1175 3309 bis
1193 3259 1285 3311 verbis:
1304 3261 1330 3313 Si

114 3338 209 3388 strum,
233 3331 294 3379 iuxta
314 3329 407 3378 itaridis
431 3329 596 3394 prophetiam,
623 3328 700 3377 adhuc
750 3335 813 3376 reete
838 3329 868 3376 de
885 3327 961 3376 Verbo
979 3331 1108 3385 sentirent,
1132 3343 1214 3378 suanm
1233 3344 1329 3394 quiaque

115 3399 260 3448 incurratur.
285 3397 327 3446 llic
345 3413 397 3460 erpo
417 3400 521 3462 quisquis
539 3404 571 3445 ert
588 3397 612 3443 iu
630 3411 699 3458 opos·
750 3393 880 3444 doctrinam
903 3403 1011 3446 tenerent
1034 3398 1063 3448 de
1081 3397 1169 3460 Spiritu
1188 3405 1271 3446 sancto
1290 3399 1331 3462 qui

115 3467 185 3525 colo,
206 3463 275 3521 Quod
294 3465 397 3527 Spiritus
414 3475 510 3513 sauctus
528 3481 541 3514 a
559 3463 613 3512 solo
632 3463 700 3511 Patre
751 3475 778 3510 ex
797 3461 864 3512 Patre
883 3464 997 3526 procedit.
1035 3465 1097 3514 llaec
1115 3463 1296 3514 Telclmaunos.

116 3531 243 3598 procedat,
261 3521 422 3582 renaudum
435 3534 571 3584 Smeniotom
589 3533 699 3592 romeus,
784 3531 800 3578 l.
818 3531 858 3580 Sic
875 3531 930 3593 fleg.
943 3532 964 3580 1.
982 3533 1081 3596 Sepuer.
1100 3533 1168 3582 Gobl.
1189 3533 1294 3584 Felclrm.
1309 3533 1330 3582 l.

117 3608 140 3650 et
159 3601 200 3663 sot.
213 3599 269 3648 l'lS.
288 3601 332 3649 col.
351 3597 374 3648 3.
392 3609 532 3664 praereptam
551 3601 610 3648 lune
627 3600 702 3650 locum
752 3597 831 3647 Ottob.
851 3606 874 3648 et
891 3599 995 3650 incertus
1012 3609 1096 3650 auctor
1113 3601 1152 3663 qui
1171 3602 1234 3650 boue
1252 3601 1331 3650 locum

117 3671 208 3726 citans,
234 3669 268 3717 sic
278 3671 416 3746 moriatur:
440 3659 535 3714 αὐτίκα
551 3659 605 3782 yios
625 3658 639 3713 ὃ
656 3661 702 3731 μέ·
752 3666 808 3715 citet
825 3668 924 3730 epistola
952 3667 979 3716 ad
1000 3669 1122 3718 llarimum
1141 3669 1285 3718 Smeniotam
1304 3683 1332 3718 ex

116 3726 360 3800 ynr'Adorrnotor,
386 3725 452 3782 terr
469 3749 498 3784 τε
521 3729 571 3782 τ“ν
604 3731 702 3801 nepita
753 3749 796 3784 urs.
816 3735 898 3784 Graec.
916 3735 1026 3784 Biblioth.
1044 3735 1162 3814 Archipel.
1189 3743 1215 3785 ot
1232 3743 1333 3785 testatur
1379 3761 1383 3769 ·

116 3799 254 3860 κέκτηται,
273 3797 318 3850 καὶ
336 3797 397 3849 τίνα
415 3795 519 3880 τρόπον
535 3751 701 3868 indeparati&
753 3801 856 3850 Telctm.
897 3802 940 3852 utri
971 3811 994 3851 et
1021 3803 1077 3852 editi
1107 3795 1121 3848 δ
1148 3793 1210 3869 παρ’
1239 3793 1332 3854 αὐτοῦ.

117 3867 228 3930 πνεῦμα
246 3865 276 3917 τὸ
294 3861 381 3935 ἅγιον,
400 3883 446 3918 και
465 3861 537 3922 ὅπως
555 3871 611 3923 roic
628 3861 703 3925 ἀξίας
732 3869 804 3918 ,tter
823 3870 877 3930 iles.
893 3869 916 3918 2.
933 3863 1105 3918 πιστεύουσιν
1128 3862 1165 3922 εἰς
1187 3864 1218 3917 τὸ
1245 3863 1333 3937 ὄνομα

116 3939 167 3998 (sie
182 3937 237 3987 llas
248 3940 309 3988 torte
327 3929 423 3996 ἀξίοιςῐ
437 3931 520 3986 αὐτοῦ
538 3931 701 3990 διαδίδοται,
719 3981 722 3988 ,
754 3926 845 3984 αὐτοῦ.
884 3937 934 3986 ilox
952 3939 1006 3987 item
1026 3953 1109 3988 omues
1128 3953 1186 3987 mss.
1205 3949 1238 3988 nt
1258 3933 1267 3986 l
1285 3939 1333 3988 rori

118 3999 151 4056 ἐν
166 4003 200 4070 τῇ
217 3999 286 4072 πρὸς
299 4005 468 4070 Σαραπίωνα
485 3999 632 4054 ἐπίσκοπον
648 3997 704 4052 ἔπι·
754 3996 857 4070 πατρός·
873 4005 969 4066 habent,
987 4007 1042 4056 editi
1057 4007 1118 4056 male
1128 3999 1190 4072 περὶ
1199 4019 1247 4055 του
1257 4000 1335 4056 πνεύ-

119 4069 205 4121 orot'
224 4072 322 4140 σαφῶς
336 4065 408 4122 οὕτω
418 4069 569 4139 διείληφεν·
588 4066 704 4124 siaetedc
753 4083 846 4137 ματος.

120 4135 178 4208 lupo
213 4155 262 4189 ουν
283 4135 346 4220 περὶ
372 4139 421 4189 τοῦ
444 4135 540 4206 λόγου,
567 4133 649 4205 ὑγιῶς
670 4132 705 4186 ἂν
788 4155 810 4202 g.
828 4140 868 4190 Sic
885 4141 940 4203 lteg.
960 4141 982 4190 1.
1009 4141 1105 4204 Seguer.
1130 4142 1220 4204 turtio.
1238 4143 1333 4193 Gobier.

119 4201 262 4275 ἐφρόνουν
286 4223 331 4257 και
357 4203 419 4258 nri
445 4209 493 4270 rori
515 4203 666 4275 nnedpnros
689 4197 705 4254 ‘o'
755 4207 858 4258 Saleium.
879 4207 901 4257 l.
946 4210 1021 4259 Ceteri
1048 4219 1127 4260 autem
1154 4219 1177 4260 et
1200 4207 1257 4259 editi
1281 4219 1335 4254 roe·

118 4271 200 4342 παρὰ
216 4277 266 4326 τοῦ
282 4223 573 4345 πατρὸςῖκπορεύεται.
600 4279 705 4329 Teneat:
756 4268 843 4333 oritus·
879 4277 933 4338 tter.
947 4277 968 4326 1.
987 4279 1089 4342 etSegu.
1108 4291 1162 4328 mox
1179 4291 1224 4342 pro
1240 4266 1333 4340 rupino

119 4346 248 4396 Enimvero
272 4361 372 4409 maguus
398 4348 438 4397 ille
456 4348 596 4396 Athanasius
614 4359 705 4410 oppor—
757 4343 844 4392 habent
861 4343 989 4412 σωτῆρος.
1068 4345 1072 4352 “

121 4422 179 4463 tune
203 4416 227 4463 in
246 4415 352 4478 Epistola
378 4416 407 4465 ad
431 4415 586 4478 Serapionem
610 4416 705 4478 episeo-
788 4411 811 4460 ir.
830 4411 885 4473 fleg.
903 4412 926 4462 2.
950 4405 979 4462 ἐν
1002 4411 1040 4478 rui
1057 4410 1106 4462 νῦν
1124 4405 1210 4460 αἰῶνι.
1245 4405 1335 4458 ibidem

110 4495 190 4546 pom,
208 4497 236 4532 ac
253 4481 349 4534 disertis
363 4484 442 4534 verbis
451 4483 568 4546 edisserit,
587 4483 704 4538 undenam
749 4478 852 4546 ,conten
871 4487 894 4530 et
912 4479 1015 4532 Felckm.
1029 4481 1050 4530 l.
1074 4495 1119 4544 pro
1145 4471 1269 4542 pittone
1291 4475 1337 4526 lra-

999 4565 1000 4568 ’
1080 4559 1135 4612 4³*
