3176 5058
244 305 286 370 88
639 322 665 365 s.
681 321 834 364 ιτεικιειι
849 321 1069 366 mammeam

156 487 231 531 mo.
241 470 299 552 τῆς
320 461 444 550 οὐσίας,
468 465 543 534 οότε
564 467 666 536 Ικατόν
687 461 868 554 ἀποτομήν,
891 463 960 536 ἀλλ’
984 463 1061 536 οὐδὲ
1075 467 1159 536 κατά
1172 493 1206 536 τι
1221 467 1336 548 πάθος
1350 461 1371 556 ῆ
1385 491 1460 555 τρο-

240 567 307 655 πὴν
331 563 352 656 ἢ
375 565 554 636 άλλόιωσιν
575 572 633 656 τῆς
655 573 713 636 τοῦ
735 569 863 656 πατρὸς
877 564 993 650 οόσίας
1006 595 1043 638 τε
1056 573 1110 638 καλ
1127 569 1313 654 δυνάμεως·
1334 569 1458 636 τούτων

238 667 300 757 γάρ
336 669 471 736 πάντων
505 665 679 757 ἀλλοτρίαν
713 664 798 738 εἶναι
828 669 886 760 τῆν
917 666 1092 759 1’ἀγένητον
1113 675 1171 738 τοῦ
1193 670 1322 764 πατρὸς
1343 669 1459 758 φύσιν·
1557 700 1564 714 ν

239 771 489 858 παραστατικὸν
513 773 548 838 δὲ
572 767 657 840 εἶναι
677 771 715 838 τὸ
738 767 917 856 όμοοόσιον
931 776 978 860 τῷ
994 780 1106 859 πατρί,
1130 771 1169 838 τὸ
1182 773 1345 859 μηδεμίαν
1360 771 1460 859 ἐμφέ-

153 892 331 959 ε.ιιι.ρειαν
353 872 439 960 πρὸς
460 873 502 940 τά
522 873 639 961 γενητὰ
660 880 822 958 κτίσματα
843 871 901 940 τόν
923 874 994 941 υίὸν
1015 877 1074 940 τοῦ
1095 876 1179 942 θεοῦ
1202 877 1339 962 οφέρειν,
1367 871 1458 958 μόνῳ

241 975 277 1041 δὲ
304 977 350 1061 τῷ
382 977 486 1060 πατρλ
512 979 559 1062 τῷ
581 973 783 1063 γεγεννηκότι
804 974 887 1041 κατά
908 975 1020 1043 πάντα
1040 974 1166 1061 τρόπον
1187 969 1457 1062 “άφομοιῶσθαι,

239 1077 295 1142 καὶ
322 1074 366 1162 μὴ
394 1070 480 1143 εἶναι
507 1075 543 1156 ἒξ
563 1076 675 1162 ἑτέρας
696 1075 787 1155 τινὸς
808 1071 1024 1155 όποστάσειός
1044 1077 1156 1142 τεκαὶ
1179 1069 1308 1154 οάσίας,
1332 1068 1400 1140 ἀλλ’
1425 1075 1459 1142 ἐκ

239 1179 299 1243 τοῦ
327 1175 470 1261 πατρός·
500 1167 527 1264 ᾦ
548 1181 602 1245 καὶ
625 1173 713 1264 αὐτῷ
736 1181 853 1244 τοῦτον
875 1167 1109 1266 ἑρμηνευθέντι
1129 1177 1187 1244 τὸν
1207 1173 1332 1260 τρόπον
1353 1177 1459 1256 καλῶς

240 1276 324 1362 ἔχειν
346 1277 449 1366 ἐφάνη
472 1285 779 1365 ’συγκαταθέσθαυ
803 1278 876 1346 ἐπεὶ
899 1280 952 1346 καὶ
974 1282 1040 1344 τῶν
1055 1279 1207 1346 παλαιῶν
1222 1299 1314 1354 τινας
1328 1277 1457 1362 λογίους

237 1381 292 1446 καλ
305 1378 481 1468 ἐπιφανείς
492 1379 697 1459 ἐπισκόπους
707 1383 761 1446 καί
775 1391 973 1470 συγγραφεῖς
984 1380 1125 1465 ἔγνωμεν
1137 1377 1193 1446 ἐπὶ
1205 1380 1260 1466 τῆς
1266 1379 1457 1466 τοῦπατρὸς

237 1483 292 1548 καὶ
314 1481 386 1547 υἱοῦ
409 1483 586 1572 θεολογίας
607 1485 654 1566 τῷ
675 1485 734 1548 τοῦ
758 1477 937 1565 όμοουσίου
959 1483 1253 1567 ’συγχρησαμένους
1268 1473 1414 1562 όνόματι

248 1577 261 1602 ’
324 1587 352 1650 8.
401 1587 513 1648 Ταῦτα
533 1585 594 1667 μὲν
615 1571 693 1649 *οὖν
716 1587 793 1668 περὶ
814 1586 873 1670 τῆς
895 1582 1084 1670 ἐντιθείσης
1106 1579 1252 1670 εἰρήσθω
1266 1569 1456 1668 πίστεως,ᾗ

239 1681 515 1772 συνεφωνῆσαμεν
537 1684 569 1751 οἱ
591 1683 722 1764 πάντες,
746 1679 805 1751 οόκ
826 1678 1057 1764 ἀνεξετάστως,
1081 1677 1166 1752 ἀλλά
1184 1679 1269 1748 κατὰ
1289 1681 1348 1760 τὰς
1371 1676 1456 1750 ἀπο-

239 1785 400 1864 δοθείσας
428 1786 577 1864 διανοίας
600 1781 651 1851 ἀπ’
676 1780 775 1852 αὐτοῦ
798 1787 856 1851 τοό
878 1783 1143 1872 θεοφιλεστάτου
1164 1783 1326 1868 βασιλέως
1348 1783 1456 1864 ἐξετα-

239 1891 380 1964 σθείσας
412 1888 486 1952 λκαλ
518 1897 590 1964 τοῖς
619 1884 800 1972 εἰρημένοις
827 1888 998 1970 λογισμοῖς
1028 1887 1358 1970 συνομολογηθείσας.
1402 1885 1457 1953 καὶ
1565 1927 1566 1970 η

237 1985 295 2053 τόν
318 1981 590 2073 άναθεματισμὸν
612 1989 647 2055 δὲ
670 1987 727 2054 τὸν
747 1986 831 2072 μετὰ
851 1986 909 2074 τῆν
932 1995 1046 2054 πίστιν
1061 1986 1146 2073 πρὸς
1161 1981 1268 2052 αὐτῶν
1283 1984 1456 2054 ἐκτεθέντα

239 2085 373 2155 ἰάλυτον
396 2083 481 2156 εἶναι
501 2085 706 2178 ἡγησάμεθα,
731 2089 787 2156 διά
808 2088 846 2155 τό
863 2083 1031 2174 ἀπείργειν
1047 2082 1211 2177 ἀγράφοις
1223 2090 1370 2173 χρῆσθαι
1384 2113 1455 2176 ‹pm-

238 2198 321 2270 ναῖς,
345 2189 398 2256 διὸ
421 2191 536 2274 σχεδὸν
558 2187 576 2277 ῆ
600 2195 694 2259 πᾶσα
714 2197 824 2276 γέγονε
847 2189 999 2276 σύγχυσις
1020 2188 1075 2255 καὶ
1096 2184 1322 2256 ἀκαταστασία
1336 2193 1392 2276 τῆς
1406 2189 1455 2258 ἐν·

238 2291 382 2378 κλησίας.
427 2294 589 2380 μηδεμίας
608 2297 688 2378 γοῦν
709 2290 938 2360 θεοπνεύστοο
959 2293 1088 2377 γραφῆς
1102 2294 1148 2376 τῷ
1165 2290 1200 2370 ίξ
1213 2285 1272 2356 οόκ
1287 2286 1388 2358 όντων
1403 2295 1455 2358 καὶ

237 2395 285 2480 τῷ
314 2383 351 2480 ῆν
380 2419 464 2461 ποτε
493 2389 549 2462 ὅτε
580 2389 637 2462 οόκ
664 2385 703 2483 ῆν
725 2395 874 2472 καὶτοῖς
895 2391 968 2479 ἑξῆς
990 2391 1453 2481 ε’·πιλεγομένοιςκεχρημόνης,

238 2489 296 2558 οὐκ
320 2493 452 2579 εόλογον
476 2495 579 2582 ἐφάνη
602 2499 706 2562 ταῦτα
728 2497 832 2580 λέγειν
854 2495 907 2559 καὶ
931 2491 1106 2572 διδάσκειν,
1129 2481 1158 2580 ᾦ
1179 2491 1235 2560 καὶ
1250 2487 1337 2578 αὐτῷ
1353 2495 1456 2572 καλῶς

240 2592 374 2672 δόξαντι
395 2601 625 2678 συνεθέμεθα,
650 2594 728 2662 ἐπεὶ
745 2596 828 2682 μηδὲ
851 2593 884 2661 ἐν
905 2597 952 2680 τῷ
974 2593 1041 2680 πρὸ
1063 2593 1181 2660 τούτου
1201 2593 1307 2681 χρόνῳ
1329 2594 1457 2672 τούτοις

240 2691 431 2777 Ιιεἰώθαμεν
453 2698 659 2780 συγχρῆσθαι
680 2707 751 2774 τοῖς
774 2695 924 2786 ῥήμασιν.

324 2801 353 2862 9.
399 2793 476 2860 1’λῖτι
506 2794 570 2882 μὴν
603 2801 663 2864 τοῦ
689 2792 996 2882 άναθεματίζεσθαι
1023 2797 1061 2862 τό
1089 2795 1156 2882 πρὸ
1182 2800 1240 2862 τοῦ
1261 2795 1455 2882 γεννηθῆναι

239 2889 297 2962 οόκ
327 2885 366 2984 ἢν
400 2891 458 2964 οόκ
490 2894 617 2966 ἀτοπον
646 2899 808 2988 ἐνομίσθη
837 2903 882 2987 τῷ
911 2898 1003 2986 παρά
1029 2901 1134 2966 πᾶσιν
1159 2893 1394 2985 ὁμολογεῖσθαι
1415 2896 1454 2962 τὸ

237 2991 323 3066 εἶναι
344 2997 401 3064 τὸν
424 2997 495 3066 υἱόν
517 3004 575 3067 τοῦ
597 3005 681 3069 θεοῦ
704 3001 770 3088 πρὸ
792 3006 850 3092 τῆς
871 3001 954 3069 κατά
976 3001 1080 3087 σάρκα
1101 2999 1286 3087 γεννήσεως.

323 3107 370 3168 10.
413 3095 492 3191 Ἠδῆ
516 3105 552 3171 δὲ
574 3099 592 3170 ό
615 3105 878 3192 θεοφιλέστατος
899 3100 991 3191 ῆμῶν
1012 3101 1167 3190 βασιλεὺς
1187 3105 1234 3189 τῷ
1257 3099 1341 3187 λόγῳ
1363 3124 1455 3167 κατε-

236 3199 369 3283 σκεύαζε
389 3205 443 3270 καλ
465 3205 549 3272 κατὰ
569 3205 627 3293 τῆν
650 3207 766 3274 ἔνθεον
790 3201 890 3272 αὐτοῦ
911 3211 1037 3290 γένεσιν
1058 3203 1144 3289 ““τῆν
1166 3203 1233 3290 πρὸ
1255 3201 1388 3270 πάντων
1404 3201 1455 3268 αλ-

236 3302 329 3369 ώνων
353 3297 438 3371 εἶναι
460 3300 574 3384 αότόν,
599 3306 675 3372 ἐπεὶ
695 3308 748 3370 καὶ
772 3308 852 3390 πρὶν
875 3305 1018 3393 ἐνεργείᾳ
1039 3309 1238 3393 γεννηθῆναι
1259 3302 1398 3388 δυνάμει
1417 3292 1456 3389 ἦν

236 3402 270 3468 ἀν
292 3406 340 3488 τῷ
361 3408 464 3490 πατρὶ
487 3399 678 3488 άγεννῆτως,
703 3401 798 3482 όντος
818 3409 877 3471 τοῦ
899 3405 1027 3492 πατρὸς
1049 3401 1100 3474 άεὶ
1115 3406 1251 3493 πατρός,
1267 3401 1313 3486 ὥς
1327 3404 1383 3472 καὶ
1396 3411 1456 3490 βα-
1501 3469 1508 3482 „

237 3503 356 3579 τελέως
383 3499 434 3569 ἀεὶ
457 3511 531 3568 Ικαί
562 3499 793 3589 σωτῆροςάεί,
817 3504 952 3591 δυνάμει
972 3508 1083 3576 πάντα
1105 3506 1216 3589 όντος,
1244 3502 1298 3574 άεί
1318 3531 1354 3574 τε
1374 3505 1457 3574 κατὰ

235 3601 278 3667 τά
300 3597 383 3668 αότὰ
403 3605 458 3670 καλ
482 3600 634 3682 ιόςαότως
656 3605 793 3688 ἔχοντος.

272 3741 292 3773 τ.
312 3724 390 3776 Gelas,
409 3719 486 3790 μετά.
523 3727 574 3775 Mox
600 3727 711 3778 Socrates
737 3729 824 3790 omittit
907 3731 923 3780 i.
941 3731 1062 3782 Theodor.
1079 3723 1182 3780 δεκτόν.
1211 3722 1457 3847 Μοιθοστειεεχηνῆ

238 3781 291 3840 ἀλλ’
312 3782 374 3841 σόδό
392 3785 461 3842 κατά
479 3808 506 3841 τι
524 3788 614 3848 πάθος
631 3787 646 3855 ῆ
665 3789 779 3862 τροπῆν,
800 3805 823 3847 ει
873 3797 979 3848 σασθαι
1002 3815 1046 3866 pro
1089 3799 1215 3868 ρῆσθαι.·
1252 3801 1310 3850 nem
1337 3814 1386 3880 ρτο
1430 3811 1455 3845 ιο

236 3859 309 3924 paulo
329 3869 384 3924 ροεῑ
403 3870 428 3910 οι
446 3871 469 3911 ει
488 3863 566 3912 Gelas.
588 3854 682 3917 οάσίαε
700 3877 727 3914 τε
745 3859 798 3913 καί.
874 3867 994 3916 Theodor.
1014 3876 1037 3917 ει
1055 3815 1134 3918 (ἔατε.
1160 3870 1249 3920 habent
1273 3857 1312 3916 δι’
1333 3882 1372 3921 σε·
1410 3867 1455 3916 So·

270 3929 292 3976 b.
312 3929 442 3988 Τόεσδσν,
461 3931 552 3980 socrat.
569 3939 593 3980 et
612 3933 690 3982 Gelas.
710 3923 822 3997 άγέννη-
874 3943 952 3984 crates
973 3935 1032 3985 ibid·
1051 3927 1181 4016 σόγγυσίς
1198 3949 1233 3984 τε.

237 4007 294 4050 τον,
315 4004 338 4045 et
356 3997 429 4060 φευΙο
449 4008 503 4061 post
520 3992 645 4062 γεννητά.
908 4003 930 4053 k.
949 4003 1069 4053 Τόεσδοτ.
1088 3996 1240 4070 εαόθειμεν.

269 4079 291 4113 ο.
311 4065 380 4114 Socr.
398 4057 553 4132 ἐμφαίνειν.
908 4071 924 4118 Ι.
942 4069 983 4120 Sic
1000 4071 1072 4120 τδίιὶο
1084 4072 1284 4130 (ΙοσιοτιΙίοὶεστ,
1303 4069 1458 4120 Τόιυδστ.ει

255 4132 291 4209 ,δ
311 4133 431 4182 Τλεσδοτ.
457 4127 562 4200 όμσιον.
602 4136 680 4186 Gelas.
701 4127 822 4203 ἀφνμσι-
873 4137 993 4188 (zelasius.
1029 4143 1057 4188 At
1076 4153 1119 4188 ms.
1139 4139 1196 4202 θος.
1215 4130 1266 4187 ὅτε.
1304 4137 1364 4188 Ibid.
1383 4137 1457 4188 editio

235 4197 343 4246 οοσθαι.
873 4205 990 4255 Commel.
1015 4220 1060 4269 pro
1083 4198 1140 4272 μήν
1164 4207 1236 4258 habet
1258 4196 1309 4265 τόν
1333 4220 1355 4254 ω
1389 4205 1457 4254 dose.

270 4281 289 4316 ε.
310 4267 401 4318 Theod.
425 4269 681 4334 συγκατατίθεσθαι.
872 4273 992 4322 Τίιεοδοτ.
1012 4273 1067 4323 item
1093 4282 1116 4324 ει
1134 4273 1214 4326 Gelan.
1239 4271 1351 4339 μεστοῦ
1385 4273 1458 4322 abent

270 4335 285 4382 ί.
305 4335 385 4386 Gelas.
402 4333 600 4404 χρησαμένους.
871 4333 912 4388 τό.
951 4341 1002 4390 Mox
1022 4357 1066 4406 pro
1085 4339 1124 4407 τῷ
1142 4335 1219 4410 παρά
1236 4349 1298 4404 etc„
1325 4348 1350 4390 υι
1369 4341 1458 4390 hahent

270 4415 292 4464 ς.
312 4389 361 4482 οδγ
380 4409 447 4456 abest
465 4421 477 4454 ο
496 4408 615 4456 Theodor.
871 4408 943 4458 εδίιίο
963 4410 1089 4472 (ἰοωωεί,
1107 4411 1227 4460 Τίνεοδοτ.
1239 4407 1391 4466 acalauius,
1412 4423 1458 4457 ωε.

269 4469 291 4518 h.
306 4484 351 4519 και
369 4471 426 4526 τοῖς
442 4466 594 4540 εἰρημένοις
603 4469 745 4540 λογισμοῖς
757 4485 819 4524 συν·
869 4477 926 4538 θος.
946 4477 1017 4526 θείνει
1035 4471 1066 4525 τό
1085 4473 1161 4546 παρά
1178 4485 1224 4526 etc.
1261 4477 1320 4526 lbid.
1334 4476 1458 4525 Τίιεσδστ.

232 4533 449 4606 ομολογηθείσαε
466 4543 554 4592 desunt
571 4545 634 4606 apud
653 4543 732 4593 Gelas.
869 4545 940 4595 habet
953 4537 1029 4612 παρὰ
1043 4543 1111 4595 πᾶσι
1126 4537 1178 4612 μὲν
1196 4535 1393 4610 ὁμολογεῖσθαι
1411 4533 1459 4590 αό-
