3220 5046
222 271 282 334 172
619 283 645 326 ι.
660 279 1055 328 ετεικιιαιιαειεειεαοει

135 453 210 497 ατο.
218 436 272 502 καί
294 434 350 500 νύν
372 436 555 517 προείρηκα
576 423 664 512 ύμῖν,
688 431 768 514 πρίν
781 435 948 515 γενέσθαι,
972 428 1028 496 ἵνα
1043 425 1123 498 ὅταν
1138 434 1279 517 γίνηται,
1302 428 1443 498 πιστεύι

219 559 298 623 σητε
306 539 336 614 ¹).
381 534 459 618 περὶ
482 532 519 598 δὲ
540 532 598 616 τῆς
617 536 756 609 κτίσεως
777 529 834 598 διὰ
855 530 1068 614 ’Σολομῶνός
1091 551 1193 618 φησι·
1215 528 1283 615 πρό
1303 533 1363 598 τοῦ
1383 530 1443 616 τὴν

219 639 278 722 γῆν
307 635 464 719 ποιῆσαι,
497 635 552 698 καί
580 631 649 716 πρὸ
677 634 736 698 τοῦ
757 630 818 710 τὰς
839 627 1004 717 ἀβύσσους
1025 635 1182 720 ποιῆσαι,
1216 633 1272 698 καί
1293 630 1361 716 πρὸ
1382 633 1442 700 τοῦ

220 735 403 823 προελθεῖν
424 732 484 813 τὰς
505 731 613 820 πηγάς
634 735 700 800 τῶν
722 727 867 812 όδάτων,
896 731 952 800 καὶ
972 731 1040 816 πρὸ
1061 737 1121 800 τοῦ
1143 730 1202 820 ὅρη
1226 733 1440 821 ἑδρασθῆναι,

220 836 288 922 πρὸ
311 836 346 903 δὲ
368 833 503 902 πάντων
524 837 591 902 τῶν
612 837 740 918 βοννῶν
761 837 859 922 γεννᾷ
879 860 921 917 με
929 835 962 914 ²),
985 841 1041 902 καί
1052 855 1059 872 ·
1083 837 1162 920 πρίν
1181 829 1333 920 Ἀβραάμ
1353 840 1443 920 γενί-

221 945 316 1018 σθαι,
340 937 403 1024 ἐγώ
424 935 530 1020 εἰμι’).
576 936 672 1021 ὴπερὶ
704 935 740 1002 δὲ
759 930 912 1021 Ἱερεμίου
940 936 1042 1020 λέγει·
1075 933 1142 1022 πρὸ
1170 939 1229 1002 τοῦ
1251 960 1293 1019 με
1313 934 1443 1004 πλάσαι

222 1063 260 1108 σε
291 1039 325 1107 ίυ
352 1039 477 1124 κοιλίᾳ,
506 1036 691 1121 ἐπίσταμαί
718 1039 794 1117 σε’).
839 1035 895 1104 καί
917 1032 935 1102 ὃ
956 1040 1017 1120 μὲν
1037 1038 1151 1123 Δαβίδ
1171 1036 1309 1124 ψάλλει·
1341 1036 1440 1124 κύριε,

221 1139 389 1228 καταφυγὴ
412 1136 569 1227 ίγενηθης
589 1133 669 1226 ἡμῖν
692 1135 726 1206 ἒν
746 1139 842 1224 γενεᾷ
864 1135 919 1204 καὶ
932 1139 1043 1224 γενεᾷ·
1066 1137 1134 1226 πρὸ
1149 1142 1208 1205 τοῦ
1225 1134 1284 1226 δρη
1300 1141 1442 1227 γενηθῆ-

220 1267 275 1308 ναι
295 1243 349 1310 καί
371 1243 571 1328 πλασθῆναι
590 1238 649 1326 τὴν
671 1241 730 1326 γῆν
752 1242 807 1306 καί
827 1238 886 1324 τὴν
908 1237 1109 1327 οἰκουμένην,
1132 1233 1220 1308 εάπὸ
1241 1242 1300 1307 τοῦ
1321 1239 1443 1318 αἰῶνος

219 1346 272 1410 καί
300 1343 363 1422 ἕως
382 1345 441 1408 τοῦ
464 1340 586 1420 αἰῶνος
607 1339 647 1408 σύ
670 1335 737 1422 εῖλ).
783 1339 817 1408 ἐν
847 1341 883 1407 δὲ
910 1343 958 1426 τῷ
980 1339 1124 1429 Δανιήλ·
1159 1336 1317 1429 ἀνεβόησε
1346 1343 1441 1430 φωνῇ

208 1441 341 1532 ’μεγάλῃ
369 1443 541 1512 Σουσάννα
567 1440 624 1510 καὶ
651 1437 761 1510 εἶπεν·
799 1437 819 1506 ό
845 1439 928 1520 θεὸς
956 1436 974 1508 ὁ
1004 1441 1139 1521 αἰώνιος
1160 1438 1179 1509 ό
1200 1446 1267 1510 τῶν
1288 1446 1441 1528 κρυπτῶν

133 1543 378 1632 ρηςγνῶστης,
409 1540 427 1610 ὁ
456 1543 553 1622 είδῶς
573 1543 616 1611 τά
636 1543 748 1612 πάντα
769 1545 850 1628 πρίν
871 1547 1027 1628 γενέσεως
1048 1538 1194 1624 αὐτῶνθ.
1237 1543 1276 1612 τὸ
1298 1543 1363 1631 άρα
1384 1541 1442 1612 οὐκ

217 1637 258 1735 ἦν
285 1670 369 1714 ποτε
394 1649 448 1712 καί
476 1645 516 1712 τὸ
545 1649 624 1732 πρίν
652 1649 812 1731 γενέσθαι
833 1644 888 1710 καί
909 1642 947 1710 τὸ
970 1638 1026 1712 ότι
1047 1643 1103 1714 καὶ
1118 1641 1189 1712 ὅσα
1210 1645 1349 1714 τοιαύτά
1370 1645 1442 1714 ἐστι

219 1744 362 1827 λεξείδια
384 1746 440 1814 ἐπί
462 1747 522 1830 μὲν
544 1749 611 1813 τῶν
631 1748 774 1832 γενητῶν
796 1747 851 1812 καὶ
872 1744 1069 1830 κτισμάτων,
1093 1748 1179 1813 ’τῶν
1201 1745 1237 1826 ἐξ
1257 1741 1315 1814 ούκ
1337 1742 1441 1814 ὄντων

197 1854 408 1934 γενομένων,
432 1843 567 1932 ἁρμόζει
587 1847 754 1932 λίγεσθαι,
779 1840 937 1932 άλλάτρια
958 1847 994 1914 δὲ
1015 1850 1074 1914 τοῦ
1097 1846 1195 1932 λόγου
1217 1847 1316 1914 ἐστίν.
1360 1849 1390 1916 εί
1405 1849 1441 1914 δὲ

219 1952 324 2016 ταῦτα
343 1950 403 2034 μὲν
426 1946 484 2015 ἐπὶ
505 1951 571 2014 τῶν
592 1951 750 2035 γενητῶν,
779 1945 818 2014 τὸ
847 1948 883 2015 δὲ
906 1943 956 2014 άεί
979 1947 1037 2016 ἐπὶ
1058 1951 1117 2016 τοῦ
1139 1949 1213 2015 υίοῦ
1235 1950 1384 2034 λέγουσιν
1405 1949 1441 2016 αἱ

219 2057 353 2137 γραφαί,
377 2044 435 2116 οὐκ
456 2046 529 2136 άρα,
554 2039 581 2116 ὦ
602 2049 776 2134 θεομάχοι,
800 2048 836 2128 ἐξ
857 2044 915 2116 οὐκ
937 2046 1043 2116 άντων
1064 2055 1193 2135 γέγονεν
1217 2045 1236 2117 ὁ
1257 2048 1338 2129 υἱός,
1362 2044 1438 2118 οὐδὲ

220 2147 305 2230 ὅλως
325 2155 392 2218 τῶν
413 2154 554 2238 γενητῶν
576 2151 665 2219 ἐστιν
688 2146 705 2217 ὁ
728 2149 807 2230 υἱός,
831 2145 917 2218 άλλόι
937 2153 996 2216 τοῦ
1018 2147 1146 2235 πατρὸς
1167 2149 1261 2218 εἰκῶν
1276 2150 1332 2218 καὶ
1345 2148 1441 2236 λόγος

219 2247 348 2331 ’άῒδιός
370 2252 469 2332 ἐστιν,
494 2247 570 2320 οὐδὲ
592 2252 733 2320 πώποτε
754 2246 812 2318 ούκ
835 2247 891 2331 ῶν,
915 2248 999 2317 άλλὰ
1014 2245 1064 2318 άεί
1081 2249 1137 2330 ῶν,
1159 2247 1206 2330 ῶς
1220 2245 1330 2320 άίδίου
1346 2248 1440 2330 ὄντος

141 2411 150 2432 ,
220 2353 331 2442 φωτὸς
353 2350 463 2421 ἀΐδιον
486 2349 697 2440 άτταύγασμα.
741 2359 775 2418 τί
801 2348 912 2418 τοίνυν
933 2352 1069 2438 χρόνους
1090 2352 1157 2437 πρὸ
1178 2356 1238 2420 τοῦ
1261 2353 1333 2419 vlo&
1356 2377 1441 2440 φαν-

217 2454 377 2538 τάζεσθε,·
409 2449 430 2542 ἢ
452 2457 541 2522 διατί
562 2455 645 2539 μετὰ
665 2453 802 2539 χρόνους
822 2454 1045 2540 βλαςφημεῖτε
1065 2453 1123 2520 τὸν
1145 2454 1250 2539 λόγον,
1275 2449 1316 2520 δι’
1333 2443 1372 2521 οὗ
1385 2452 1441 2520 καὶ

219 2557 252 2623 σί
274 2555 392 2632 αἰῶνες
413 2553 585 2639 γεγόνασι,·
617 2558 691 2633 πῶς
718 2553 779 2639 γὰρ
803 2549 888 2632 ὅλως
908 2553 1025 2640 χρόνος
1045 2549 1066 2641 ἢ
1088 2553 1169 2622 αἰῶν
1192 2552 1317 2642 ὑπέστη
1338 2555 1440 2644 μήπω

219 2661 379 2742 φανέντος
401 2650 476 2720 καθ’
500 2651 584 2738 ὑμᾶς
605 2658 663 2720 τοῦ
686 2653 794 2740 λόγου,
818 2648 860 2721 δι’
884 2644 923 2720 οὗ
944 2654 986 2722 τά
1007 2655 1118 2722 πάντα
1132 2662 1250 2742 γέγονε,
1273 2658 1326 2720 καί
1339 2655 1441 2741 χωρὶς

219 2750 320 2822 αὐτοῦ
348 2754 473 2841 ἐγένετο
503 2752 579 2823 οὐδὲ
607 2757 688 2838 ἕν’),·
720 2751 741 2842 ἢ
770 2757 861 2824 διατί
885 2755 1015 2842 Ιχρόνον
1038 2764 1251 2844 σημαίνοντες
1271 2751 1310 2822 ού
1333 2757 1441 2840 λέγετε

219 2859 387 2945 φανερῶς·
410 2846 448 2944 ἦν
469 2857 586 2943 χρόνος
608 2853 664 2924 ὅτε
686 2853 743 2924 οὐκ
764 2847 803 2942 ἦν
827 2852 844 2922 ὁ
866 2856 981 2942 λόγος,·
1014 2851 1098 2925 ἀλλὰ
1118 2857 1158 2924 τὸ
1179 2859 1239 2941 μὲν
1261 2854 1366 2942 ὄνομα
1380 2860 1439 2926 τοῦ

217 2958 334 3044 χρόνου
356 2964 514 3026 Ισυέπετε
535 2957 622 3045 πρὸς
644 2953 775 3040 άπάτηυ
797 2962 864 3026 τῶν
886 2955 1056 3044 άκεραίων,
1080 2958 1120 3026 τὸ
1135 2959 1287 3047 φρόνημα
1303 2961 1339 3028 δὲ
1354 2955 1441 3052 ὅλως

218 3060 343 3128 ἑαυτῶν
366 3055 404 3128 ού
426 3059 594 3148 κρύπτετε,
618 3056 686 3127 ἀλλ’
711 3056 788 3127 οὐδὲ
809 3059 1008 3145 κρύπτοντες
1022 3061 1142 3128 λαθεῖν
1158 3060 1314 3128 δύνασθε.
1337 3059 1439 3128 πάλιν

217 3161 278 3249 γὰρ
299 3161 435 3247 χρόνους
457 3171 631 3250 σημαίνετε
652 3163 814 3248 λέγοντες·
843 3151 882 3246 ἦν
904 3151 989 3228 ποτε
1012 3158 1067 3227 ὅτε
1089 3156 1146 3228 οὐκ
1167 3151 1221 3248 ἢν,
1245 3164 1298 3228 καί
1322 3157 1379 3228 οὐκ
1399 3150 1439 3247 ἦν

217 3267 297 3350 πρίν
318 3267 490 3350 λγεννηθῇ.

305 3371 352 3428 14.
401 3359 534 3430 Τούτων
566 3358 653 3428 οὕτω
682 3361 896 3443 δεικνυμένων
922 3361 972 3427 ἔτι
1000 3363 1102 3429 πλέον
1130 3359 1359 3430 άναιδεύονται
1387 3363 1437 3428 λέ-

216 3481 345 3547 γοντες·
374 3461 403 3526 εί
429 3463 473 3546 μὴ
502 3452 539 3544 ἦν
562 3484 647 3527 ποτε
669 3456 724 3526 ὅτε
746 3455 805 3526 ούκ
826 3449 880 3546 ἦν,
914 3457 983 3528 ἀλλ’
1009 3457 1117 3542 άΐδιός
1139 3463 1228 3530 ἐστιν
1253 3458 1271 3528 ό
1293 3461 1364 3542 υίὸς
1385 3466 1440 3530 καί

218 3559 418 3644 συνυπάρχει
439 3564 485 3646 τῷ
508 3556 622 3643 πατρί,
646 3553 754 3628 σύκέτι
775 3560 847 3626 υἱὸν
870 3557 938 3628 ἀλλ’
964 3558 1108 3652 ἀδελφὸν
1131 3560 1217 3632 εἶναι
1237 3562 1441 3649 τοῦπατρὸς

288 3750 310 3806 1)
330 3750 393 3798 Ιουο.
415 3749 456 3806 14,
474 3748 514 3798 28.
533 3748 573 3799 29.
626 3748 651 3806 ’Ζί
671 3751 736 3799 θεον.
756 3750 780 3810 8,
799 3749 907 3800 23—25.
961 3752 986 3812 θ)
1006 3754 1069 3803 Ιαευ.
1089 3753 1113 3810 θ,
1132 3753 1173 3803 58.
1226 3755 1251 3807 41
1269 3755 1355 3804 larem.
1374 3753 1439 3812 ί,5.

218 3810 640 3882 55Psa1.90[89.1.xx.]‚1.2.
710 3817 735 3876 6)
753 3821 807 3868 Sus.
828 3815 899 3884 [Dan.
921 3819 959 3869 13.
979 3817 1065 3886 vulg.]‚
1084 3820 1125 3870 λλ.
1195 3821 1304 3880 Πίσαο,
1328 3820 1391 3879 ί,3.

251 3967 272 4000 υ.
291 3952 331 4000 Sic
350 3951 519 4012 θιχοετίοοοι,
539 3951 635 4003 eomer.
656 3954 759 4004 Felckm.
780 3955 801 4004 1.
852 3947 935 4018 κύριε.
973 3955 1110 4004 ὓοίιΙετίοκ.
1128 3964 1152 4004 εί
1170 3955 1306 4008 θείοίααοο.
1323 3957 1344 4005 1.
1361 3947 1405 4002 καὶ
1424 3945 1439 4000 ὁ

216 4019 260 4068 Alii
286 4033 340 4066 υετο
366 4027 388 4067 ει
415 4019 471 4068 editi
494 4013 682 4085 Σολομῶντος.
728 4022 801 4070 Paulo
852 4015 942 4083 Ααρίδ
947 4031 954 4043 ·
973 4014 1066 4096 κύριος
1082 4015 1231 4085 καταφυγή
1240 4031 1285 4072 etc.
1316 4023 1376 4072 adai
1393 4014 1441 4068 καὶ

218 4095 272 4150 post
297 4086 552 4146 Seguerianffiobler.
573 4088 800 4138 Felckm.1.e15.
853 4080 1043 4152 όμὲνΔαβιδ
1062 4080 1342 4150 ψάλλει.κάριοεεια
1378 4088 1439 4136 ibid.

216 4150 330 4211 ποιῆσαι
353 4145 407 4216 πρὸ
435 4153 481 4202 τοῦ
500 4167 545 4206 etc.
592 4156 643 4206 Μοε
661 4161 759 4218 ὃιροεε.
779 4165 802 4204 ει
854 4155 952 4215 θερατυ.
972 4154 1069 4204 Gobler.
1088 4154 1241 4227 etFelek.J.
1260 4145 1290 4200 ἐν
1305 4149 1441 4228 γενεᾷκαὶ

216 4221 272 4282 fleg.
291 4213 339 4268 κατ’
355 4223 467 4272 ominum
485 4231 541 4286 post
557 4215 675 4272 ὑδάτων.
851 4217 941 4284 γενεᾷ.
977 4219 1064 4278 Regius
1088 4211 1126 4271 εἷς
1148 4231 1246 4281 γενιαν
1272 4231 1317 4264 και
1333 4229 1439 4281 γενεαν.

252 4289 273 4336 b.
292 4288 431 4350 δεχοοήεο.
455 4283 530 4354 παρὰ
554 4284 584 4338 δέ
608 4299 652 4340 elo.
689 4289 754 4338 ΙιΙεαι
779 4296 802 4336 ει
853 4287 914 4336 Εδίιί
939 4277 977 4336 εἷς
992 4279 1095 4346 γενεάν.
1132 4285 1274 4346 δεςοετίυο.
1303 4285 1359 4334 ibid.
1385 4299 1440 4336 eun

217 4355 303 4416 θερίοι
324 4349 380 4421 πρὸ
408 4355 455 4404 τοῦ
473 4370 508 4421 με
525 4349 628 4405 πλάσαι
645 4368 675 4404 σε
693 4363 738 4404 eir.
775 4355 800 4402 ίο
854 4351 979 4415 psalmia·
996 4349 1154 4412 γενηθῆναι,
1190 4351 1253 4400 editi
1271 4345 1440 4420 είείίίόδρα-

216 4423 286 4472 εδίίε
303 4435 338 4488 με
356 4425 431 4474 deest.
468 4425 518 4472 Μαι
538 4425 640 4483 Segner.
657 4414 703 4468 καὶ
721 4413 801 4466 όΔα-
854 4413 964 4476 σθῆναι.
1416 4435 1420 4444 ·

215 4437 265 4542 δίδ
279 4483 385 4552 ψάλλει,
404 4485 478 4555 κύριε
497 4500 541 4538 ιω.
577 4489 633 4550 fleg.
655 4489 727 4536 ουοιι
745 4489 800 4536 item
889 4499 909 4532 c.
929 4485 1067 4546 θεροευίοο.
1095 4486 1191 4537 Gobler.
1222 4485 1327 4539 Felckm.
1348 4489 1369 4538 l.
1393 4485 1441 4538 καί
