3220 5046
556 273 667 318 ouran
680 274 1008 320 amcnrranrarrnos.
1306 265 1370 330 488

30 451 42 462 ·
144 425 257 506 gloriar
278 423 460 496 deriderent,
480 441 577 504 naqm
598 441 657 498 ans,
679 443 755 506 quae
776 445 939 508 corporeae
959 445 1022 490 non
1044 437 1123 504 sunt,
1147 439 1284 512 tanquam
1299 451 1455 498 cor-rme.

144 546 253 608 pereas
275 526 440 606 cogitantes
464 544 508 600 ea,
532 545 607 606 quae
629 536 710 590 recta
724 527 800 590 dicte
816 539 895 606 sunt,
917 531 974 612 ipsi
990 551 1079 612 prere
1094 533 1369 612 interpretarentur.

146 628 203 692 Par
224 637 291 692 erat
311 627 427 706 utique,
450 625 517 688 illos
538 627 585 688 bis
608 628 654 690 rel
676 629 773 692 solum
795 631 903 694 auditis
925 641 1027 714 utpote
1049 633 1157 696 Christi
1181 634 1279 702 verbis
1302 655 1370 698 cre·

145 731 235 804 dere,
265 747 332 792 cum
360 727 484 808 simplex
512 728 587 791 tides
613 730 732 792 ernost
761 731 926 810 eloquentia
949 734 990 794 sit
1008 737 1216 816 praestantior.
1262 739 1370 802 Vernus

145 831 286 912 quoniam
308 829 367 892 boc
386 849 505 910 quoqne
522 829 694 910 Scripturas
717 832 782 894 loco
805 833 842 892 ad
864 851 950 896 suam
971 837 1198 900 confirmandam
1221 841 1370 904 baeresim

146 934 270 1012 prolana
299 932 465 994 temeritate
494 931 574 994 abuti
607 941 768 1008 conantur,
802 935 1005 996 necessarium
1034 938 1169 1000 duximus
1197 951 1225 1002 et
1251 943 1370 1006 illorum

148 1033 324 1096 convincere
351 1033 587 1114 improbitatem,
615 1044 643 1094 et
667 1053 743 1116 quae
766 1053 834 1097 vera
857 1036 898 1098 sit
919 1035 1007 1098 buius
1028 1035 1085 1099 loci
1108 1039 1371 1118 interpretatioad

146 1135 277 1204 bdelium
298 1137 486 1198 securitatem
500 1137 675 1216 patefacere.
707 1135 773 1198 Non
788 1135 878 1210 enim,
900 1145 934 1200 nl
948 1136 990 1200 illi
1004 1137 1172 1218 opinantur,
1195 1141 1243 1202 bis
1258 1145 1371 1208 verbis:

147 1237 209 1320 ligo
231 1243 265 1300 irr
287 1238 380 1300 Patre
401 1247 429 1301 et
452 1237 544 1302 Pater
565 1243 597 1300 ia
618 1257 665 1300 aas
688 1249 732 1302 ert
754 1239 952 1318 significatur,
982 1259 1036 1318 eqs
1058 1240 1089 1301 in
1111 1260 1145 1302 se
1167 1241 1291 1305 invicem
1314 1247 1371 1306 inr-

146 1340 223 1404 mitti
246 1358 373 1419 seseque
395 1339 483 1402 reluti
504 1357 594 1402 ranna
615 1340 758 1418 quaedam
778 1360 849 1404 rasa
869 1341 995 1404 invicem
1016 1341 1149 1422 implere,
1172 1342 1213 1406 ita
1235 1353 1267 1407 ut
1288 1345 1375 1410 Pater

146 1441 212 1504 Filii
234 1451 265 1504 et
285 1441 377 1504 Filius
398 1441 494 1504 Patria
517 1442 689 1504 vacuitatem
718 1441 847 1522 repleat,
877 1453 1042 1524 neuterque
1070 1443 1188 1506 illorum
1216 1445 1323 1526 plenus
1344 1458 1376 1510 et

147 1545 297 1624 perlectus
319 1543 366 1606 sit
410 1543 562 1624 Siquidem
584 1544 615 1605 id
636 1545 792 1625 proprium
809 1554 855 1608 est
870 1565 1040 1627 corporum,
1062 1564 1119 1610 nec
1132 1546 1244 1628 absque
1257 1566 1375 1612 summa

147 1646 298 1724 impietate
320 1645 366 1707 vel
388 1645 476 1708 etiarn
498 1646 555 1709 dici
584 1656 682 1726 queat
725 1647 836 1710 Plenus
866 1647 945 1710 enim
973 1657 1003 1710 et
1029 1649 1180 1729 perlectus
1208 1659 1255 1714 est
1275 1649 1372 1725 Pater,

147 1755 177 1810 et
197 1748 263 1827 ipse
282 1747 376 1810 Filius
397 1747 551 1830 plenitudo
573 1757 622 1810 est
642 1747 751 1813 Patris.
793 1749 854 1813 Nec
875 1753 946 1812 rard
968 1750 1074 1814 eodem
1096 1751 1196 1828 modo,
1219 1771 1279 1833 quo
1294 1753 1373 1816 [laus

145 1856 194 1910 est
214 1850 245 1910 ira
268 1849 384 1914 Sanctis
406 1857 438 1912 nt
460 1870 515 1912 ens
536 1850 722 1926 corroboret,
744 1851 783 1915 ita
806 1861 854 1915 est
876 1861 907 1914 et
922 1853 953 1914 iu
967 1851 1054 1916 Filio.
1099 1853 1167 1934 lpse
1182 1854 1260 1916 eninr
1276 1854 1371 1918 rirlna

146 1961 194 2014 est
217 1952 279 2012 sire
299 1951 394 2014 robur
414 1961 445 2014 et
465 1953 608 2034 sapentia
630 1952 741 2029 Patris,
775 1953 898 2035 eiusque
919 1955 1128 2018 communione
1155 1975 1206 2018 res
1228 1957 1320 2020 laetae
1342 1956 1373 2018 in

146 2051 259 2134 Spiritu
290 2051 524 2132 sanctilicantur3
561 2055 627 2135 ipse
657 2065 755 2118 autem
788 2055 880 2118 Filius
914 2074 974 2117 nou
1005 2056 1128 2120 alicuius
1162 2057 1373 2120 communione
1451 2119 1463 2132 ,

145 2156 224 2218 iilius
247 2163 302 2228 est,
322 2157 378 2219 sed
400 2157 539 2237 proprius
562 2163 611 2216 est
632 2155 729 2216 Patris
752 2158 840 2218 letus.
884 2155 944 2216 Nec
965 2156 1036 2218 item
1051 2157 1143 2218 Filius
1166 2167 1212 2216 est
1232 2156 1262 2216 in
1285 2157 1374 2218 Patre

114 2271 130 2292 ·
146 2259 249 2321 eadem
271 2259 402 2330 ratione,
425 2239 512 2336 quam
534 2255 667 2316 indicant
687 2257 761 2316 baec
782 2256 888 2318 rerba:
923 2255 960 2316 ln
982 2259 1048 2334 ipso
1071 2259 1199 2318 oinimm
1222 2266 1252 2317 et
1271 2273 1374 2318 mooe-

145 2379 216 2423 rnur
238 2370 267 2422 et
289 2376 405 2420 marus.
449 2355 521 2416 Nam
544 2355 610 2434 ipse
632 2373 668 2414 ex
689 2355 776 2416 Patre
799 2354 900 2415 existit
921 2363 1060 2433 tanquam
1082 2371 1119 2414 ex
1140 2353 1222 2416 iente
1243 2355 1319 2428 rita,
1342 2354 1373 2417 iu

130 2481 205 2541 ,qna
234 2459 332 2520 omnia
359 2459 425 2518 cbm
455 2455 542 2517 ritem
575 2455 724 2536 accipiunt
753 2465 814 2518 tum
843 2453 1022 2518 consisteret.
1066 2453 1132 2516 Non
1161 2455 1240 2518 enim
1262 2455 1319 2518 rita
1342 2455 1372 2517 in

147 2563 208 2624 ritu
235 2559 321 2636 sirit,
353 2557 484 2639 alioquin
510 2558 570 2622 rita
597 2577 657 2620 uon
686 2567 783 2632 esset,
817 2557 871 2621 sed
899 2558 999 2638 potins
1027 2557 1115 2620 vitem
1143 2557 1209 2638 ipse
1231 2559 1370 2622 omnibns

147 2663 288 2744 impertit

232 2769 262 2830 2.
307 2765 367 2828 lam
389 2783 460 2826 aero
482 2763 612 2845 argutias
634 2781 752 2844 quoque
773 2763 881 2826 Asterii
902 2761 1065 2842 sophistae,
1088 2761 1221 2828 haeresis
1244 2761 1371 2844 patroni,

121 2852 174 2932 'ai
196 2867 300 2946 pacet,
323 2867 523 2945 dispiciamus.
567 2865 623 2926 tttc
645 2865 723 2926 enim
745 2863 870 2926 ludaeos
894 2863 1057 2925 aemulatus
1079 2881 1124 2937 ea,
1147 2881 1223 2943 quae
1238 2881 1372 2945 sequun-

150 2977 215 3040 tur,
246 2966 375 3045 scripsit
421 2966 636 3044 „Perspicuum
665 2965 743 3026 enim
774 2973 836 3037 est,
865 2963 974 3043 inquit,
1004 2963 1085 3024 illum
1112 2963 1223 3025 idcirco
1251 2964 1372 3036 dixisse,

151 3069 312 3148 „seipsum
336 3067 365 3128 in
387 3065 474 3128 Patre
497 3079 526 3127 et
540 3066 658 3126 Patrem
682 3065 711 3126 in
735 3065 835 3144 seipso
858 3083 938 3138 esse,
961 3065 1041 3150 quod
1064 3083 1119 3125 nec
1140 3065 1239 3142 ipsum
1254 3062 1374 3143 quidem

150 3187 364 3244 „sermonem
396 3187 484 3248 quem
512 3167 698 3248 proterebat,
729 3167 775 3228 sui
804 3185 873 3230 esse
901 3167 1029 3239 diceret,
1057 3165 1110 3226 sed
1131 3161 1290 3236 Patris,·a
1313 3183 1373 3244 quo
1457 3243 1461 3252 ,

36 3303 39 3308 ·
150 3271 312 3349 „videlieet
333 3270 438 3350 agendi
460 3270 596 3332 virtutem
619 3273 804 3351 acceperat.“
835 3267 973 3330 Proiecto
996 3267 1023 3328 si
1038 3265 1180 3347 puerulus
1196 3264 1254 3328 ists
1267 3265 1373 3346 loque-

148 3385 240 3448 retur,
264 3373 377 3436 reniam
399 3392 435 3436 ex
457 3379 552 3435 aetate
574 3379 678 3452 posset
701 3371 853 3451 consequi.
888 3369 964 3432 Cum
984 3377 1081 3430 autem
1104 3369 1178 3430 haec
1190 3365 1243 3430 ille·
1254 3368 1373 3442 scribat,

150 3477 201 3558 qui
222 3476 361 3556 Sopbisto
384 3485 504 3540 vocatur
525 3483 555 3538 et
576 3475 675 3538 omnia
704 3493 737 3536 se
764 3475 921 3554 profitetur
948 3490 1147 3551 cognoscere,
1175 3489 1232 3551 qua
1261 3487 1373 3551 quaeso

70 3605 72 3613 v
150 3577 335 3639 damnatione
364 3577 469 3656 dignus
498 3595 567 3640 ease
598 3576 766 3638 censendus
796 3574 866 3638 esti
897 3575 941 3636 bn
972 3593 1032 3636 non
1061 3575 1149 3635 etiarn
1177 3571 1308 3652 seipsum
1337 3571 1373 3632 ab

148 3677 292 3758 Apostolo
310 3677 437 3740 alienum
459 3679 576 3757 probat,
599 3677 709 3759 quippe
731 3677 780 3758 qui
802 3675 1048 3758 persuasibilibus
1071 3673 1233 3754 sapientiae
1254 3691 1373 3736 sermo·

149 3779 238 3842 nibus
261 3779 411 3858 glorietur,
434 3779 541 3858 quibus
564 3787 594 3840 et
614 3777 689 3842 alios
711 3799 744 3842 se
766 3780 902 3860 decipere
924 3797 1017 3858 posse
1039 3777 1171 3850 conlidit,
1194 3795 1259 3838 cum
1275 3784 1373 3837 tamur

185 3965 208 4014 d.
232 3965 273 4014 Sic
296 3965 352 4026 lirg.
379 3963 400 4012 i.
425 3969 449 4014 et
471 3962 570 4022 Segner.
605 3963 633 4012 bt
656 3963 696 4014 alii
715 3971 739 4014 rt
789 3965 854 4014 ldenr
879 3963 967 4014 ibidem
991 3965 1047 4026 ling.
1078 3965 1100 4014 l.
1124 3971 1148 4012 et
1170 3963 1270 4044 Segner.
1288 3973 1375 4026 qu

151 4033 208 4084 editi
226 4024 285 4080 lore
301 4025 366 4090 cmi,
385 4023 415 4079 dr
435 4013 458 4094 qi
477 4023 510 4077 rei
528 4021 619 4078 πάντα
637 4027 737 4096 (meyr-
789 4019 874 4086 elaea,
894 4022 961 4079 «itte
980 4029 1027 4079 rori
1045 4025 1156 4098 πατρὸς,
1176 4043 1253 4096 prate.
1288 4033 1316 4078 tt
1334 4031 1375 4082 alii

150 4099 239 4148 velant
255 4093 301 4147 ani
319 4094 487 4156 nodatam.
517 4096 638 4158 neglect.
658 4107 737 4148 tamen
790 4107 814 4149 at
830 4099 887 4148 editi
906 4111 1008 4163 φησιν,
1035 4089 1102 4147 nim
1119 4097 1167 4147 rori
1184 4092 1290 4165 πατρὸς
1306 4085 1375 4146 εἶναι

150 4169 223 4218 babet
240 4159 417 4232 domestici
433 4177 462 4214 re
479 4158 525 4212 ani
542 4159 711 4224 συνέστηκεν.
787 4159 867 4231 padi.

186 4249 207 4284 a.
225 4237 266 4284 Sic
284 4235 369 4294 treginr
387 4237 480 4296 primns
498 4235 633 4294 etSegner.
659 4233 738 4283 ntrlii
824 4235 840 4283 i.
859 4229 1141 4354 Folclrm.2.rteditixnl.
1172 4217 1374 4290 deterioretis.

1121 4219 1133 4248 1

151 4309 176 4351 at
193 4301 250 4351 editi
275 4295 321 4349 dria
345 4299 425 4349 annito
450 4293 537 4366 signas
558 4292 733 4366 privimeria.
823 4315 845 4362 g.
865 4301 920 4362 lieg-
943 4301 965 4350 t.
982 4295 1013 4350 ἐν
1029 4301 1111 4350 nardo
1153 4295 1257 4368 σοφίας
1273 4293 1373 4363 atrae.

151 4369 225 4420 baril.
243 4383 296 4418 mos
313 4361 396 4416 πάλιν
413 4371 506 4418 omittit.
544 4369 634 4417 ibidem
647 4367 736 4429 Regi.
789 4377 855 4417 utet
873 4369 943 4417 babet
966 4369 1097 4432 Scriptura.
1134 4368 1287 4418 leletmanni
1305 4369 1328 4414 b.
1346 4357 1377 4413 ἒν

151 4435 252 4494 Sagnsr.
277 4437 373 4487 Goblrr.
392 4444 416 4485 et
434 4437 537 4485 letetur.
559 4437 580 4486 t.
591 4428 666 4550 arira
688 4429 737 4482 τὸν
787 4433 882 4483 ureret
904 4431 1008 4513 σσφίσς
1030 4429 1121 4501 λόγον.
1157 4435 1217 4486 Editi
1235 4427 1266 4483 ir
1282 4429 1388 4500 armet,

151 4493 243 4566 λόγον.
285 4503 328 4552 atti
353 4511 377 4552 at
401 4504 458 4552 editi
479 4496 589 4569 prqdlr
645 4495 735 4566 λόγον.
787 4503 890 4569 σοφίας
906 4497 1006 4568 ioyntc.
