3220 5046
87 229 91 241 Ι
197 195 204 225 t

574 331 683 378 nmmo
699 332 720 378 r.
737 326 1001 380 normannorum
1328 321 1392 386 ido

79 489 87 494 ’
161 493 257 556 mines
280 499 399 564 areant,
423 489 478 552 sed
500 503 601 549 meare
622 493 656 547 ut
675 485 785 560 Deum3
808 485 943 548 similiter
963 503 1080 568 quoquo
1102 487 1213 550 uiarum
1235 495 1298 560 eet,
1320 503 1474 554 aarum

159 596 283 675 gignere
304 607 366 655 oon
400 595 434 652 ut
461 587 584 670 pignum
604 587 756 662 homines,
791 587 843 649 sed
870 595 903 651 nt
930 589 1023 669 gignit
1048 589 1135 654 daun.
1180 591 1283 670 Neque
1309 591 1389 654 euim

160 697 241 758 Dens
264 695 419 757 hominem
435 689 575 764 imitatur,
599 689 652 750 sed
667 689 767 768 potius
783 689 921 751 homines
935 697 1058 770 propter
1072 691 1176 766 Deum,
1200 693 1250 773 qui
1264 695 1389 775 proprie

161 805 194 858 et
214 795 298 858 soitrt
321 807 392 854 rore
413 791 501 853 Patet·
521 791 567 853 sui
589 790 684 869 ipsius
702 787 768 850 rna
791 799 845 862 eat,
866 800 967 870 putres
989 808 1105 872 qunque
1127 809 1255 857 enorum
1272 795 1388 860 littero-

163 913 229 957 mm
253 901 322 956 sunt
343 891 488 972 appellati.
518 892 591 953 Num
615 909 650 952 ax
673 890 739 969 ipso
763 895 857 952 omnia
871 897 1091 971 peternitortn
1105 895 1195 957 mrito
1209 907 1238 959 et
1252 901 1287 959 ita
1300 907 1388 961 tarro

165 999 352 1058 nominatur.
395 993 437 1055 En
458 1009 559 1072 porro,
584 1009 659 1072 quae
680 991 781 1053 dicunt
802 991 853 1062 iiii,
877 991 1007 1053 sinemo
1025 994 1204 1072 expenderit,
1226 997 1390 1075 prudenter

166 1097 373 1178 sapienterque
401 1096 478 1158 (stota
507 1113 575 1156 esse
597 1097 675 1156 tortu
695 1091 859 1168 videbitnr3
890 1098 923 1155 at
942 1094 968 1155 si
991 1093 1057 1174 quin
1080 1110 1113 1156 ea
1135 1099 1250 1158 radone
1273 1101 1386 1162 erami-

165 1197 293 1272 naverit,
316 1197 388 1259 nihii
411 1197 481 1258 idon
500 1197 568 1258 inde
590 1196 648 1258 nini
671 1194 764 1256 risum
787 1193 911 1257 multum
933 1208 963 1258 at
984 1203 1164 1258 contemtum
1187 1196 1245 1260 sibi
1267 1201 1388 1262 coneili-

161 1317 233 1360 aeso
255 1299 427 1380 comperiet.
884 1353 888 1362 .
1307 1309 1311 1317 “

249 1403 301 1466 24.
345 1399 477 1480 Namque
498 1399 593 1479 primo
614 1397 731 1460 iliorum
754 1397 946 1478 inremogutio
967 1397 1055 1460 ttuita
1070 1398 1204 1477 proteron
1220 1397 1390 1478 incertaque

162 1509 220 1563 est.
263 1501 325 1564 Nee
345 1501 423 1562 enim
446 1500 575 1562 indicant
597 1517 655 1578 qua
676 1499 713 1560 de
734 1513 768 1562 re
789 1500 993 1580 interrogent,
1025 1509 1058 1560 ut
1078 1499 1279 1580 interrogatus
1302 1509 1395 1582 queat

159 1603 355 1683 respondere,
379 1603 434 1664 sed
455 1601 590 1664 absolute
612 1601 708 1662 aium:
731 1601 828 1676 „Num
843 1602 892 1682 qui
909 1609 963 1676 ert,
979 1618 1064 1676 eum,
1087 1601 1213 1682 quinon
1230 1611 1294 1664 erat
1308 1609 1389 1665 Μ*

163 1703 237 1777 Quia
259 1721 330 1784 ergo
352 1705 400 1766 iiie
423 1713 479 1778 est,
503 1703 554 1784 qui
578 1712 633 1776 eat,
656 1711 686 1764 et
707 1720 781 1782 quae
804 1711 875 1764 sunt
896 1722 940 1777 ea,
963 1721 1038 1783 quan
1059 1721 1120 1765 non
1143 1711 1234 1778 erunt,
1259 1719 1281 1765 ο·
1299 1699 1388 1766 nnn:

162 1805 219 1868 mi?
263 1807 337 1879 Quis
358 1807 406 1868 iiia
428 1815 485 1879 eat,
508 1807 558 1886 qui
581 1813 636 1878 eat,
660 1805 761 1884 quisve
784 1805 843 1879 ide,
866 1805 915 1884 qui
938 1821 1000 1866 non
1022 1804 1110 1867 erat?
1152 1807 1302 1878 Quaem
1317 1823 1387 1868 esee

162 1905 300 1968 (fruuntur
326 1907 371 1969 vei
403 1923 463 1968 non
485 1904 579 1968 enee?
621 1905 694 1968 Nam
717 1907 766 1986 qui
789 1913 849 1980 eet,
882 1907 978 1968 iuuere
1004 1913 1105 1987 potest
1130 1915 1192 1970 nrm
1220 1925 1295 1988 quae
1322 1923 1386 1970 non

164 2015 250 2082 aunt,
280 2018 340 2070 tnm
362 2025 435 2089 quen
458 2017 542 2084 eunt,
569 2013 646 2071 tum'
665 2009 752 2070 etiam
781 2024 855 2089 quan
877 2009 959 2088 prins
982 2017 1073 2070 erant
1119 2009 1271 2090 Siquidem
1291 2010 1385 2084 noer,

164 2111 275 2172 auriiex
297 2121 326 2174 et
348 2111 452 2191 figulus
474 2127 528 2192 pro
552 2127 607 2172 aua
628 2111 735 2191 singuli
757 2109 877 2189 proprie
899 2118 962 2171 arta
984 2111 1108 2172 materia·
1128 2112 1201 2191 ipsis
1218 2111 1375 2190 primeri-

159 2217 257 2274 steute
278 2210 401 2275 utuntur
424 2221 455 2274 et
475 2231 549 2292 qnae
571 2213 672 2275 voirmt
693 2229 763 2274 rann
785 2211 900 2291 tingunt
920 2229 955 2273 er
978 2229 1020 2272 ean
1053 2211 1122 2291 ipae
1142 2221 1245 2274 autem·
1261 2213 1385 2274 uniuer-

161 2315 367 2375 eorumbene
389 2297 527 2394 putrere,
555 2315 604 2392 qni
634 2316 691 2375 iam
715 2321 779 2375 erat
800 2319 946 2392 quemque
968 2312 1166 2392 produxerat,
1194 2323 1311 2374 eterra
1331 2329 1384 2374 ns-

161 2421 262 2476 sumtu
284 2413 435 2473 dominere
451 2414 597 2482 ior-mavit,
618 2428 719 2476 rerum
736 2415 813 2476 hane
826 2413 919 2493 ipsam
938 2423 1056 2486 terram,
1078 2429 1153 2492 quae
1168 2413 1286 2492 quidem
1302 2413 1387 2494 priua
1507 2397 1511 2404 ⁸

164 2529 225 2572 uon
249 2519 319 2585 arnt,
343 2529 398 2592 per
418 2513 571 2593 proprium
593 2515 658 2595 ipse
676 2515 803 2577 Verbum
824 2523 857 2578 ut
879 2524 959 2577 assat
979 2515 1057 2577 ierit.
1101 2515 1139 2580 Si
1155 2515 1244 2595 igitur
1264 2515 1320 2578 ieta
1342 2515 1385 2578 itti

161 2613 330 2692 inquirunt,
353 2615 450 2694 patum
471 2623 530 2689 est,
553 2633 602 2677 ree
624 2625 736 2680 meane
758 2635 819 2680 non
842 2619 936 2680 trinae
957 2627 1110 2697 antemium
1133 2619 1253 2693 flerent,
1282 2615 1397 2680 rant-1

159 2731 274 2795 uosque
296 2716 340 2778 uti
362 2717 500 2790 materia,
523 2735 596 2796 quae
618 2719 674 2780 iam
697 2719 750 2794 sit3
779 2737 814 2782 ao
833 2719 958 2799 proinde
979 2720 1057 2782 nnita
1080 2721 1137 2782 erit
1157 2719 1278 2782 illorum
1296 2721 1382 2794 ratio,

159 2833 227 2876 oum
250 2825 279 2877 et
300 2818 371 2878 dant
393 2837 443 2890 aa,
466 2835 541 2898 quae
564 2829 647 2893 sunt,
671 2828 703 2882 et
721 2839 755 2881 ea
778 2819 914 2881 similiter
935 2821 1021 2890 dano,
1044 2839 1118 2900 quae
1140 2839 1199 2883 uon
1221 2829 1322 2895 arant,
1345 2839 1382 2882 eo

159 2931 269 2996 nempe
294 2935 355 2996 quo
382 2919 510 2980 dirimuu
532 2937 632 2982 senen.
678 2921 736 2981 Sed
759 2921 785 2981 ei
808 2919 844 2981 de
865 2919 927 2982 Deo
949 2920 1073 3000 eiusque
1094 2921 1191 2984 Verbo
1213 2938 1383 2984 sermonem

160 3017 286 3094 habent,
314 3019 425 3080 addant
444 3039 519 3099 quae
539 3021 647 3082 desunt
668 3035 739 3082 euna
761 3021 995 3101 interrogationi,
1019 3037 1141 3100 eamque
1163 3023 1193 3080 iu
1215 3023 1293 3082 huno
1314 3039 1384 3084 mo·

161 3120 232 3182 dum
256 3123 394 3183 ederant:
418 3123 482 3194 „Aa
505 3123 555 3201 qui
579 3131 624 3184 oet
646 3121 735 3196 Deus,
759 3121 814 3182 fuit
835 3121 991 3201 aliquando
1016 3121 1081 3182 aina
1102 3119 1223 3182 vniat
1266 3122 1311 3182 An
1333 3122 1386 3201 qui

157 3221 238 3298 „iux
258 3234 317 3295 est,
342 3223 407 3283 sino
430 3223 591 3304 splendore
613 3222 727 3285 erati⁴‘
750 3221 811 3284 vei:
834 3223 898 3297 „dn
921 3235 1040 3303 semper
1061 3223 1117 3285 init
1137 3221 1223 3284 Verbi
1243 3221 1383 3286 Pater?“

157 3335 209 3386 eut
229 3342 333 3387 means
356 3325 414 3386 hoe
435 3327 540 3386 modo:
570 3325 667 3400 „Num
691 3326 748 3405 qui¹
763 3335 813 3386 est
832 3325 933 3399 Pater,
958 3323 1101 3400 Verbum,
1125 3341 1190 3387 oum
1213 3333 1299 3388 antea
1321 3343 1384 3388 non

157 3435 276 3501 „esset
298 3424 391 3488 inuiti
432 3427 476 3493 dn
498 3445 558 3488 non
580 3427 681 3508 potior
704 3427 841 3501 Vomm,
865 3426 914 3506 apri
937 3443 1008 3489 eune
1030 3435 1151 3489 metonae
1171 3429 1312 3509 proprius
1334 3437 1383 3492 est
1444 3459 1446 3466 ·

161 3528 275 3604 „tetum
298 3545 397 3589 senum
420 3542 538 3609 semper
560 3528 698 3591 habeti“
729 3529 771 3590 itu
793 3529 873 3592 enim
888 3529 1076 3610 perspicuum
1093 3530 1158 3604 erit,
1182 3530 1249 3593 ilios
1265 3531 1302 3594 da
1316 3531 1379 3594 Deo

162 3633 194 3686 at
215 3627 249 3688 de
271 3647 316 3702 eo,
338 3631 388 3710 qui
411 3649 447 3692 ex
467 3631 529 3692 Deo
552 3641 606 3705 est,
629 3631 778 3694 curiosius
800 3649 888 3712 quam
910 3649 963 3713 par
985 3641 1032 3694 est
1053 3633 1191 3712 indagaro
1212 3635 1378 3714 nudatoque
1387 3649 1466 3697 enat.

161 3728 360 3808 sophistarum
387 3748 471 3793 more
501 3733 658 3814 disputare.
703 3733 810 3814 Ecquis
841 3733 919 3796 enim
946 3734 1017 3796 iiior·
1040 3735 1136 3796 Deum·
1160 3736 1226 3797 sine
1253 3735 1378 3799 Ratione

157 3942 278 3996 δυνατὸν
305 3944 360 4018 γὰρ
387 3945 436 3999 τὸν
462 3944 536 4002 ὄντα.
572 3953 693 4014 inplicam.
719 3964 742 4004 et
794 3956 849 4015 dep.
878 3962 900 4004 et
926 3954 1028 4004 Feicitm.
1047 3956 1070 4004 5.
1089 3945 1154 4014 ὕλην
1171 3947 1374 4022 ἐπεργάζονται.

159 4017 261 4066 Fricirn.
281 4018 305 4067 5.
331 4021 419 4069 tutem
442 4033 536 4085 qnoque
554 4016 649 4084 λέγετε.
686 4023 741 4082 dog.
794 4023 855 4072 Edit.
874 4013 939 4080 ὕλην
956 4013 1163 4086 ἀπεργάζονται.

157 4099 212 4132 aera
230 4081 364 4150 λέγονται,
402 4089 452 4137 ttux
477 4093 574 4151 sepnor.
593 4087 681 4136 ποιεῖν
697 4083 764 4138 καὶ·
829 4091 850 4140 n.
877 4089 900 4138 in
927 4091 1025 4152 Sequar.
1050 4089 1136 4138 deerunt
1159 4087 1377 4156 paraptomate}

157 4147 193 4198 τὰ
209 4147 247 4218 μὴ
267 4148 334 4202 ὄντα
352 4148 397 4202 καὶ
416 4150 449 4203 τὰ
465 4150 595 4225 προόντα.
791 4151 832 4223 μὴ
850 4149 946 4206 ὄντων.
990 4157 1047 4206 totu.
1074 4160 1151 4218 idern,
1170 4163 1258 4222 engone.
1278 4163 1375 4210 Gobter.

191 4255 208 4304 ῐ.
226 4258 366 4318 Sequerian.
389 4253 437 4308 rto!
459 4261 552 4309 omittit.
590 4259 664 4310 Penio
686 4268 743 4324 post
793 4237 816 4304 ‘al
842 4225 974 4274 ''⁰¹⁰¹“”2'ii
996 4223 1018 4273 t·
1042 4215 1127 4290 ὥςπερ
1151 4219 1270 4294 εἴπομεν.
1314 4230 1392 4308 diditi,

794 4306 880 4359 ωςπερ
899 4285 1019 4358 εἴπαμεν.
1299 4335 1303 4342 ,

827 4363 841 4410 i.
861 4363 900 4410 Sir
918 4363 1057 4424 arguerim.
1077 4361 1174 4412 notter.
1193 4369 1216 4410 et
1233 4363 1337 4411 Fetctn.
1353 4363 1376 4412 t.

771 4424 854 4478 'Edrti
872 4445 926 4477 vern
945 4437 967 4476 et
986 4431 1025 4478 atri
1044 4422 1079 4476 τὰ
1096 4425 1230 4478 λείποντα.
1268 4431 1376 4478 diense-

156 4321 261 4374 ratmm.
281 4326 304 4375 5.
335 4323 479 4386 πεποίηκεν
501 4319 516 4376 ὅ
539 4321 604 4382 θεὸς
627 4321 674 4376 dai
692 4327 748 4388 τοῦ,

155 4381 229 4439 r’dt'ou
247 4385 338 4460 λόγου.

190 4507 212 4554 p.
240 4493 280 4544 Sic
307 4497 406 4557 Sagun.
434 4497 531 4548 canter.
553 4509 575 4548 et
594 4497 697 4547 Feieitm.
719 4499 740 4547 i.
794 4513 858 4559 gaer.
876 4491 922 4542 καὶ
940 4487 1026 4548 οὕτως
1044 4487 1270 4560 disparatum.

154 4558 217 4610 Editi
236 4577 292 4612 vero
310 4559 376 4632 πρὶν
394 4557 410 4625 ἢ
427 4561 547 4630 γίνηται.
579 4565 740 4628 Ηοιὸοςυοῐ.
827 4565 848 4614 Ι.
867 4567 966 4626 Sequar.
985 4557 1047 4627 napi
1064 4561 1113 4610 rod
1132 4561 1206 4610 deod.

1121 4643 1173 4690 1³*
