3214 5048
582 261 689 308 θΙΠΙΟ
705 261 737 306 ΙΙ.
754 259 870 306 “lim
883 259 1020 306 ΑΙΙΔΗΟΒ.
1353 247 1415 314 363

185 420 291 502 priora
311 433 374 480 nou
395 419 532 486 maneat,
555 413 609 476 sed
630 421 821 475 evanescunt.
866 411 957 475 Cuius
979 411 1023 474 rei
1046 411 1126 474 haee
1140 431 1229 474 causa
1252 419 1314 485 est,
1337 413 1501 494 quodsaos

188 521 309 584 illorum
330 527 447 599 patres,
470 531 536 578 cum
559 513 697 576 homiues
720 515 798 588 sint,
818 509 914 576 lluxas
935 513 1044 576 habent
1064 521 1177 577 aetates
1200 513 1330 595 aliasque
1351 516 1418 578 aliis

188 621 385 688 succedentes
408 615 614 696 cogitationes,
636 633 671 678 ae
692 616 789 697 qualia
810 615 1021 696 ipsi-cogitant
1042 624 1073 678 et
1093 617 1282 692 meditantur,
1306 618 1373 680 talia
1389 627 1419 680 et

190 723 371 804 loquantum
393 737 453 800 quo
475 718 518 787 lit,
540 723 574 778 ut
596 717 686 780 multa
707 716 836 780 habeant
857 716 965 792 rerba,
986 717 1156 800 nullumque
1177 729 1276 782 tamen
1298 719 1417 782 illorum

189 833 297 906 postea
320 821 463 901 supersit.
508 819 581 880 Cum
609 819 690 881 euim
717 819 761 893 is,
790 817 1007 898 colloquitur,
1034 819 1162 894 siluerit,
1192 841 1295 884 eorum
1317 823 1446 886 statim·

192 923 294 987 delicit
315 922 447 986 verbum.
491 919 545 982 llei
567 929 664 982 autem
680 918 808 982 Verbum
827 937 918 981 unum
941 919 1070 980 elidem
1092 930 1149 995 est,
1172 931 1202 984 et
1221 924 1417 1004 ut·srriptnm

192 1033 253 1088 eat:
292 1023 415 1088 Vadam
443 1023 501 1086 Dei
526 1026 562 1084 irc
586 1021 741 1084 coresium
760 1033 935 1103 pannones,
966 1039 1021 1084 nec
1043 1024 1187 1096 mutatur,
1214 1041 1270 1085 nee
1290 1025 1417 1104 primum

193 1133 244 1188 aut
265 1125 428 1188 seeundum
452 1131 509 1196 est,
532 1123 585 1185 sed
608 1122 686 1184 idem
710 1139 829 1202 semper
844 1121 953 1186 existit.
997 1121 1110 1202 Nempe
1125 1124 1317 1187 conveniebat
1332 1127 1418 1190 unius

192 1225 246 1289 [lei
268 1245 357 1288 uuam
380 1245 451 1288 essa
472 1222 640 1302 imaginem,
663 1241 755 1286 unum
776 1224 914 1298 Verbum,
937 1241 1025 1287 unam
1049 1223 1235 1304 sapientiam.

280 1529 331 1593 37.
376 1526 520 1600 Quocirca
549 1544 610 1588 nou
632 1543 758 1606 possum
781 1543 841 1588 non
863 1525 981 1599 mirari,
1004 1525 1170 1606 quomodo,
1193 1545 1259 1590 cum
1282 1547 1358 1592 unus
1380 1529 1421 1592 ait

191 1627 289 1702 uene,
321 1626 363 1690 illi
391 1637 447 1707 pro
478 1632 541 1690 suis
570 1629 748 1690 commentis
776 1627 882 1691 multas
904 1627 1069 1706 imagines,
1099 1628 1259 1706 sapientias
1281 1639 1311 1692 et
1331 1631 1420 1708 verba

185 1730 339 1802 inducant,
363 1727 500 1809 aliudque
523 1729 615 1792 velint
636 1749 704 1792 esse
725 1730 880 1810 proprium
903 1748 938 1792 uo
959 1729 1091 1792 naturale
1112 1729 1208 1810 Patris
1225 1731 1364 1806 Verbum,
1386 1733 1418 1794 iu

184 1850 248 1912 quo
264 1831 412 1894 etlilium
427 1829 540 1904 lecerit,
556 1848 644 1910 quem
657 1831 762 1894 Filium
778 1849 880 1902 rerum
897 1830 961 1892 sola
977 1831 1156 1910 cogitatione
1169 1831 1298 1894 Verbum
1312 1843 1418 1913 putant

182 1923 347 2014 appellari,
376 1931 538 2007 uirilem,
566 1932 660 2004 viam,
689 1933 804 1995 ianuam
828 1941 858 1994 et
878 1931 990 2011 lignum
1012 1929 1098 1994 vitae'.
1143 1933 1323 2013 Sapientiam
1344 1935 1416 2000 item
1425 1949 1501 1998 roos

181 2033 420 2098 nominetenus
442 2053 509 2097 eum
531 2033 588 2096 dici
611 2035 736 2108 docent,
767 2034 911 2114 aliamque
939 2034 1090 2115 propriam
1118 2053 1154 2096 ac
1173 2053 1271 2098 reram
1295 2039 1416 2116 sapien-

180 2138 259 2201 tiam
281 2136 378 2200 Patris
400 2154 480 2210 esse,
504 2155 561 2199 uua
584 2155 650 2199 eum
673 2137 742 2216 ipso
766 2136 942 2198 existentem
964 2152 1020 2198 nec
1041 2137 1292 2214 irmengardam,
1315 2121 1345 2198 iu
1361 2157 1418 2217 qua

178 2242 297 2304 facttum
320 2247 350 2298 et
371 2237 470 2318 ipsum
492 2236 599 2298 Filium
622 2236 796 2316 sapientiam
819 2253 938 2315 quoque
956 2235 1119 2314 appellarit,
1144 2235 1241 2314 utqui
1257 2235 1419 2314 sapientiae

176 2340 268 2406 illius
292 2347 374 2400 esset
394 2338 554 2417 particeps.
597 2337 678 2400 llaec
698 2355 790 2417 porro
812 2353 874 2398 non
897 2336 993 2398 solum
1016 2355 1088 2398 voce
1110 2336 1245 2416 prolerre
1260 2338 1326 2400 errsi
1339 2340 1419 2412 suot,

180 2439 245 2506 sed
275 2448 304 2502 et
334 2439 421 2500 Alios
449 2440 479 2500 in
509 2457 563 2502 sua
597 2438 688 2501 edidit
720 2437 838 2513 Thalia,
873 2431 915 2508 ets
932 2437 1070 2518 Sophiste
1093 2437 1245 2510 Asterius,
1278 2447 1310 2500 ut
1331 2439 1420 2501 etiam

179 2549 305 2622 *supra
327 2539 489 2614 attulimus,
512 2541 543 2602 in
565 2540 645 2602 huuc
666 2539 787 2620 scripsit
809 2537 945 2600 modum:
970 2539 1062 2613 „Non
1087 2537 1160 2600 dixit
1181 2537 1283 2600 beatus
1298 2539 1418 2614 Paulus,

171 2660 251 2724 ·‚,so
273 2641 422 2704 Christum
445 2641 539 2722 ipsam
563 2641 614 2704 llel
637 2641 774 2704 virtutem
799 2642 845 2703 vel
861 2640 955 2721 ipsam
971 2640 1024 2702 llai
1045 2640 1221 2720 sapientiam
1236 2639 1418 2720 praedicare,

178 2743 273 2824 „sed
294 2743 360 2806 sine
381 2745 557 2824 pronomine
578 2739 792 2808 virtutem'llei
813 2751 844 2806 et
865 2743 918 2806 llei
945 2741 1136 2824 sapientiam,
1167 2740 1311 2822 aliamque
1340 2742 1419 2804 idem

179 2847 351 2924 „ostendit
380 2865 449 2910 esse
479 2848 616 2910 virtutem
646 2845 699 2908 llei
728 2845 881 2926 propriam
909 2853 940 2907 et
967 2843 1148 2916 naturalem,
1182 2863 1256 2924 quae
1289 2863 1349 2906 non
1378 2845 1419 2906 sit

181 2945 333 3028 „genita,
356 2947 410 3006 sed
432 2952 490 3008 una
512 2964 579 3008 cum
600 2946 651 3008 illo
673 2947 796 3020 existat,
824 2963 900 3024 quae
921 2954 951 3007 et
972 2943 1097 3024 genitrix
1122 2945 1177 3018 sit,
1200 2944 1312 3008 Christi
1333 2945 1417 3008 vide-

182 3049 292 3127 „lioet
313 3056 342 3108 et
364 3047 455 3108 totius
478 3047 578 3108 mundi
601 3047 739 3120 creatrix,
761 3047 798 3108 dc
819 3065 876 3126 qua
899 3046 935 3107 ad
953 3047 1104 3108 Romanos
1127 3047 1167 3106 ita
1189 3045 1307 3108 senuit:
1332 3047 1418 3109 leoi-

182 3148 322 3228 „sa'dc'lr'o
351 3151 428 3210 enlm
454 3151 553 3228 a'per'ar
580 3167 618 3210 ecc
646 3153 799 3211 creatione
823 3149 931 3210 muodo·
953 3165 1012 3227 per
1039 3165 1091 3223 so,
1126 3166 1202 3228 poce
1228 3149 1313 3227 [octo
1334 3161 1416 3220 aaut,

180 3249 373 3333 ‚,a'ntellsoto
396 3252 637 3330 conspiciantur,
661 3255 847 3330 sempiterno
869 3266 984 3329 peropaca
1007 3252 1070 3311 elur
1092 3252 1194 3324 cirros
1217 3257 1246 3310 et
1264 3249 1417 3314 da'cr'ar'tor.
1476 3333 1479 3339 ἢ

252 3471 270 3504 *
294 3471 349 3520 Vide
365 3487 387 3534 p.
406 3467 464 3522 436.
484 3465 519 3535 [p.
533 3469 590 3520 ltt.
611 3471 681 3519 ouius
700 3467 748 3534 ed]
767 3467 882 3520 aum.³2.
901 3471 942 3520 odi
956 3485 1000 3533 pro
1019 3468 1179 3518 disiunctione
1197 3471 1247 3534 lege
1264 3469 1417 3520 adiunctione

179 3543 293 3604 uidelicet
313 3539 407 3588 articuli
423 3530 483 3598 triv,
504 3554 568 3604 paena
588 3540 625 3588 lrie
640 3541 777 3602 pronomina
796 3540 872 3601 ipsam
891 3539 1008 3588 commode
1027 3540 1184 3602 reprimimus.
1220 3537 1293 3600 [liure
1310 3541 1418 3588 nuendu-

163 3633 169 3638 ·
178 3613 224 3728 Sti
235 3607 489 3737 actitiiimineriffmm
505 3611 596 3670 recepto
614 3613 659 3656 ests
673 3607 745 3658 Antan
755 3607 873 3670 lepeiotor
884 3607 924 3655 lin.
936 3605 960 3655 d.
976 3621 990 3654 o
1007 3606 1067 3668 fios:
1086 3607 1128 3655 sed
1147 3607 1240 3670 ahaqne
1258 3605 1418 3656 disiunctione

179 3806 290 3861 innanti.
327 3807 384 3867 fleg.
403 3795 495 3855 αὐτοῦ.
528 3806 589 3856 ilditi
608 3816 632 3856 et
650 3807 690 3857 alii
709 3797 777 3856 dtas
827 3809 916 3858 habant
934 3797 1089 3873 ἂγενννὶτως
1107 3815 1130 3858 et
1146 3801 1314 3872 γεννηιαῆν,
1336 3816 1361 3857 nt
1380 3807 1416 3856 le-

175 3873 283 3944 'Aparnr
300 3869 333 3926 lv
352 3872 384 3940 τῇ
403 3866 494 3921 αὐτοῦ·
827 3877 929 3938 gendum
949 3888 1003 3925 esse
1021 3877 1121 3938 violetur,
1140 3891 1194 3925 eum
1213 3877 1272 3925 haee
1285 3875 1357 3924 dictio
1370 3891 1416 3940 op-

217 3963 240 4009 g.
260 3949 364 4007 Segorr.
383 3942 482 3992 Goloier:
494 3941 631 3994 elfelclrm.
651 3941 673 3991 1.
693 3931 708 4000 ii
726 3935 777 4000 τὴν
826 3953 930 4007 ponatur
943 3945 1052 4007 repetenti
1067 3944 1165 3993 dictioni
1177 3937 1374 4009 δημιουργικὴν
1387 3936 1416 3992 δὲ
1469 3957 1474 3962 ·

181 4013 251 4063 θεοῦ
275 4005 401 4078 σοφίαν,
426 4000 509 4068 ἄλλην
530 4001 583 4074 μὶν
604 3995 682 4058 εἶναι.
724 4009 776 4059 ltox
827 4008 876 4058 τοῦ
894 4004 997 4064 παντὸς
1012 4003 1119 4076 κόσμου
1136 4019 1182 4062 ete.
1211 4013 1319 4076 Namque
1336 4013 1415 4062 Ariani

181 4079 290 4132 Felakm.
309 4081 334 4132 ὅ.
354 4069 429 4126 ἰδίαν
446 4065 530 4124 circui
553 4069 679 4140 δύναμιν.
717 4077 776 4126 luto.
829 4077 914 4128 i'rliram
930 4093 1027 4144 qnoque
1040 4080 1135 4128 aiebant
1148 4094 1203 4128 assa
1214 4075 1346 4146 γέννημα,
1360 4069 1413 4128 dtt'

185 4149 286 4210 inguar.
306 4149 362 4209 fleg.
382 4146 457 4196 dasii.
475 4145 564 4206 inglie.
584 4144 688 4194 l'elolrm.
707 4143 731 4194 l.
753 4151 777 4193 et
828 4135 877 4210 οἷα
896 4137 933 4198 ὥς
949 4137 980 4196 ἓν
996 4137 1181 4212 γεννημάτων.
1207 4149 1262 4198 lida
1275 4163 1347 4212 supra
1361 4161 1415 4211 pag.

185 4213 210 4263 5.
227 4205 427 4294 τὴνέμᾳυιον,
458 4212 502 4262 stit
526 4221 550 4262 et
568 4213 640 4262 editio
658 4211 776 4262 Commel.
827 4213 884 4264 486.
903 4209 951 4279 ip.
973 4213 1030 4264 ³2².
1059 4215 1129 4264 iricius
1156 4215 1207 4280 ed.]
1235 4231 1301 4266 num.
1329 4214 1367 4264 19.
1392 4221 1416 4263 st

186 4273 237 4339 ripa
253 4295 383 4346 εκφυτον.
412 4281 544 4358 lpemilrial.
562 4269 776 4344 Segoer.aiyarr1'·
828 4281 1003 4359 Praelatianrm
1022 4283 1158 4345 generalem
1177 4279 1214 4350 [p.
1235 4283 1303 4332 llllll.
1322 4277 1368 4346 ³.].

187 4357 257 4488 ili.
268 4349 563 4466 ‘lll'tlilla'l‘d
577 4357 683 4466 :llll
697 4349 774 4479 ..iiii
824 4349 1057 4468 arbaimas‘ffiii'
1076 4343 1416 4468 llll..¹‘'‘l⁰.⁸l‘·.l.‘.¹it

157 4532 161 4540 ,
187 4489 285 4536 ntur.
320 4483 507 4537 Ceteriwmuea
532 4497 589 4534 ansa.
613 4483 653 4534 hio
677 4497 774 4548 qnoque
825 4475 939 4548 triopae.
