3220 5046
544 275 653 320 unsrro
669 277 701 320 rr.
717 277 833 322 eoum
846 277 984 322 munus·
1308 271 1370 334 455

145 426 345 495 :nonomine
374 435 503 488 ererum
532 443 603 490 esse
635 427 830 508 siquidmret,
863 429 969 492 eodem
1001 429 1090 512 piene
1121 431 1211 494 modo
1240 433 1318 496 iuxta
1341 436 1371 498 id
1381 453 1459 498 usar.

145 529 270 610 exempli
292 527 351 602 bis,
373 527 423 608 qui
445 525 632 608 sapientiam,
653 547 729 610 qnae
750 531 781 594 iu
801 531 892 596 rebus
914 530 1020 594 oreada
1042 531 1156 608 existit,
1178 534 1373 611 admirantur,

144 630 308 710 respondet
329 647 398 690 sera
427 628 594 710 Sapientia:
626 631 776 696 Demiror
800 636 915 698 rreooit
935 653 981 696 ate
1003 639 1036 696 io
1058 653 1163 716 opera.
1205 635 1271 700 bien
1292 639 1372 702 enim

146 731 292 814 iguraiu
312 729 373 792 iiiia
395 737 454 804 est,
475 737 505 792 at
526 749 581 812 ego
604 730 648 794 sio
668 751 718 794 roe
739 732 775 794 ad
798 752 847 809 ree
869 734 1038 799 eidoiendae
1060 739 1292 802 incommodari.
1335 799 1340 811 ι

230 835 283 898 80.
325 827 387 894 Νσσ
406 850 478 893 vero
506 830 614 897 ισίσιισ]
641 832 790 908 videatur,
825 833 853 895 si
879 833 970 896 Fidus
999 835 1036 898 de
1057 857 1110 900 sua
1132 841 1260 920 quaein
1281 842 1372 906 uobis
1403 847 1411 857 ”

146 943 194 1000 est
213 933 464 1014 iignrrtauquom
486 933 525 995 do
546 933 650 1014 seipso
673 933 821 1016 loquetur,
844 953 911 996 uum
933 936 1024 1012 (idem
1047 939 1125 1001 enim
1148 951 1284 1022 repetere
1298 943 1372 1008 nibil

147 1045 194 1098 eet
213 1035 476 1114 reformidandum)
499 1035 590 1097 Senio
613 1035 786 1111 Ecclesiam,
808 1035 840 1098 iu
862 1055 919 1116 qna
941 1036 1006 1098 eiua
1029 1037 1120 1118 figura
1142 1049 1173 1101 et
1185 1042 1283 1123 imago
1297 1055 1371 1123 erat,

146 1143 355 1218 persequente,
378 1137 463 1216 quasi
484 1137 551 1218 ipse
573 1143 665 1212 esset,
687 1157 775 1218 quem
793 1137 841 1199 iiie
862 1146 1103 1218 persequeretur,
1126 1139 1248 1205 dixerit:
1270 1143 1370 1220 Souis,

146 1240 218 1320 quid
238 1257 283 1302 aar
301 1236 521 1319 persequer-iri
557 1237 595 1300 Ut
617 1255 688 1318 ergo
710 1240 821 1302 nemini
844 1240 952 1302 mirum
975 1239 1140 1314 videretur,
1169 1242 1211 1303 uti
1234 1243 1372 1321 diximus,

146 1337 173 1400 si
194 1339 358 1418 sapientiae
379 1339 491 1412 torma,
520 1357 595 1420 qnae
617 1338 649 1402 iu
671 1339 813 1421 operibus
835 1349 899 1416 est,
923 1339 1049 1404 diceret:
1086 1341 1235 1406 Donamus
1259 1353 1375 1410 σσσσσσσ

146 1459 192 1502 aar
214 1443 247 1500 iu
269 1457 378 1520 opero:
406 1439 446 1502 ita
469 1441 495 1502 ai
517 1441 581 1522 ipsa
604 1459 673 1502 rera
695 1451 726 1505 et
746 1442 871 1504 meauix
893 1441 1059 1523 Sapientia,
1082 1444 1161 1522 qnod
1185 1453 1214 1506 et
1235 1445 1373 1526 unigeni-

148 1539 279 1602 tumDei
294 1547 340 1602 est
353 1539 492 1616 Verbum,
515 1561 562 1616 ea,
583 1561 659 1622 quae
681 1561 753 1606 suae
774 1543 894 1625 proprio
917 1551 987 1606 suut
1003 1544 1152 1624 imaginis,
1174 1550 1372 1628 usurpaverit,

146 1661 181 1704 ae
202 1642 280 1704 reiut
300 1643 337 1704 de
357 1660 393 1704 se
416 1641 480 1724 ipsa
502 1642 625 1706 dixerit:
660 1645 783 1711 creauit
802 1665 850 1708 ote
871 1650 904 1708 ira
927 1663 1041 1728 opero,
1064 1665 1152 1708 uerno
1175 1647 1298 1710 dimissa
1321 1667 1372 1710 aa·

144 1742 270 1824 pientia,
302 1761 378 1824 quoe
405 1743 435 1805 iu
463 1745 575 1806 muudu
605 1753 635 1806 et
663 1745 805 1826 operibus
834 1754 930 1808 ereata
962 1755 1025 1822 eat,
1057 1747 1218 1810 arbitretur
1249 1749 1372 1812 verboru

144 1843 224 1906 istud
247 1849 361 1910 creauit
382 1845 419 1908 de
440 1853 545 1908 natura
567 1847 751 1928 Sapientiae,
780 1865 856 1928 quaa
878 1843 939 1926 per‘
954 1849 1053 1929 seipsa
1076 1857 1135 1923 eat,
1159 1849 1268 1920 dietum
1292 1869 1371 1926 esse,

144 1963 183 2008 ue
204 1946 305 2008 riuum
332 1965 403 2012 eum
429 1965 504 2028 aqua
536 1947 664 2010 miscens
690 1948 844 2012 veritatem
873 1949 1025 2028 surripere
1053 1949 1193 2012 rideatur.
1237 1951 1371 2034 Namque

143 2045 192 2108 iila
214 2047 338 2110 creatrix
362 2057 391 2110 et
421 2050 517 2129 opiiex
547 2057 594 2113 est
626 2049 785 2129 sapientie,
819 2051 884 2112 eius
918 2060 1015 2113 antem
1048 2051 1143 2112 iorma
1175 2053 1204 2112 iu
1229 2055 1371 2132 operibus

146 2157 261 2212 untur
283 2159 421 2230 tanquam
442 2143 580 2230 imagirbs
602 2150 776 2213 similitudo.
809 2151 986 2212 Huiusmodi
1009 2169 1100 2230 porro
1117 2151 1261 2231 sapientia
1279 2159 1378 2234 prin,

147 2253 257 2334 σίρσσσσ
277 2256 398 2314 vaomar
421 2271 487 2314 esse
509 2251 627 2324 dieitur,
649 2251 717 2330 quia
732 2251 879 2330 quoddam
896 2259 944 2312 est
957 2250 1134 2331 principium
1151 2260 1180 2313 et
1195 2251 1372 2314 elementum

145 2351 324 2430 cognitionis
354 2351 417 2412 Dei.
461 2351 533 2412 Eam
566 2351 646 2414 enim
674 2351 740 2430 quis
767 2351 893 2430 primam
915 2350 1004 2412 veluti
1031 2350 1107 2412 viam
1136 2353 1309 2432 ingressos,
1344 2363 1374 2414 et

147 2452 254 2516 timore
276 2453 328 2516 Dei
350 2453 531 2524 custodiens,
554 2459 588 2516 nt
609 2451 681 2514 dixit
704 2451 862 2514 Salomon:
881 2455 1071 2534 principium
1092 2455 1259 2535 rapientioe
1281 2458 1374 2517 timor

146 2554 279 2626 Domini,
300 2553 466 2634 deindeque
488 2563 588 2616 mente
609 2554 804 2634 progrediens
827 2563 856 2616 et
878 2553 1030 2616 creatricis
1042 2553 1220 2634 Sapientire,
1243 2573 1319 2636 quae
1341 2557 1371 2618 iu

145 2653 236 2718 rebus
265 2654 370 2718 oreatis
398 2665 534 2736 apparet,
568 2656 769 2738 cognitionem
801 2665 973 2731 assecutus,
1007 2655 1037 2716 iu
1065 2655 1130 2736 ipae
1160 2655 1225 2720 eins
1253 2675 1372 2737 quoqne

145 2757 263 2820 Patrem
284 2757 362 2820 baud
385 2757 473 2832 dubie
503 2760 755 2840 contemplaturus
785 2767 845 2832 est,
881 2767 914 2820 nt
941 2757 1006 2836 ipse
1033 2756 1178 2819 Dominus
1201 2757 1250 2818 bis
1272 2757 1457 2820 verpierun-

148 2867 287 2920 testatur:
313 2860 376 2932 Qui
391 2850 470 2934 'uidit
491 2878 545 2930 me,
569 2861 643 2922 uidit
665 2858 796 2921 Patrem.
831 2859 958 2920 ioannes
980 2858 1050 2919 item
1073 2839 1191 2920 sitibit:
1218 2857 1281 2932 Qui
1301 2878 1374 2922 ros-

147 2959 254 3039 fitetur
275 2958 395 3030 filium,
417 2959 540 3020 Putrem
562 2977 677 3040 quoque
700 2959 795 3020 babet.
833 2958 881 3018 dit
901 2965 1016 3018 autenm
1032 2969 1108 3020 ,σσσσ
1130 2977 1237 3020 uenum
1258 2959 1375 3038 [uada-

147 3063 192 3124 or't
219 3057 377 3137 rre,⁸quia
405 3057 435 3118 iu
464 3057 529 3120 eius
552 3059 647 3118 iormd
669 3057 731 3119 sive
753 3057 846 3136 figura
868 3061 1040 3118 ooustauter
1061 3066 1092 3116 et
1113 3075 1232 3136 semper
1254 3065 1375 3118 manant

147 3179 249 3240 opera.
291 3141 447 3222 Praeterea
480 3176 519 3220 ue
549 3157 615 3238 quis
648 3158 695 3220 iris
723 3158 760 3220 de
792 3155 936 3238 sapientia
964 3155 1022 3217 buo
1050 3155 1140 3217 modo
1167 3155 1197 3217 iu
1231 3155 1374 3240 operibus

146 3270 244 3326 meatu
265 3261 374 3326 auditis
396 3261 449 3324 Dei
471 3259 588 3334 Filium,
610 3259 660 3340 qni
683 3278 751 3322 rera
774 3266 822 3320 est
842 3256 1002 3338 Sapientia,
1025 3265 1157 3320 ureauxm
1179 3275 1247 3320 esee
1269 3257 1373 3320 existi·
1465 3253 1498 3320 .'

146 3374 256 3438 meret,
284 3361 456 3426 neeessario
484 3361 612 3424 addidit:
645 3375 806 3444 autequam
832 3369 948 3424 montes
972 3367 1002 3421 et
1021 3369 1182 3440 σσσσσσσσι
1206 3371 1323 3422 terreas
1344 3365 1381 3420 et.

146 3481 215 3532 aare
237 3487 333 3550 aqum
356 3475 385 3528 et
406 3476 476 3528 oure
501 3463 591 3528 rodes
613 3467 708 3546 pa‘pm'r
729 3483 784 3535 me,
807 3472 839 3524 ut
861 3479 929 3526 oum
950 3461 1036 3524 dicit:
1059 3470 1128 3523 aute
1149 3479 1201 3524 ree
1217 3459 1373 3523 universas

147 3576 259 3632 ereatm
281 3567 461 3642 (nniversam
484 3565 631 3646 siquidem
654 3573 781 3627 maetam
800 3574 934 3626 naturam
949 3563 997 3624 bis
1013 3561 1110 3623 verbis
1126 3561 1373 3643 comprehendit),

147 3671 318 3736 attenderet
346 3685 379 3730 se
407 3687 469 3730 nou
497 3671 600 3732 natura
629 3671 687 3730 uua
709 3685 776 3730 earm
800 3665 944 3746 operibus
965 3671 1093 3727 creatam
1116 3681 1198 3726 esse.
1241 3663 1374 3745 Namque

147 3771 173 3834 si
195 3773 225 3834 iu
248 3789 339 3852 opera
362 3779 457 3832 ereata
484 3778 530 3832 est
556 3779 586 3833 et
613 3779 681 3833 aute
704 3789 794 3850 opera
824 3776 885 3844 est,
917 3775 999 3848 patet
1031 3765 1149 3846 utique,
1183 3785 1248 3828 eom
1281 3768 1375 3829 inisse

145 3961 173 4010 dt
186 3959 227 4008 otii
240 3967 264 4008 et
274 3958 333 4008 editi
344 3952 458 4023 upum
469 3946 555 4021 ὥσπερ
567 3948 613 4003 aui
627 3947 730 4020 tarpeia
819 3955 834 4004 b
861 3953 1000 4016 sapuerim.
1017 3939 1077 4002 atra
1094 3943 1140 4000 ire
1156 3943 1243 4006 abror
1259 3942 1383 4004 hovium·

146 4028 236 4078 ibidem
255 4030 355 4090 Sequor.
375 4035 416 4076 uc
434 4015 499 4087 idqi:
510 4031 512 4036 ’
786 4022 860 4072 aaut.
877 4029 900 4068 et
918 4021 1021 4069 Feicirm.
1042 4021 1064 4069 i.
1082 4007 1141 4068 airu
1158 4011 1245 4074 obrue
1267 4011 1377 4070 ἀσσύυν

179 4109 202 4146 e.
218 4095 341 4154 tuatieoo.
358 4083 389 4140 ir
406 4082 484 4158 ἆρχῇ.
519 4091 610 4140 ibidem
635 4092 736 4152 sepner.
786 4083 850 4154 :rapi
866 4085 915 4148 raia
932 4079 1019 4140 obrue
1036 4085 1094 4140 roic
1109 4081 1208 4156 ἔργοις.
1232 4089 1373 4140 mirsia.

147 4164 245 4216 Gobter,
263 4161 368 4212 Fatcbm.
383 4161 404 4210 i.
418 4171 441 4211 et
459 4159 483 4212 d.
501 4152 553 4208 τὸν
568 4150 670 4218 ταύτης
685 4169 736 4206 uu·
787 4163 812 4206 et
836 4157 935 4218 Segusa.
962 4148 1156 4220 dflrtudstuqc.
1196 4157 1241 4206 titt
1265 4165 1293 4206 es
1316 4157 1374 4206 adiu

148 4227 220 4300 upa.
232 4218 735 4294 :uaesanaserrtrtradrasmtpa.
786 4221 950 4283 κτισθείσης.
975 4225 1075 4286 sepner.
1095 4224 1150 4274 itan
1170 4223 1260 4274 ibidem
1280 4215 1375 4284 deiude

180 4301 198 4350 t.
222 4301 263 4350 Sie
279 4301 381 4360 sepner.
398 4298 496 4348 Gobier.
515 4296 620 4347 Frieitm.
640 4297 662 4345 i.
677 4293 734 4345 std.
786 4285 838 4352 νῆν
853 4289 903 4339 τοῦ
921 4289 988 4340 θεοῦ
1006 4283 1263 4358 sepimentis.
1361 4349 1369 4366 ⁸

147 4355 557 4425 dtioietm.b.xuii'1aroirrqa
582 4362 735 4414 trudensi
822 4361 837 4410 i.
864 4357 962 4422 Segora
988 4357 1087 4411 Gobier.
1110 4368 1136 4409 et
1152 4359 1258 4431 isicius.
1280 4359 1301 4407 t.
1318 4369 1374 4422 arpo

147 4429 193 4482 roei
210 4425 394 4493 oic'iorr'vvqc.
787 4425 845 4475 rain
866 4423 980 4491 βουνόν.
1016 4427 1091 4476 Prote
1116 4434 1174 4492 port
1196 4427 1296 4488 Sequar.
1319 4418 1385 4488 πρὸ·

183 4515 206 4564 ς.
224 4503 324 4564 Sennea
342 4493 372 4550 ir
388 4498 427 4565 sp
445 4489 533 4552 οὕτως
548 4489 633 4563 σῦσφ.
788 4489 877 4556 πόσης
893 4493 941 4554 τῆς
955 4489 1076 4546 arkenr.
