3176 5058
514 281 657 326 errarem
672 283 711 326 ns
726 280 889 326 scurnum
904 280 1046 326 rroursu.
1341 267 1400 332 137

170 435 271 508 dium,
294 433 345 514 qui
368 429 496 504 exaudit,
519 430 608 494 alium
632 431 730 506 ritem,
752 431 841 496 alium
855 431 1023 510 agricolam.
1047 431 1202 513 Quotquot
1217 431 1297 496 enim
1311 433 1489 500 uerberare.

170 535 277 598 Filium
300 533 386 615 quasi
407 532 535 596 alienum
557 532 679 594 aPutre
698 532 857 606 declarant,
878 531 953 594 baec
967 533 1004 596 ad
1019 551 1137 596 earnem
1152 533 1290 608 attinent,
1312 553 1402 614 quam

170 637 268 700 nosti
290 651 378 700 causa
400 633 536 713 gestarit.
582 633 703 712 Opillcia
728 633 842 713 quippe
863 633 1026 696 secuudum
1047 643 1183 698 naturam
1206 653 1223 698 a
1244 633 1307 698 lieo
1329 643 1403 698 suut

171 737 284 800 aliena:
314 736 381 797 idco
405 751 474 798 eum
494 753 563 796 caro
587 732 737 814 opificium
759 734 815 806 sit,
846 734 988 808 Verberat,
1018 736 1114 814 quod,
1144 745 1178 798 ut
1200 735 1241 798 ait
1261 736 1400 814 loannes,

174 853 248 900 caro
271 838 386 915 sectum
409 844 463 906 eat,
485 834 554 896 licet
574 833 738 896 seeundum
758 842 894 896 naturam
915 835 1070 914 proprium
1092 837 1130 899 sit
1151 837 1231 901 Patri
1254 849 1283 900 et
1304 839 1341 902 ab
1363 855 1485 902 eornm.

177 1055 253 1116 quae
276 1035 354 1098 euim
376 1036 457 1098 carni
477 1036 598 1118 propria
620 1046 705 1111 sunt,
734 1038 802 1117 ipse
828 1035 963 1098 concedit
990 1043 1022 1098 ut
1050 1035 1088 1098 de
1110 1055 1143 1098 se
1164 1038 1313 1115 timetur,
1339 1061 1399 1121 quo

174 1137 248 1199 binc
265 1127 367 1217 pnlom'
384 1137 451 1212 liat,
480 1155 539 1201 nou
567 1138 690 1200 alterius
722 1137 777 1200 sed
799 1157 886 1200 suum
907 1136 1030 1218 proprie
1051 1154 1161 1216 corpus
1181 1139 1285 1202 lmese.
1327 1142 1408 1206 Cum

174 1237 274 1318 itaque
302 1239 375 1300 baec
403 1257 439 1300 eo
468 1238 558 1300 modo
587 1237 649 1301 siut
675 1239 880 1318 intelligenda,
911 1237 999 1300 citius
1027 1237 1174 1300 Sabellius
1205 1240 1404 1316 convincetur,

174 1357 235 1401 uon
258 1357 328 1400 esse
348 1337 484 1412 Patrem,
508 1341 557 1419 qui
585 1359 653 1402 earo
682 1341 777 1402 lactus
800 1348 856 1414 est,
879 1339 933 1402 sed
956 1340 1019 1402 eius
1042 1338 1188 1413 Verbum,
1217 1339 1297 1419 quod
1325 1341 1402 1404 illam

175 1439 301 1502 redemit
321 1439 461 1520 Patrique
484 1440 599 1502 obtulit.
643 1441 680 1502 Et
702 1440 752 1503 ubi
775 1441 840 1520 quis
863 1439 945 1502 illum
968 1442 1007 1502 ita
1031 1440 1198 1520 coarguerit
1222 1459 1256 1502 ec
1277 1459 1403 1522 persua-

176 1541 264 1616 serit,
291 1541 361 1604 binc
381 1539 569 1604 Divinitetem
598 1560 715 1621 quoque
738 1541 824 1602 Verbi
847 1541 962 1604 facilius
986 1539 1137 1604 edocebit:
1169 1542 1268 1624 ipsum
1297 1561 1403 1624 nempe

176 1661 244 1704 esse
259 1642 387 1704 Verbum
410 1651 440 1703 et
454 1642 645 1722 Sapientiam,
667 1643 772 1704 Filium
790 1652 820 1704 et
832 1641 987 1715 Virtutem,
1011 1643 1202 1721 splendorem
1225 1650 1255 1705 et
1269 1644 1402 1722 liguram.

174 1743 305 1804 Necesse
327 1743 433 1822 quippe
456 1750 503 1804 est
525 1743 582 1804 iam
605 1743 703 1806 denuo
726 1743 873 1823 colligere,
896 1761 962 1804 cum
981 1742 1108 1804 Verbum
1132 1743 1246 1816 existet,
1270 1751 1300 1804 et
1314 1743 1402 1806 Verbi

176 1845 295 1906 Patrem
317 1863 383 1904 esse
404 1852 552 1923 oportere,
578 1843 727 1923 Sapientia
751 1845 881 1918 comsit,
904 1841 968 1905 cios
984 1851 1135 1923 parentem
1152 1862 1231 1918 esse,
1254 1853 1285 1906 et
1298 1843 1400 1924 splen-

177 1942 320 2004 dorcam
343 1943 395 2018 sit,
424 1963 493 2006 esse
517 1963 634 2024 quoque
657 1944 769 2017 lucem,
798 1953 885 2024 atque
913 1944 953 2006 ita
972 1944 1091 2006 Patrem
1120 1952 1149 2006 ct
1170 1945 1276 2008 Filium
1308 1964 1401 2008 unum

176 2063 254 2106 esse.

259 2249 311 2310 27.
355 2245 434 2308 llaec
456 2264 522 2307 cum
545 2244 638 2325 probe
661 2244 751 2307 sciret
773 2243 947 2324 Dionysius,
977 2245 1025 2308 illa
1048 2245 1141 2308 edidit
1162 2245 1286 2324 scripta,
1315 2245 1399 2323 prio·

174 2346 317 2426 ribusque
339 2345 439 2407 uerbis
455 2346 612 2408 Sabellinm
635 2345 823 2424 compressit,
845 2344 893 2406 bis
912 2362 983 2406 vero
999 2346 1134 2406 Arianam
1151 2345 1313 2424 prosternit
1326 2345 1400 2406 bae-

175 2447 279 2509 resim.
321 2445 361 2508 llt
383 2447 460 2507 cuim
483 2447 608 2508 humana
627 2445 784 2508 Salvatoris
806 2455 874 2526 apta
890 2446 1010 2506 suntad
1027 2445 1186 2508 Sabellium
1202 2445 1401 2520 evertendum,

178 2566 195 2610 e
218 2565 362 2609 eonverso
390 2547 419 2609 in
441 2545 636 2611 Ariomanitas
665 2565 724 2610 nou
757 2567 792 2608 ex
814 2545 968 2620 humanis,
997 2548 1050 2610 sod
1073 2567 1108 2610 ex
1130 2546 1183 2622 iis,
1216 2565 1291 2627 quae
1313 2547 1401 2610 Verbi

176 2647 362 2712 diuinitatem
384 2648 529 2724 indicant,
558 2659 729 2730 argumenta
758 2655 829 2709 sunt
850 2649 1025 2724 mutuanda;
1055 2657 1087 2714 ut
1115 2665 1152 2710 ne
1181 2648 1237 2722 illi,
1267 2667 1341 2728 quae
1364 2648 1400 2710 de

175 2749 301 2812 Domino
324 2751 459 2832 corporis
482 2771 571 2814 causa
593 2751 742 2823 dicuntur,
764 2768 852 2828 prave
867 2751 1097 2830 interpretantes
1113 2749 1292 2822 existiment,
1317 2749 1399 2812 eius-

177 2851 257 2913 modi
279 2871 347 2914 esse
368 2853 507 2924 Verbum,
531 2852 632 2930 quales
655 2869 713 2911 nos
736 2850 872 2911 lromines
895 2869 1011 2924 sumus,
1038 2869 1072 2912 ao
1093 2851 1211 2913 demum
1234 2851 1264 2910 in
1287 2851 1401 2912 insania

177 2971 229 3015 sua
251 2959 452 3032 perseverent.
497 2950 557 3023 Qut
579 2951 605 3011 ei
627 2949 663 3010 de
685 2949 841 3011 bivinirare
864 2951 1043 3022 doceantur,
1074 2967 1160 3010 suum
1189 2947 1246 3026 ipsi
1268 2967 1402 3010 errorem

176 3051 396 3134 improbabunt,
420 3067 545 3129 cumque
567 3049 734 3121 didicerint,
755 3047 882 3109 Verbum
905 3067 1022 3108 carnem
1045 3049 1153 3108 lactum
1176 3065 1254 3118 csse,
1277 3047 1403 3108 bumana

176 3155 207 3216 in
229 3161 383 3234 posterum
405 3150 519 3214 facilius
542 3149 726 3230 distinguent
747 3147 782 3210 ab
805 3148 857 3222 iis,
891 3165 967 3226 quae
993 3145 1028 3208 ad
1050 3143 1235 3206 Divinitatem
1269 3145 1402 3206 attinent.

176 3255 256 3316 llaec
277 3273 343 3316 cum
365 3253 403 3317 ita
426 3273 459 3316 se
481 3253 619 3326 babeant,
642 3249 857 3330 Dionysinaque
872 3247 1040 3328 Episcopus
1063 3265 1098 3308 ex
1120 3244 1182 3308 suis
1203 3244 1321 3324 scriptis
1336 3245 1402 3324 plus

178 3353 396 3416 demonstratus
419 3355 474 3429 sit3
496 3355 565 3436 quid
588 3355 645 3417 ianr
670 3351 762 3414 acturi
786 3357 856 3412 sunt
876 3346 1099 3412 Ariomanitae?
1129 3345 1223 3420 Quem
1240 3345 1314 3408 ultra
1328 3345 1401 3410 lalso

179 3472 317 3515 accusare
339 3455 501 3528 audebunt,
531 3475 597 3517 cnm
627 3473 663 3516 ex
690 3451 868 3533 supradictis
896 3450 1041 3513 mendacii
1064 3448 1188 3512 convicti
1212 3446 1297 3512 sint?
1340 3449 1401 3512 Ne-

180 3569 266 3615 cesse
289 3552 366 3612 euim
394 3562 441 3614 est
467 3554 533 3616 illos
560 3576 576 3618 a
604 3554 794 3617 fundamento
823 3552 1032 3633 Apostolorum
1059 3553 1161 3633 lapsos
1191 3551 1401 3630 fluctuantique

178 3660 278 3715 mente
300 3653 449 3732 praeditos
472 3657 703 3718 sustentaculum
729 3672 880 3735 quaerere,
904 3663 934 3716 et
955 3673 1021 3718 oum
1043 3651 1104 3716 riou
1119 3652 1278 3726 inveniant,
1300 3651 1402 3714 Patres

178 3756 210 3818 in
238 3760 394 3835 posterum
420 3754 493 3816 salso
522 3775 669 3818 accusare.
720 3755 779 3816 Sed
811 3773 898 3818 nemo
926 3755 985 3818 illis
1016 3756 1092 3818 ultra
1124 3754 1212 3816 iidem
1241 3752 1401 3825 adhibebit,
1481 3795 1488 3804 ·

177 3856 296 3919 etiamsi
318 3855 449 3917 nitantur
470 3855 629 3918 calumnias
653 3874 810 3937 spargereq
832 3856 868 3917 ab
891 3856 1030 3919 omnibus
1053 3857 1131 3918 enim
1151 3873 1253 3918 corum
1269 3855 1401 3917 lraeresis

177 3957 314 4020 damnata
335 3964 396 4030 est;
427 3957 486 4018 uisi
508 3957 585 4018 torte
607 3956 643 4018 de
666 3957 782 4020 diabolo
805 3957 1140 4039 deincepsloquautur,
1168 3957 1195 4018 is
1218 3954 1296 4018 enim
1319 3956 1402 4019 solus

212 4144 237 4194 d.
254 4143 294 4194 Sic
312 4144 368 4205 lter.
387 4143 485 4193 l'eurin.
504 4143 610 4194 colbert.
630 4143 674 4196 les.
693 4145 732 4193 Fr.
746 4144 764 4194 l.
817 4145 887 4194 senti.
923 4143 972 4193 Sed
990 4143 1077 4192 melios
1095 4141 1134 4193 alii
1145 4157 1199 4192 cum
1214 4141 1284 4193 editis
1300 4133 1403 4220 dequor-

180 4211 237 4261 edlti
254 4225 310 4261 rero
328 4209 415 4258 ταῦτα
433 4225 571 4275 perperam.
817 4209 904 4260 voice.
942 4211 995 4260 ldor
1021 4211 1077 4273 lleq.
1103 4210 1175 4260 basil.
1201 4218 1224 4260 et
1241 4209 1299 4258 editi
1317 4220 1402 4256 ουτοι.

213 4291 234 4327 a.
253 4276 350 4328 Tauria.
368 4270 474 4346 ἔγραψε
486 4268 692 4346 καίγὰρῶςπερ
706 4269 765 4328 tot·
817 4279 865 4328 Alii
885 4268 972 4327 ordros.
1007 4277 1081 4328 Paulo
1101 4287 1157 4342 post
1174 4277 1271 4326 Taurin.
1296 4275 1404 4324 Cultert.
1519 4291 1522 4297 ·

181 4348 266 4411 τρεψε
283 4346 381 4395 omissis
399 4347 556 4398 intermediis.
593 4347 684 4398 ibidem
696 4347 765 4399 Colb.
817 4347 899 4396 lesuit.
918 4347 956 4396 Fr.
970 4345 988 4395 l.
1007 4337 1114 4393 τούτων
1138 4337 1167 4392 di
1195 4333 1281 4420 or‘irgrr
1306 4333 1403 4418 doecre.

181 4413 227 4464 les·
246 4413 283 4462 Fr.
303 4413 321 4462 l.
338 4403 502 4480 dormieris.
818 4415 874 4476 lleq.
891 4427 946 4464 cum
965 4413 1035 4464 editis
1053 4403 1160 4460 τούτων
1178 4401 1204 4456 δ’
1226 4421 1313 4460 ουτως
1328 4399 1404 4472 ἕχον-

214 4480 232 4531 l.
249 4481 306 4543 lleq.
325 4487 349 4530 et
364 4479 437 4532 Basil.
456 4475 644 4550 διακρίνουσιν
658 4481 765 4548 inpraa-
817 4493 882 4531 των.
