2822 5030
328 223 444 267 conam
458 225 676 270 tronnmtaxnu
692 225 778 270 arnan
792 227 824 272 u.
1124 217 1187 279 915

20 373 109 436 tuml
134 392 152 435 o
175 373 279 434 insana
300 372 497 453 blasphemial
540 375 644 438 llicant
664 393 700 438 ex
722 395 848 456 quanam
863 369 1014 460 Scriptura
1035 381 1271 460 depromtaeau.

14 479 78 538 ista
103 475 240 537 definitio
263 483 314 536 aut
334 476 433 556 potius
455 477 513 537 hoc
527 477 634 538 diaboli
652 479 813 558 sophisma.
849 480 1095 560 Quandoquidem
1110 481 1187 544 Pro·

11 587 41 638 ta
67 577 158 638 dicit:
182 576 377 639 Fraternas
400 578 528 654 redimit,
551 581 677 642 redimet
698 581 794 653 demo,
817 589 848 642 et
868 583 953 644 alibi:
976 583 1014 645 lit
1029 584 1115 646 loma
1130 603 1190 647 nn-

28 689 78 740 est
102 681 139 739 in
160 697 203 749 ea,
227 688 257 738 et
278 683 341 758 apae
362 679 507 757 fundavit
528 699 593 743 enm
614 681 797 744 ditissimus.
834 683 892 756 Qut
907 683 969 746 lieni
984 692 1085 765 potest
1099 685 1189 763 igitur

7 779 146 842 Verbum
168 779 259 842 homo
282 781 390 841 lactum
413 782 554 844 mundum
576 801 637 844 non
661 783 800 856 redimat,
835 803 901 845 cum
928 786 1116 848 manifestum
1139 787 1187 859 sit,

5 899 68 958 qna
93 890 199 942 natura
221 881 414 944 commissum
437 891 484 945 est
504 893 672 963 peccatum,
694 883 724 944 in
747 903 781 945 ea
796 903 915 964 quoque
933 887 1064 948 extitisse
1079 888 1189 966 gratiae

11 981 211 1044 beraotiam?
255 983 407 1056 Quaenam
436 993 532 1046 autem
567 986 675 1063 gratiae
704 985 917 1047 exuberantia?
951 987 1030 1064 quod
1060 989 1188 1050 Verbum

13 1101 66 1144 um
92 1085 136 1145 sit
156 1084 265 1158 homo,
289 1103 410 1147 maneos
432 1095 530 1149 tamen
552 1087 649 1162 Deus,
672 1095 705 1148 ut
727 1095 757 1150 et
777 1088 867 1148 homo
890 1089 998 1150 lactum
1020 1087 1099 1149 Deus
1121 1107 1187 1150 ere·

8 1195 97 1259 etur,
134 1186 380 1265 quemadmodum
414 1196 444 1249 et
466 1189 601 1250 Christus
629 1189 720 1250 homo
749 1207 815 1251 cum
846 1189 885 1251 sit
905 1189 985 1250 Deus
1010 1197 1108 1250 umen
1132 1197 1188 1262 est,

1 1307 22 1347 ¹a
50 1305 121 1347 cum
145 1286 225 1348 Dens
248 1296 329 1350 esset
349 1288 442 1350 lactus
466 1297 513 1351 est
534 1289 641 1364 homo,
664 1296 694 1351 et
715 1290 745 1350 in
769 1289 898 1350 hominis
920 1291 1016 1351 forma
1038 1289 1187 1350 credenti·
1266 1317 1272 1328 ·

0 1432 6 1444 .
38 1389 170 1450 salutem
193 1390 335 1468 impertit.
378 1390 410 1452 si
440 1391 517 1452 enim
546 1390 704 1454 [lominum
731 1391 830 1452 lesum
864 1409 916 1452 ore
948 1399 999 1452 mo
1032 1391 1188 1452 confessus

5 1491 74 1562 ris,
100 1499 132 1551 et
153 1491 183 1552 io
207 1491 296 1552 corde
318 1499 370 1554 tuo
392 1491 569 1565 credideris,
592 1493 671 1571 quod
694 1493 773 1553 lleus
796 1491 876 1553 illum
900 1511 936 1553 ex
957 1492 1084 1554 mortuis
1106 1492 1187 1552 exci-

13 1599 35 1664 t,
62 1593 163 1654 salvos
186 1593 256 1654 eris.
300 1593 361 1654 Nex
377 1603 474 1654 autem
496 1593 527 1654 in
542 1594 634 1654 Deum
650 1613 712 1655 non
727 1593 813 1668 cadit,
835 1594 884 1673 qui
900 1611 955 1654 nco
969 1593 1189 1656 resurrectione

1 1697 47 1754 ls'
62 1693 164 1764 habet,
190 1695 243 1756 sed
265 1695 331 1772 ipse
353 1713 369 1755 a
391 1695 517 1757 mortuis
540 1696 656 1756 excitat.
700 1695 785 1756 Unde
799 1712 922 1757 necesse
939 1695 1004 1767 init,
1027 1701 1060 1754 ut
1080 1693 1189 1772 aliquid

22 1815 37 1854 s
62 1794 197 1866 haberet,
220 1795 298 1874 quod
322 1813 377 1874 pro
400 1796 487 1857 nobis
508 1798 630 1857 offerret
651 1798 713 1858 siva
727 1779 758 1857 in
773 1805 869 1857 morte
885 1797 948 1858 siae
963 1797 994 1856 in
1015 1795 1090 1868 rita3
1112 1813 1187 1874 qna-

0 1905 86 1975 pter
108 1896 248 1968 Verbum,
272 1897 351 1975 quod
374 1895 464 1958 homo
487 1899 594 1958 iactum
618 1898 666 1971 sit,
694 1917 730 1959 eo
752 1897 844 1977 magis
868 1898 993 1959 salutem
1016 1903 1166 1976 operatur.

48 2099 78 2161 8.
125 2097 183 2160 Sed
205 2099 313 2159 iterum
337 2096 484 2160 obiicitis:
518 2097 637 2177 „Ecqua
659 2098 775 2160 ratione
797 2106 898 2176 potest
917 2106 1036 2168 natura,
1059 2117 1134 2177 quae
1157 2099 1187 2160 in

1 2200 208 2260 onsuetudine
219 2197 330 2276 peccati
347 2197 423 2258 edita
436 2206 481 2258 est
492 2206 521 2258 et
532 2217 607 2277 quae
616 2199 728 2278 peccati
740 2199 962 2259 successionem
978 2199 1103 2278 excepit,
1116 2199 1187 2260 abs·

1 2321 49 2380 que
65 2308 187 2379 peccato
200 2298 292 2360 esse?
314 2299 392 2377 quod
405 2298 591 2377 impossibile
605 2317 670 2360 cnm
684 2300 733 2370 sit,
751 2298 807 2360 en't
819 2296 1055 2376 igitanhristus
1067 2307 1100 2360 ut
1113 2317 1189 2362 unus

5 2422 25 2461 x
40 2399 250 2459 hominibus‘·
285 2397 364 2460 llaec
386 2407 414 2460 et
436 2399 565 2468 Marcion
589 2401 694 2473 sensit,
718 2399 793 2461 hanc
814 2407 844 2461 et
864 2399 1052 2461 Manichacus
1075 2400 1190 2462 induxit

1 2499 150 2570 atentiam,
163 2497 213 2578 qui
225 2517 343 2562 carnem
354 2500 484 2562 hominis
496 2500 649 2580 ipsamque
664 2502 884 2579 generationem
896 2500 952 2562 sub
964 2500 1091 2563 malitiae
1101 2501 1272 2581 prio-nmo

11 2622 28 2662 e
52 2601 213 2675 constituit,
237 2601 352 2682 ipsique
375 2601 574 2664 [dominatoris
597 2601 713 2664 titolum
735 2603 901 2684 adscripsit,
923 2621 990 2664 cum
1012 2620 1104 2682 aquo
1120 2605 1187 2682 quis

1 2715 58 2764 ,tus
76 2713 131 2776 est,
154 2703 285 2764 eiusdem
309 2713 339 2765 et
360 2722 463 2766 servus
484 2702 634 2764 reddatur.
677 2704 790 2766 Horum
806 2703 982 2766 sententiam
996 2721 1051 2764 vos
1070 2721 1188 2799 qqoqne

22 2805 126 2876 oratis,
149 2804 217 2864 dum
240 2805 356 2866 diversa
371 2805 485 2866 ratione
502 2805 683 2884 spiritualem
697 2805 826 2868 hominis
840 2814 984 2876 naturam,
1002 2823 1077 2884 quae
1092 2805 1189 2866 anima

19 2903 232 2983 cointelligitur,
249 2923 306 2966 una
322 2905 363 2966 illi
378 2903 535 2979 subiicitis,
554 2925 640 2984 quam
657 2925 716 2967 non
733 2925 822 2984 posse
843 2915 993 2985 peccatum
1011 2905 1103 2967 vitare
1125 2913 1188 2966 sta-

1 3005 61 3076 ltis,
84 3015 350 3084 quantumcumque
367 3007 483 3068 tandem
507 3007 634 3068 animam
657 3008 801 3068 carnalem
824 3025 893 3068 esse
916 3005 1061 3067 scribatis.
1106 3005 1189 3066 Unde

6 3120 67 3166 tom
89 3107 161 3168 haec
182 3106 343 3168 didiceritis
365 3108 482 3186 ignoro,
505 3124 571 3170 cum
595 3127 689 3187 oeque
710 3109 741 3168 in
765 3107 857 3170 sacris
873 3106 1033 3186 Scripturis
1048 3123 1145 3184 neque
1160 3107 1190 3167 in

8 3210 82 3286 lgata
105 3207 257 3269 hominum
280 3207 425 3269 sententia
448 3207 478 3270 id
494 3209 672 3280 admittatur,
696 3208 823 3270 llomino
845 3208 977 3270 dicente:
1000 3205 1044 3269 Ne
1062 3211 1189 3268 tr'rraeotis

2 3343 3 3354 κ
30 3315 82 3380 iis,
112 3315 163 3392 qui
183 3311 321 3373 occidunt
351 3327 477 3389 corpus,
510 3315 641 3372 animam
674 3321 772 3373 nutem
800 3328 863 3372 oon
887 3319 1018 3389 possunt
1047 3310 1188 3371 cocidere.

5 3413 56 3490 qui
79 3413 103 3471 si
125 3412 249 3472 manalis
272 3419 318 3471 cst
338 3410 515 3484 anima,1ut
535 3419 633 3473 restra
657 3411 714 3473 lert
735 3410 852 3490 opinio,
887 3427 940 3471 cur
960 3427 1019 3471 non
1038 3405 1101 3472 ¹una
1123 3427 1190 3471 cum

6 3529 95 3589 rpore
117 3513 243 3574 moritur
265 3523 294 3573 et
314 3510 430 3591 periti'
459 3512 496 3572 Et
517 3531 571 3574 cur
593 3512 699 3574 Petrus
721 3513 833 3575 animas
856 3511 886 3573 in
908 3512 1025 3574 interno
1055 3510 1189 3571 detentas

7 3612 94 3672 iritus
116 3631 223 3674 vocans
245 3614 300 3674 ait:
323 3613 412 3688 Adiit,
435 3621 471 3674 ut
491 3618 530 3674 iis
555 3619 608 3693 qui
626 3619 660 3676 in
683 3631 804 3677 carcere
827 3613 940 3676 inclusi
959 3623 1049 3676 erant
1070 3614 1190 3692 spiriti·
1267 3651 1270 3662 ·

8 3781 22 3813 x
43 3763 136 3823 Sequar.
155 3737 252 3813 (lobier.
272 3772 294 3812 et
312 3764 417 3813 ielclm.
433 3765 454 3814 l.
474 3757 554 3821 σώζει
638 3782 660 3828 g.
680 3766 776 3816 Gobler.
795 3775 819 3817 et
836 3767 940 3816 Felclm.
952 3767 973 3816 l.
993 3757 1080 3829 τούτῳ
1099 3755 1191 3812 dedori-

4 3825 90 3893 ldyus·
127 3831 259 3882 connivero
279 3825 553 3900 etaliincddecdgpt·
603 3829 695 3882 durae.
1210 3883 1220 3892 ,

4 3893 43 3951 ais·
639 3903 663 3949 h.
682 3901 754 3949 Basil.
780 3889 999 3948 ducareuor'rruw.
1044 3897 1142 3950 Gobler.
1167 3905 1191 3948 et

4 3987 26 4018 r.
47 3965 131 4027 lngiie.
150 3967 248 4028 Segner.
267 3965 553 4015 Golrler.etFelclm.l.
607 3957 973 4018 aetermtdnoxrwdnm.
1010 3967 1043 4015 td
1062 3981 1132 4030 quem
1152 3965 1190 4014 lo·
1261 3991 1264 3998 ·

4 4030 108 4100 ξαμὲνη.
136 4033 186 4082 llox
200 4033 298 4094 Sequor.
312 4026 391 4080 ἔσται
409 4019 465 4079 adv.
493 4033 553 4082 loid.
607 4049 660 4084 cum
680 4029 953 4098 notatAainnnrnq'e:
977 4031 1058 4080 τοῦτο
1076 4031 1191 4094 Αριστο-

4 4117 71 4164 poer.
89 4102 182 4152 Golrler.
203 4109 225 4149 et
244 4101 346 4149 Felclm.
360 4101 381 4150 i.
398 4094 445 4147 arai
462 4093 555 4164 prt-
606 4097 682 4160 τέλης
706 4098 795 4166 ληρεῖ,
823 4094 966 4168 ἐνδελεχῶς
989 4091 1193 4166 superundantia

8 4165 46 4220 ός.
82 4169 139 4218 Editi
159 4165 239 4217 etalii
259 4183 316 4218 msa.
337 4161 382 4215 arai
401 4159 416 4214 ὅ
434 4159 500 4220 υἱός.
605 4165 656 4221 τὰς
685 4166 784 4234 meyde.
832 4170 883 4218 ltox
912 4171 1012 4230 Sequar.
1042 4165 1139 4242 Goqler.
1169 4169 1194 4212 et

7 4241 24 4287 t.
50 4237 140 4296 Segnior.
163 4228 327 4302 equyoiyero.
366 4236 427 4286 ilditi
451 4249 507 4286 rere
531 4243 556 4285 et
606 4235 832 4290 intrimentis
857 4229 1104 4300 ἧσαρκαὴψῑῖη·
1141 4230 1194 4278 l⁴⁰¹

6 4309 13 4354 i
33 4295 193 4366 alacriorem.
234 4303 555 4366 dommuccensem
606 4304 677 4354 Basil.
697 4297 730 4352 od
747 4300 868 4364 θνήσκει.

8 4371 77 4416 toln.
96 4372 115 4419 t.
137 4365 188 4432 τὴν
210 4369 345 4437 γέννησιν.
383 4372 445 4422 tatu
472 4373 554 4422 etalii
640 4374 654 4422 i.
678 4373 778 4436 Sequar.
803 4365 834 4422 dr
856 4365 933 4434 ᾅδου.
981 4364 1041 4414 thiu
1060 4363 1135 4412 Basil.
1151 4373 1197 4408 κα·

7 4449 25 4481 ν
42 4431 146 4496 γίνεσιν.
603 4435 788 4508 radegundem
803 4433 903 4506 ψιχάς.
931 4511 993 4568 58*
