3176 5058
418 297 565 343 uetsrots
579 297 618 340 ott
633 297 774 340 necastis
790 297 934 342 ntctuttsa
950 297 1067 340 studui.
1317 286 1356 347 57

37 489 41 496 -
131 453 314 516 seinvicem
336 458 467 530 possunt
488 447 612 521 abesse,
639 455 673 509 ut
699 449 804 510 accidit
824 447 977 508 bominum
999 447 1100 508 liberis
1125 465 1194 527 erga
1215 451 1355 530 proprios
1365 463 1440 508 uno.

130 561 280 636 parentes,
303 548 554 631 quemadmodum
576 548 613 610 de
628 548 719 610 Adam
743 558 772 610 et
794 549 876 624 Setb,
899 567 987 629 quem
1010 548 1058 610 ille
1080 551 1191 626 genuit,
1214 551 1357 630 seriptum

130 666 196 731 est,
225 671 334 732 nempe
357 650 485 712 similem
507 649 548 710 illi
569 650 661 712 luisse
683 651 844 712 secundum
867 651 1002 729 speciem*
1020 669 1113 711 suam.
1158 651 1267 713 Verum
1290 671 1357 714 cum

130 757 198 819 Filii
221 775 257 817 ex
279 755 369 814 Patre
397 751 548 830 generatio
570 750 625 812 alia
646 752 733 831 plane
756 752 793 813 sil
817 771 833 812 a
855 759 958 812 natura
981 752 1151 826 hominum,
1180 771 1235 813 nec
1258 753 1355 815 solnm

131 856 239 919 similis
268 853 317 914 illc
345 851 385 913 sit
413 851 593 914 substantiae
615 853 729 922 Patris,
763 853 816 914 sed
844 851 931 912 dividi
956 851 992 912 ab
1014 871 1048 912 ea
1069 871 1129 913 non
1153 862 1256 932 queat,
1288 873 1355 916 curu

134 958 206 1018 item
228 973 324 1017 unum
343 959 408 1034 ipse
429 967 458 1018 ct
480 952 570 1017 Pater
599 943 674 1026 sint,
704 961 736 1014 ut
757 953 834 1014 idem
857 953 945 1026 dixit,
969 971 1145 1032 semperque
1167 954 1293 1017 Verbum
1317 955 1356 1016 sit

133 1057 164 1118 in
177 1057 264 1117 Patre
287 1055 416 1116 etPater
436 1054 467 1115 in
483 1053 588 1124 Verbo,
612 1071 648 1114 eo
671 1055 761 1114 modo
784 1075 842 1134 quo
865 1053 1007 1134 splendor
1029 1072 1062 1114 se
1084 1054 1172 1116 babet
1193 1056 1228 1116 ad
1249 1057 1353 1130 lucem,

135 1158 165 1219 id
194 1158 273 1218 enim
302 1155 389 1218 dictio
418 1156 482 1235 ipsa
511 1155 673 1234 significate
703 1155 812 1217 idcirco
835 1157 973 1234 Synodus
1002 1173 1037 1216 ea
1058 1173 1091 1216 re
1112 1165 1266 1234 perspecta
1289 1177 1355 1220 euru

134 1277 204 1322 esse
227 1257 505 1319 consubstantialem
527 1265 608 1318 recte
630 1257 766 1336 scripsit,
790 1266 821 1317 ut
843 1265 872 1318 et
893 1256 1109 1318 baereticorum
1131 1259 1356 1336 perversitatem

134 1368 298 1431 everteret,
325 1367 355 1420 et
376 1359 502 1420 Verbum
532 1357 654 1419 aliuda
677 1359 761 1420 lactis
783 1359 874 1421 rebus
898 1377 965 1420 esse
987 1358 1167 1420 ostenderet.
1212 1357 1287 1420 Hinc
1309 1359 1356 1420 illa

136 1481 209 1524 voce
237 1460 344 1540 scripta
374 1461 472 1520 statim
496 1459 600 1520 Patres
630 1459 827 1538 subiungunt:
858 1459 936 1532 „llis
966 1479 1036 1522 vero
1060 1461 1109 1538 qui
1132 1459 1232 1520 dicunt
1253 1459 1357 1522 Filium

135 1564 215 1638 „bet
239 1581 274 1623 ex
296 1561 389 1622 uibilo
411 1561 475 1622 sive
498 1580 534 1621 ex
556 1579 617 1622 uon
640 1561 833 1624 existentibus
855 1581 936 1634 esse,
960 1563 1005 1622 rel
1026 1569 1167 1632 creatum,
1190 1563 1235 1622 vel
1258 1571 1356 1623 muta·

132 1665 266 1738 „bilem,
295 1662 340 1724 vel
368 1665 495 1734 lactum,
524 1661 572 1722 rel
600 1679 635 1723 ex
658 1664 711 1723 alia
735 1663 914 1734 substantia,
937 1664 1090 1726 anathema
1113 1661 1183 1724 dicit
1204 1671 1304 1724 sancta
1327 1671 1357 1722 et

131 1765 310 1840 „Catholica
332 1761 496 1824 Ecclesia.“
542 1763 658 1835 Quibus
679 1764 778 1842 utique
800 1765 885 1825 dictis
908 1774 1009 1843 aperte
1031 1763 1205 1836 declaratur,
1229 1763 1276 1824 bis
1298 1783 1355 1824 ro·

132 1865 246 1928 eabulis
280 1883 319 1926 en
350 1865 522 1926 substantio
550 1873 580 1926 et
607 1865 873 1927 consrtdstonn'clr's
906 1866 996 1926 deleri
1031 1865 1190 1944 impietatis
1223 1865 1353 1938 voculas,

133 1967 242 2046 quihus
270 1966 352 2026 aiunt
373 1965 479 2026 Filium
507 1983 576 2026 esse
604 1985 666 2026 rem
694 1975 836 2038 creatam,
861 1967 1022 2036 conditam,
1045 1967 1150 2026 iactam
1174 1975 1203 2027 et
1224 1965 1354 2026 mutabi-

131 2069 202 2140 lem,
225 2086 281 2130 nco
302 2067 387 2147 prius
409 2067 504 2128 luisse
527 2085 612 2146 quarn
635 2068 751 2146 genitus
775 2077 831 2129 est.
875 2067 948 2128 Nam
970 2068 1019 2146 qui
1042 2067 1081 2128 ita
1104 2065 1211 2138 sentit,
1235 2067 1354 2145 Synodo

129 2173 307 2249 refragatur.
354 2169 412 2242 Qui
434 2187 504 2230 raro
529 2186 587 2228 non
611 2168 688 2230 idem
712 2188 745 2229 ae
767 2169 854 2229 Arius
878 2169 977 2240 sentit,
1000 2185 1123 2228 neccsse
1146 2175 1280 2228 osteum
1304 2187 1355 2228 ea-

127 2275 198 2334 dem
230 2290 306 2351 quae
327 2269 464 2350 Synodus
494 2271 604 2330 sentire
633 2279 663 2330 et
685 2269 866 2346 intelligere,
890 2269 928 2329 ita
951 2276 983 2329 ut
1003 2275 1084 2328 recte
1106 2267 1264 2346 percipiat,
1287 2269 1359 2327 lrnec

130 2394 169 2435 eo
194 2375 255 2433 lere
279 2372 368 2432 modo
391 2391 469 2442 esse,
492 2389 551 2450 quo
574 2371 716 2450 splendor
738 2387 807 2448 erga
829 2368 923 2430 lucem
946 2387 979 2428 se
1001 2367 1105 2438 habet,
1128 2366 1255 2446 indeque
1276 2365 1356 2426 veri-

132 2473 204 2534 tatis
227 2471 384 2550 imaginem
406 2469 537 2550 accipiat.

220 2779 272 2839 21.
317 2776 418 2853 ltaque
447 2773 473 2833 si
502 2774 540 2834 illi
569 2773 656 2834 rerba
684 2773 740 2834 ista
768 2771 846 2834 velut
873 2791 948 2833 nova
971 2789 1005 2833 ac
1026 2771 1180 2850 peregriua
1203 2771 1357 2832 admittere

137 2883 294 2946 recusant,
316 2873 494 2934 sententiam
516 2875 611 2950 ipsam
632 2874 794 2945 admittant,
816 2891 901 2952 quam
924 2873 1060 2952 synodus
1083 2873 1129 2933 bis
1151 2871 1280 2932 indicare
1300 2889 1356 2930 ro-

137 2974 209 3045 luit,
239 2983 269 3033 et
290 2973 399 3050 quibus
421 2971 468 3031 illa
490 2972 643 3032 anathema
664 2973 750 3044 dixit,
779 2973 835 3054 ipsi
856 2975 992 3036 similiter
1014 2975 1111 3036 dicant
1132 2973 1302 3044 anathema,
1325 2987 1358 3030 ae

139 3076 179 3135 de
200 3083 311 3145 cetero,
335 3072 360 3134 si
383 3071 512 3150 possint,
533 3089 620 3132 voces
642 3071 722 3149 ipsas
743 3075 966 3151 reprehendant.
1010 3075 1072 3154 Ego
1094 3089 1165 3134 nero
1189 3070 1286 3134 nullus
1302 3071 1357 3132 du·

135 3175 211 3248 bito,
234 3174 305 3254 quin
328 3172 475 3235 sententia
491 3171 602 3250 Synodi
623 3183 740 3253 recepta
762 3174 850 3235 rerba
872 3194 986 3256 quoquc
1009 3177 1072 3255 ipss
1096 3173 1270 3254 approbent.
1306 3171 1358 3234 Sin

134 3285 233 3339 autem
263 3275 442 3338 sententiam
473 3275 568 3354 ipsam
596 3275 686 3335 velint
707 3275 899 3353 redarguere,
928 3278 1066 3340 omnibus
1088 3275 1216 3356 patebit,
1250 3277 1358 3335 trustra

132 3379 203 3441 illos
226 3378 363 3456 nullaque
386 3377 424 3438 de
446 3393 534 3438 causa
556 3376 645 3436 verba
668 3377 895 3456 reprehendere,
919 3380 973 3440 sed
996 3379 1091 3440 solum
1108 3376 1281 3440 occasiones
1299 3375 1358 3438 im·

132 3479 254 3560 pietatis
281 3477 498 3540 confirmandae
526 3477 582 3538 sibi
609 3479 684 3558 ipsis
713 3480 834 3558 lingere.
878 3479 958 3542 llaec
985 3481 1074 3560 igitur
1095 3498 1183 3542 eausa
1205 3479 1273 3553 luit,
1305 3495 1358 3540 cur

133 3579 308 3641 huiusmodi
330 3597 417 3640 rocos
439 3579 549 3641 luerint
569 3579 730 3642 institutae.
776 3581 862 3653 Quod
886 3581 911 3642 si
934 3599 1039 3643 rursus
1061 3589 1255 3654 murmurent,
1279 3579 1357 3660 quod

131 3681 201 3742 illae
223 3679 254 3740 in
276 3667 436 3759 Scripiuris
459 3698 519 3740 uon
541 3689 667 3754 exstent,
689 3683 747 3744 hoc
768 3681 835 3762 ipso
859 3691 996 3762 tanquam
1020 3681 1117 3744 lrrtiles
1140 3689 1169 3742 et
1184 3691 1280 3742 mente
1297 3699 1357 3742 nou

132 3781 202 3844 sani
232 3790 308 3840 sunt·
329 3773 492 3842 ieiicicndi.
537 3781 661 3862 Scipsos
688 3801 780 3862 porro
809 3782 858 3844 bic
885 3785 972 3844 etiarn
1000 3783 1187 3862 potissimum
1210 3789 1442 3854 conuenturos.

129 3883 214 3964 quod
237 3880 326 3960 primi
347 3880 416 3942 huic
436 3881 480 3942 rei
502 3867 764 3956 locum'ucucrtnt,
787 3883 837 3963 qui
859 3885 916 3964 ipsi
939 3884 1109 3963 excogitatis
1130 3884 1262 3954 vocibus,
1285 3901 1358 3964 quae

127 3987 160 4048 in
184 3981 352 4060 Scripturis
384 4001 444 4043 nou
473 3983 635 4058 habentur,
668 3985 776 4047 bellum
806 3986 866 4047 lieo
896 3987 1049 4064 coeperint
1076 3987 1195 4046 inferre.
1239 3983 1360 4047 Noverit

129 4099 232 4149 tamen
257 4082 391 4162 quisquis
411 4083 567 4146 studiosus
590 4085 694 4157 luerit,
725 4086 842 4148 etiarnsi
863 4087 946 4166 ipsae
970 4103 1058 4146 voces
1080 4087 1120 4148 ita
1144 4087 1173 4148 iu
1196 4085 1357 4166 Scripturis

126 4205 190 4250 uon
215 4191 352 4258 exstent,
384 4185 561 4246 senteutiam
588 4192 701 4258 tamen,
732 4205 819 4265 quarn
847 4187 1016 4258 continent,
1049 4207 1119 4248 rere
1141 4207 1176 4250 ax
1198 4183 1359 4264 seripturis

127 4285 255 4358 haberi,
288 4285 537 4378 quemadmodum
566 4303 655 4366 supra
683 4287 793 4350 dictum
822 4297 883 4362 est,
919 4305 1007 4370 quam
1029 4289 1148 4369 quidem
1170 4283 1358 4352 seutentiam,

162 4525 185 4561 ῃ,
205 4507 265 4568 fleg.
284 4496 401 4556 laureis.
