3174 5082
237 311 280 376 30
768 315 946 366 nmmo.

235 487 303 560 apte
324 485 355 538 et
375 473 511 556 apposite
534 469 716 546 distributis,
740 471 797 533 etsi
817 472 918 552 potius
940 479 1047 552 suopte
1068 465 1189 564 mettio
1211 487 1298 551 quarn
1321 469 1471 533 clabum

234 579 316 642 tione
336 575 488 640 adbibitis.
531 573 626 636 liniue
649 573 744 636 oredo
766 589 915 652 nunqnam
937 573 1040 647 ettluit,
1063 587 1212 652 masuram
1228 571 1346 652 leupus
1366 587 1467 651 vaga·

233 685 321 743 tur.“
386 676 535 739 Postbasc
570 675 658 736 variis
698 673 835 736 laudibus
875 673 1025 755 praedicat
1061 671 1277 753 praesuutiora
1306 672 1463 736 dtbsuasii

235 794 342 860 opera,
382 777 547 840 orationem
586 783 688 838 contra
722 775 847 847 Genus,
887 775 1043 855 epistolem
1070 773 1108 835 de
1136 773 1282 836 sententia
1313 773 1462 854 liiaupsii,

237 879 393 962 epistolam
430 879 467 940 ad
500 877 704 950 limantium,
742 875 892 938 orationes
928 884 1031 938 contra
1064 874 1206 948 brianus,
1240 874 1392 956 epolonus
1422 875 1465 937 da

235 983 304 1060 targa
333 989 363 1042 et
390 980 427 1042 sd
449 977 668 1051 coustumium,
703 976 790 1038 edam
819 977 971 1038 orodonas
999 970 1102 1038 contra
1124 971 1353 1055 Apollinarium,
1381 991 1463 1056 quaa

235 1082 426 1147 amissimus
463 1099 533 1142 esse
564 1081 623 1154 ait,
661 1088 694 1141 ut
726 1079 756 1139 in
789 1077 826 1140 iis
859 1078 1042 1141 invenimus
1075 1076 1266 1158 utbauasium
1299 1077 1468 1140 saumario

137 1265 142 1270 Ι
237 1179 441 1268 δριμύτερον.
499 1180 647 1262 Deinceps
679 1195 754 1260 quse
785 1187 953 1259 sequuntur
988 1179 1026 1239 dc
1057 1177 1217 1240 amaranto
1253 1193 1359 1256 aspero
1390 1195 1461 1240 carm

236 1284 392 1348 haereticis
411 1291 545 1362 ,euentu
582 1299 616 1343 aa
645 1299 735 1362 supra
768 1277 928 1369 lemuribus
961 1278 1091 1345 exhibui.
1141 1278 1278 1340 &trema
1308 1277 1461 1340 blendan-

236 1384 314 1446 cauii
336 1384 374 1446 de
395 1385 470 1464 stylo
491 1383 644 1445 dtbaarasii
658 1378 754 1445 'uerba
775 1389 847 1444 suut
868 1381 956 1442 baec:
980 1379 1097 1454 „Dieuc
1118 1379 1183 1441 eius
1205 1396 1279 1459 pura
1294 1389 1325 1442 st
1338 1380 1460 1460 elegans

233 1497 282 1548 ast
302 1487 337 1547 ut
357 1485 535 1565 plurimum:
562 1501 619 1546 uec
639 1481 756 1544 iutinior
775 1489 872 1544 tamen
895 1481 1047 1546 nonnullis
1077 1483 1141 1544 eius
1167 1481 1310 1560 operibus
1332 1480 1460 1562 aliquam

231 1587 473 1668 peregrinitatem
496 1584 631 1646 attulisse
654 1583 775 1646 Latium
796 1581 912 1662 linguae
934 1595 1037 1656 usum}
1060 1583 1144 1663 quale
1166 1581 1237 1643 illud
1260 1592 1323 1656 est,
1346 1579 1461 1667 tausin-

233 1690 311 1751 σίαν
334 1683 453 1750 tronea
476 1681 523 1761 εἰς
544 1681 686 1768 auidus,
717 1680 906 1768 βετεράνος,
939 1691 968 1746 et
989 1683 1044 1746 alia
1066 1684 1095 1745 id
1118 1701 1224 1763 genus.
1267 1683 1459 1763 impanatum
1490 1671 1496 1682 ⁸

234 1785 349 1850 affluat
369 1803 393 1848 a·
408 1786 622 1850 cousuetudine
641 1787 754 1861 berar,
777 1797 811 1848 ut
833 1787 859 1847 si
881 1805 917 1848 ex
944 1785 1113 1866 quetidiana
1135 1784 1309 1875 Latinorum
1333 1784 1459 1847 inmitia·

233 1888 322 1950 ritate
348 1887 462 1967 abacue
490 1887 661 1949 huiusmodi
691 1887 836 1950 dictiones
859 1888 889 1948 in
912 1885 1032 1950 buccam
1055 1885 1205 1957 ascirent,
1235 1903 1272 1946 ue
1294 1885 1330 1946 ab
1353 1886 1390 1947 iis
1413 1887 1459 1947 rel

233 1989 346 2052 &aare
376 1987 532 2068 peritiores
561 1988 753 2051 abstinerent.
796 1989 881 2050 Licet
907 1998 1005 2050 autam
1033 1986 1160 2048 insidias
1188 1975 1309 2048 sufibus
1337 1987 1460 2049 minime

233 2098 327 2170 paret,
348 2089 469 2152 lectoris
492 2089 549 2152 sibi
573 2099 681 2164 tamen,
704 2088 849 2152 illecebris
873 2089 975 2152 neseio
997 2087 1123 2168 quibus,
1146 2086 1381 2150 benevolentiam
1404 2105 1455 2150 ca-

233 2199 305 2272 ptat.
349 2189 428 2252 Nibil
458 2209 597 2254 morosus
627 2191 657 2252 in
686 2191 816 2254 exordiis
845 2203 905 2265 est,
935 2191 988 2252 sed
1018 2190 1118 2252 statim
1140 2189 1185 2251 ab·
1199 2188 1284 2250 initio
1306 2189 1337 2250 in
1359 2207 1457 2251 arcem

233 2287 342 2355 umere
372 2291 500 2367 insedit,
535 2302 565 2354 et
597 2301 698 2354 contra
732 2293 897 2355 haereticos
932 2292 1010 2354 croit
1040 2289 1259 2370 quodammodo
1291 2289 1456 2355 classicam.

231 2393 364 2457 Platonis
387 2393 568 2474 Homerique
589 2393 684 2456 libros
706 2393 776 2472 legit
796 2393 927 2466 assidue,
950 2411 1007 2454 uec
1028 2409 1088 2454 uon
1110 2390 1236 2452 aliorum
1259 2397 1401 2464 culmum,
1423 2400 1457 2453 ut
1579 2411 1580 2454 t

233 2493 426 2556 moratione
459 2495 693 2556 contradentes
726 2503 756 2554 et
783 2513 819 2556 ex
847 2493 911 2555 aliis
943 2491 1009 2555 eius
1043 2489 1184 2571 operibus
1214 2491 1368 2571 propalam
1400 2502 1457 2556 est.

234 2594 348 2666 Quodsi
370 2593 533 2673 Gregorius
555 2594 756 2656 Nazianzenus
777 2595 858 2656 illum
882 2595 938 2656 bac
957 2593 987 2654 in
1007 2601 1092 2672 pa'rta
1107 2591 1295 2655 mediocriter
1309 2593 1457 2658 dumtaxat

232 2695 381 2764 murlitum
403 2695 496 2756 luisse
518 2705 633 2768 narret,
662 2695 692 2756 id
714 2695 853 2756 nimirum
877 2693 1023 2774 Gregorio
1043 2694 1137 2755 vuum
1160 2693 1228 2768 mit,
1250 2693 1300 2773 qui
1323 2713 1455 2776 magnam

232 2794 431 2856 assuescas
452 2803 566 2876 partem
589 2797 636 2858 bis
659 2797 689 2857 in
711 2795 817 2858 studiis
840 2796 988 2857 contrivit.
1031 2794 1103 2857 attis
1126 2803 1223 2856 autem
1246 2794 1457 2860 iurcvidcstur

215 2894 410 2968 'afflamine
430 2891 614 2981 φιλολόγος
636 2905 666 2960 et
687 2897 734 2958 bis
758 2897 788 2957 in
810 2896 900 2958 rebus
921 2896 1017 2977 probs
1038 2895 1206 2958 eruditus.“
1248 2895 1282 2957 Si
1311 2915 1388 2974 quse
1411 2899 1455 2960 m·

231 2995 422 3060 mustum
455 2999 607 3078 copiosius
648 2998 805 3071 disseruit,
838 3006 979 3079 quantum
1011 2997 1175 3077 probabilia
1209 3006 1295 3070 sunt,
1328 2997 1456 3060 breviter

229 3097 387 3178 ussptcut
419 3099 507 3174 velis,
539 3099 791 3180 mancusorum
813 3110 873 3173 est,
905 3099 1057 3162 Athanasii
1089 3097 1285 3176 dequestiam
1314 3117 1374 3160 nou
1397 3109 1453 3160 tom

121 3223 123 3238 ·
231 3197 323 3262 inisse
345 3187 436 3262 studii
460 3211 490 3263 et
511 3201 598 3275 arus,
628 3219 716 3282 quam
738 3200 884 3264 facultatis
907 3219 924 3260 a
946 3207 1052 3261 natura
1072 3199 1232 3279 prolectas
1251 3215 1373 3279 eamque
1395 3199 1450 3261 illis

228 3302 355 3366 mxima
388 3301 564 3363 occalluisse
597 3302 771 3368 virtutibus,
806 3317 881 3377 quae
912 3299 1064 3360 ductorem
1094 3307 1123 3360 et
1145 3298 1359 3380 disputatorem
1384 3300 1451 3362 siue

229 3401 409 3478 smiptoram
431 3398 606 3460 didacticum
628 3407 659 3458 et
678 3397 855 3477 polemicum
879 3409 987 3460 ornent
1007 3398 1093 3478 eique
1115 3401 1218 3475 fidem,
1240 3403 1452 3474 auctoritatam,

230 3499 338 3562 lanum
360 3497 526 3560 conciliant.
569 3497 734 3560 liictionem
757 3505 854 3580 sutem
877 3499 925 3579 qui
948 3500 1074 3562 uoluerit
1094 3501 1131 3563 ad
1148 3519 1282 3565 normam
1305 3506 1452 3567 sermonis

230 3598 317 3662 tutet
340 3597 467 3676 eripere,
490 3597 634 3678 intelliget
654 3615 715 3660 non
736 3607 850 3661 uotum
872 3600 1074 3676 barbarismis,
1099 3603 1199 3682 quales
1220 3603 1338 3666 notavit
1354 3606 1453 3667 tlout·

229 3701 415 3774 tracuus,
437 3707 469 3760 et
489 3697 596 3761 usitato
620 3699 668 3760 ilia
689 3708 782 3762 astate
803 3702 964 3786 κοινισμῷ
995 3704 1168 3767 maculatam
1191 3723 1277 3778 esse,
1312 3706 1366 3768 sed
1387 3705 1453 3767 aliis

230 3819 349 3882 menapis
370 3799 462 3874 uitiis,
483 3818 560 3880 quae
581 3801 668 3862 etium
691 3800 864 3864 cultissimis
879 3803 988 3884 alioqui
1011 3805 1153 3868 ecclesiae
1176 3825 1297 3885 gmccue
1318 3805 1451 3887 patribus

229 3903 398 3965 moncels
427 3909 495 3963 sunt
524 3920 580 3963 uec
597 3910 762 3982 potueruut
787 3903 893 3965 abesse
915 3904 952 3966 ab
983 3906 1102 3984 scriptis
1124 3923 1245 3978 eorum,
1259 3917 1308 3969 «ut
1328 3907 1453 3970 Basilius

229 4003 270 4064 bt.
290 4004 400 4064 tumtur
420 4001 451 4063 in
470 4001 597 4082 epistola
620 4003 655 4064 nd
676 4002 833 4066 bibauium
854 4005 1055 4068 cccxxxiii.
1072 4007 1218 4086 Opp.:ed.
1232 4007 1343 4070 Benad.
1367 4009 1453 4071 Tum.

229 4102 281 4165 111.
303 4120 335 4183 p.
357 4105 431 4166 455.
452 4103 486 4166 u.
510 4104 577 4166 coll.
599 4123 648 4185 ep.
670 4101 811 4167 ccctvt.
834 4125 865 4186 p.
878 4109 950 4172 461.
973 4106 1008 4168 11.
1051 4107 1198 4170 Nimirum
1218 4108 1370 4173 Albanasii
1391 4127 1451 4173 nou

228 4211 300 4268 sunt
320 4201 517 4269 contendendi
534 4223 606 4287 ‚cum
627 4205 772 4270 Libaniis.
815 4207 853 4268 lli
875 4203 1043 4284 λεξειδιων
1065 4203 1250 4295 θηράτορες
1277 4211 1353 4272 nibil
1372 4212 1452 4273 auu-

227 4303 318 4386 qraius
338 4303 507 4369 babuerunt
526 4325 613 4388 quum
637 4313 670 4369 ut
692 4308 878 4372 orationibus
905 4307 970 4370 suis
992 4309 1105 4371 Atticae
1133 4311 1309 4384 elocutionis
1332 4312 1453 4394 elegam

227 4405 301 4468 tiam.
332 4414 362 4467 et
392 4416 576 4472 venustatem
610 4408 819 4488 exprimerent.
839 4429 843 4444 ·
862 4409 924 4472 illis
955 4400 1106 4474 ἁλιεῦσιν
1138 4402 1331 4496 ἀνθρώπων
1365 4431 1451 4476 curso

223 4505 367 4588 cordiqtnc
394 4517 442 4588 sat
468 4528 518 4574 res
551 4509 713 4580 cbristians
735 4517 764 4574 et
786 4510 867 4573 salus
890 4509 1143 4588 Christianorum,
1177 4513 1223 4576 cui
1245 4514 1452 4590 inservientes,
