3212 5060
563 289 671 338 οιιοιο
688 289 730 336 ιιι.
745 290 1011 342 consentaneos·
1337 279 1400 344 bld

174 447 280 508 eumne
303 458 392 504 unam
415 437 598 502 divinitatem
621 447 650 502 'et
674 449 796 504 ιιιιιιοοο·
817 440 914 505 Panis
936 439 1149 522 proprietatem
1163 443 1341 524 'percipere
1364 463 1485 512 erneu.

174 545 229 606 bae
256 550 354 608 tutem
381 559 454 603 vooe
477 541 664 620 lacrymatus
687 551 732 606 eet
753 549 785 604 et
806 542 953 608 similibus
973 563 1008 606 ea
1031 543 1167 626 eorporis
1190 546 1312 626 propria
1333 565 1400 613 esee

172 661 351 734 agnoscere,
380 642 509 704 maxime
533 657 600 704 oum
628 641 787 722 utrobique
813 653 1030 710 oooseetaneee
1050 647 1184 710 rationes
1206 639 1264 710 illis
1286 665 1400 728 suppe-

173 754 251 820 tant,
281 747 391 826 quippe
420 762 486 810 curn
509 743 556 806 ills
580 743 700 823 quidem
723 743 760 804 de
781 761 819 806 eo
841 752 876 805 ut
895 745 934 806 de
955 744 1034 818 ileo,
1063 747 1135 810 bueo
1156 755 1400 828 autempropter

174 849 335 912 homanum
357 846 490 910 eiusdem
512 863 623 924 eorpus
645 843 756 924 scripte
775 845 845 910 sint
889 845 951 910 Nec
973 847 1050 908 enlm
1074 847 1104 910 ia
1125 867 1174 922 eo,
1195 850 1247 930 qui
1262 850 1400 931 eorporis

174 967 283 1028 expers
313 940 412 1020 esset,
442 945 578 1026 corporis
607 945 806 1027 proprietates
830 944 972 1018 inissent,
1001 947 1060 1008 nisi
1083 965 1191 1028 corpus
1215 942 1400 1032 corruptioni

173 1050 335 1114 obnoxiam
359 1067 393 1112 ao
414 1047 538 1110 mortale
560 1047 764 1110 assumsisset.
807 1047 939 1110 blortslis
968 1047 1115 1127 siquidem
1137 1051 1193 1116 tuit
1213 1061 1315 1114 snaots
1335 1053 1399 1124 Ma-

174 1152 227 1225 ria,
251 1169 286 1214 ex
308 1169 364 1230 qna
386 1150 452 1212 eius
474 1148 650 1228 productum
672 1167 783 1228 eorpus
805 1157 868 1223 est,
889 1167 926 1212 ao
944 1149 1089 1228 proinde,
1111 1150 1255 1228 quoniam
1276 1153 1307 1215 ia
1329 1172 1399 1218 cor·
1557 1227 1561 1240 ‚

174 1271 249 1332 pore
271 1253 417 1332 potiente,
446 1251 623 1332 lacrymante
644 1258 676 1312 et
696 1249 849 1315 laborante
872 1259 969 1326 esset,
999 1269 1123 1315 neeesse
1146 1251 1203 1314 luit
1223 1252 1399 1328 utistbaee,
1465 1269 1470 1278 ’

174 1359 251 1433 qnae
280 1353 377 1415 carole
405 1352 526 1432 propria
554 1360 639 1426 sunt,
666 1351 705 1414 de
733 1351 776 1418 ιο
792 1369 849 1414 ona
871 1369 938 1418 οιιιο
958 1369 1087 1432 oorpore
1107 1353 1287 1416 dicerentur.
1331 1352 1400 1416 Siue

175 1454 264 1532 igitur
284 1454 365 1517 nevit
386 1461 416 1514 et
436 1452 625 1531 perturbatus
647 1463 703 1526 est,
726 1471 788 1516 non
812 1452 939 1514 Verbum
962 1461 995 1516 ut
1015 1454 1145 1521 Verbum
1166 1454 1309 1520 llebntet
1328 1465 1403 1534 pet·

174 1555 355 1628 turbabatur,
378 1554 432 1616 sed
454 1539 483 1617 id
505 1553 671 1633 pertinebat
691 1554 728 1616 ed
750 1571 879 1628 earnem,
903 1555 967 1616 sire
989 1555 1084 1616 orarit
1106 1563 1138 1618 ut
1153 1554 1295 1632 trqnsiret
1314 1554 1410 1630 colit.
1466 1586 1470 1592 ·

173 1675 235 1720 noa
257 1656 323 1735 ipsa
345 1655 731 1728 divinitasnetormitabst,
753 1655 806 1716 sed
830 1655 879 1718 ille
902 1656 1019 1718 stteono
1043 1664 1108 1720 erat
1119 1656 1311 1728 humanitatis
1324 1674 1400 1736 pro-

172 1744 246 1838 pria}
269 1766 302 1820 ut
323 1767 353 1819 et
373 1775 461 1818 rooes
483 1757 560 1820 istas
586 1755 624 1820 Ut
645 1758 716 1842 quid
738 1757 931 1839 terattqana·
948 1755 1019 1820 aas?
1041 1775 1117 1836 quse
1132 1757 1195 1820 stre
1211 1774 1280 1826 esse
1294 1757 1401 1820 eodem

136 1938 138 1942 .
173 1877 238 1940 qoo-
263 1858 590 1938 sopra'enpliesrimus
620 1859 710 1922 modo
738 1867 809 1922 suot
831 1858 1031 1938 intelligenda.
1075 1859 1147 1922 Nem
1180 1859 1296 1922 tametsi
1326 1858 1403 1924 nibil

174 1960 351 2039 patiebatur,
375 1979 442 2024 eum
457 1959 586 2026 Verbum
608 1959 759 2039 patibilem
782 1977 847 2022 noo
869 1959 977 2022 babeat
996 1969 1142 2034 usturam,
1164 1960 1286 2040 perinde
1298 1968 1401 2024 umen

171 2079 208 2122 ee
235 2061 262 2122 si
290 2079 359 2124 rere
386 2068 537 2140 pateretur
563 2061 638 2124 leaeo
664 2060 700 2122 sb
723 2060 917 2140 Evangelistis
945 2062 1054 2141 scripta
1077 2070 1163 2135 sunt,
1196 2061 1267 2140 quia
1287 2061 1402 2122 sollioet

174 2161 318 2226 bomine
340 2164 435 2226 laotos
456 2161 548 2224 homo
571 2169 627 2234 eet,
650 2179 684 2222 ae
704 2160 911 2240 proindejste
933 2171 1071 2240 tanquam
1091 2161 1129 2226 ab
1144 2161 1266 2226 bomine
1281 2161 1487 2227 stfiuotraos.

170 2271 203 2325 et
233 2263 385 2336 dicuntur,
420 2270 453 2324 nt
479 2261 615 2324 videlieet
640 2260 706 2340 ipse
732 2260 835 2324 ieratis
864 2260 1036 2325 huiusmodi
1065 2261 1162 2324 earnis
1192 2255 1398 2324 allectionibus

171 2383 238 2430 eom
259 2365 308 2430 bie
330 2364 468 2430 redderet
487 2362 621 2428 liberum.
668 2361 856 2441 Quapropter
885 2379 941 2422 nec
969 2361 1095 2430 el'atro
1117 2360 1281 2441 derelinqui
1302 2357 1402 2441 potuit

174 2465 334 2536 Dominus,
362 2472 396 2525 ut
423 2476 493 2542 pote
520 2462 572 2542 qui
600 2463 631 2524 in
656 2462 705 2524 illo
728 2481 847 2542 sempor
870 2461 1032 2538 exstiterit,
1063 2471 1125 2526 tum
1148 2473 1304 2544 antequam
1327 2464 1401 2528 baed
1508 2489 1513 2504 ·

171 2565 300 2640 obseret,
330 2575 392 2628 tum
420 2581 487 2630 eunt
515 2565 568 2627 bas
596 2563 743 2628 emitteret
771 2583 871 2626 voees.
915 2563 1018 2646 Neque
1040 2565 1128 2628 etam
1150 2567 1194 2630 los
1216 2572 1266 2629 est
1286 2564 1396 2640 disere,

174 2667 333 2734 Dominum
355 2666 463 2730 timore
483 2667 653 2747 percensum
676 2664 780 2740 luisse,
804 2664 888 2728 euius
909 2674 991 2730 metu
1005 2667 1156 2746 perterriti
1172 2665 1335 2734 iatuorusa
1350 2665 1398 2738 ie·

174 2769 289 2832 nitores
315 2770 447 2850 captivos
465 2769 625 2842 dimisere,
660 2767 788 2848 bioeqne
810 2777 1002 2830 monumenta
1023 2779 1125 2848 aperta
1147 2781 1233 2840 sunt,
1253 2775 1287 2830 et
1305 2766 1405 2836 motu·

169 2871 350 2935 Senotorum
371 2889 498 2950 corpora
518 2870 652 2932 seriorem
674 2869 796 2948 suisque
818 2883 992 2948 apparuere.
1038 2869 1166 2932 Taeeaat
1183 2868 1274 2950 igituir
1289 2886 1394 2930 omnes
1484 2871 1494 2878 ”’

173 2971 331 3038 haeretiei.
359 2989 415 3032 neo
434 2971 580 3034 affirmate
602 2969 730 3032 audeant
751 2971 910 3032 Dominum
933 2959 1085 3042 timuisse,
1114 2987 1204 3048 quern
1224 2951 1317 3032 mors
1331 2967 1397 3047 ipsa

94 3081 98 3088 “
173 3078 209 3132 ut
227 3070 319 3132 draeo
339 3070 429 3148 sugit,
456 3083 545 3150 quero
567 3071 729 3134 demones
751 3079 904 3144 metuont,
934 3089 1023 3149 quem
1045 3089 1127 3132 mare
1147 3077 1285 3142 veretur,
1313 3068 1399 3130 ouius

174 3190 265 3235 eausa
293 3172 468 3236 renouatur
494 3171 568 3234 eseli
591 3189 755 3252 omneque
778 3172 986 3236 oonoutioutor
1006 3179 1179 3252 potestates.
1223 3169 1298 3232 liceo
1320 3167 1400 3231 enim

174 3273 224 3336 ibo
248 3273 381 3340 dieente:
407 3273 446 3338 tu
468 3275 539 3354 quid
559 3273 749 3355 dereliquisti
761 3272 832 3337 ase?
854 3273 1173 3346 demonstraritPater,
1188 3279 1266 3338 sset
1279 3287 1399 3350 sempor

177 3385 206 3438 et
235 3383 304 3438 tuoe
333 3375 364 3440 in
390 3395 426 3438 eo
456 3374 560 3438 luisse.
611 3375 705 3438 Terra
743 3375 822 3438 enim
849 3373 1007 3444 bominum
1034 3374 1206 3454 loquentem
1234 3389 1398 3451 agnoscens

66 3460 71 3466 ’
173 3478 275 3540 stetim
296 3477 544 3550 aemulandum
567 3476 696 3546 scissem
718 3486 775 3552 ast,
799 3496 868 3540 sese
891 3473 938 3541 s'ol
959 3474 1124 3548 abscondit,
1147 3473 1281 3554 diruptae
1295 3479 1399 3552 petrae

174 3585 261 3652 sient,
290 3586 497 3653 monumenta,
528 3587 560 3640 ot
580 3577 640 3642 iam
662 3578 739 3653 dixi,
770 3585 979 3659 anteparta,
1002 3577 1110 3657 quique
1133 3575 1163 3640 in
1185 3574 1244 3640 illie
1266 3571 1400 3638 iacebunt

170 3831 199 3881 lo
217 3830 271 3881 allis
289 3831 400 3881 eluditis
417 3832 486 3880 deest
503 3821 517 3878 d
534 3824 633 3896 κύριος.
668 3829 761 3882 lbidem
812 3842 918 3890 πηοαν
940 3826 985 3880 aul
1005 3824 1200 3898 ἒφανισθησαν
1216 3825 1275 3882 tols
1293 3817 1403 3896 drdpoa'-

172 3913 217 3963 pro
243 3892 350 3962 ylrsrnt
376 3899 448 3950 besil.
476 3898 547 3948 babet
569 3895 673 3962 γέγονε.
710 3900 762 3950 blox
811 3913 881 3952 ants.

169 3967 228 4028 lieu.
239 3965 263 4015 2.
282 3974 306 4016 et
324 3960 542 4031 basibaoomiootc
559 3957 658 4020 αὗιοῖς.
677 3966 761 4015 Velclr-
847 3968 871 4018 k·
890 3967 931 4018 stc
945 3967 1004 4028 lleq.
1018 3967 1040 4016 l.
1059 3967 1158 4027 Sequor.
1171 3963 1269 4018 Gobler.
1282 3963 1400 4020 etVelolt·

171 4035 254 4084 menni
273 4035 297 4084 b.
315 4028 452 4100 κουφίσαι
469 4023 559 4091 αὐτῆς.
595 4033 686 4082 lbidem
704 4034 761 4094 lteg.
813 4034 895 4083 manni
914 4033 936 4082 l.
972 4037 1000 4083 tt
1017 4035 1091 4084 ueteri
1109 4041 1133 4084 et
1151 4035 1207 4084 editi
1224 4027 1302 4082 πᾶσα
1319 4024 1401 4078 tors-

175 4101 197 4150 1.
216 4101 316 4162 Sequor.
334 4101 433 4153 Gobler.
452 4109 475 4150 et
493 4101 599 4150 Felolm.
618 4101 641 4148 1.
660 4091 763 4149 ltsoos-
812 4113 860 4168 μιι·
877 4092 1025 4150 oehlerus.

169 4162 238 4236 -ρὶαν
255 4159 342 4229 adalp
358 4160 465 4218 retitur
480 4159 676 4234 ammendorp.
847 4169 864 4218 l.
881 4169 982 4232 seques.
998 4160 1072 4218 wid
1089 4160 1164 4228 ἥλως
1180 4160 1218 4221 δέ.
1253 4165 1312 4224 lleq.
1329 4164 1402 4214 hebel

190 4237 231 4286 'b.
248 4238 307 4300 lleq.
327 4237 350 4288 l.
374 4245 398 4288 et
420 4239 521 4299 Segoer.
544 4229 560 4284 d
582 4227 676 4302 arietes
700 4227 763 4284 lla
814 4237 871 4286 item
888 4229 926 4286 dd.
956 4237 1006 4288 tiit
1024 4246 1104 4288 sotem
1123 4243 1144 4286 et
1163 4236 1220 4286 editi
1239 4225 1253 4282 l
1272 4223 1346 4309 'W‘
1361 4242 1400 4280 tt·

171 4294 257 4368 udrqi.
294 4309 323 4354 tt
340 4305 381 4356 alii
399 4313 423 4356 et
439 4306 497 4356 editi
516 4294 763 4369 tederet-trabae.
814 4303 867 4353 blox
890 4305 988 4354 Gobler.
1010 4313 1036 4356 et
1056 4304 1161 4357 Velelm.
1182 4303 1204 4353 l.
1228 4295 1402 4366 διερῤιγννν·

206 4372 223 4421 i.
241 4372 299 4434 lleq.
312 4372 335 4421 1.
353 4381 376 4423 et
393 4375 492 4437 sepner.
510 4367 597 4422 nette
614 4385 651 4422 τε.
687 4373 762 4422 tidem
815 4383 857 4426 ro,
874 4365 923 4420 ael
939 4363 968 4421 oi
982 4365 1014 4422 ἐν
1030 4363 1124 4428 adroic
1138 4363 1231 4435 νεκροί
1247 4368 1344 4444 emissis
1362 4364 1401 4414 in·

173 4437 262 4488 ibidem
281 4448 306 4489 et
322 4441 421 4492 Gobler.
439 4457 467 4492 ae
485 4441 591 4492 Velelm.
612 4440 633 4494 l.
652 4429 763 4499 ἀνέστη,
815 4441 947 4491 termediis.
974 4443 1062 4504 fleat.
1081 4441 1137 4490 ibid.
1157 4447 1181 4489 et
1197 4439 1337 4499 Sequano.
1354 4443 1403 4496 pro

170 4501 221 4554 nol
237 4497 433 4570 ἱφανίοθηοον
449 4507 507 4564 τοῖς
524 4501 610 4563 ἰδίοις.
645 4510 691 4562 etit
702 4499 764 4558 dre·
815 4497 946 4574 ἦνοίγετο.
958 4509 1048 4562 babent
1065 4499 1219 4573 deotperto.

1138 4585 1196 4639 37*
