3102 5042
513 243 658 288 sersaoni
673 244 693 286 1.
710 239 958 288 marmoronau.
1160 277 1162 282 .
1277 232 1337 296 713
1358 223 1359 228 ’

17 415 56 474 ῥ’
111 417 183 479 pere
206 396 341 478 possint,
370 413 446 475 qnae
473 393 644 456 honrinibns
672 411 728 454 neo
749 393 852 455 audire
874 411 930 456 neo
949 394 1032 476 ioqui
1054 383 1145 460 iicet?
1182 395 1238 462 'Sic
1259 401 1424 464 animnos.

19 543 59 589 ·.
111 499 221 562 Paulus
244 499 282 560 de
303 497 362 570 ists,
386 485 461 576 qnae
481 495 548 575 ipse
570 495 688 571 audivit,
711 503 837 558 testatus
860 505 918 571 est,
940 497 977 560 de
1000 498 1061 560 lieo
1084 505 1182 562 autem
1199 499 1277 564 'haec
1291 503 1338 568 di-

114 601 168 664 oit:
195 601 294 674 Quom
315 598 538 678 r‘nocstiqoir'ies
561 603 627 660 ot'oc
651 593 735 661 eius!
782 599 857 672 Quis
880 605 959 662 enim
981 606 1119 680 copnooit
1140 620 1262 666 sensum
1276 603 1340 667 Dn-

112 700 211 766 mint?
254 702 316 765 Aut
337 705 403 782 quis
427 699 622 762 consiliarius
644 705 708 763 arur
730 697 818 780 suit?
860 700 936 763 Hinc
955 701 1100 764 Abraham
1129 703 1203 765 nihii
1224 705 1340 768 curiose

112 804 267 885 inquisivit
287 821 344 864 neo
363 800 515 882 loquentis
538 800 627 862 verba
650 801 805 875 discnssit,
826 801 889 862 ‘sed
913 803 1039 867 credidit
1058 805 1139 880 Dro,
1162 814 1192 867 et
1215 815 1341 885 reputo·

24 892 46 923 *⁵¹
114 917 179 969 tum
207 916 253 967 est
279 908 308 967 ei
328 904 368 965 od
389 905 547 965 rusticium.
592 901 642 966 Sic
661 901 779 983 Moyses
812 901 907 964 fidelis
936 905 1062 965 samnius
1091 905 1255 986 appellatus
1284 915 1340 969 est.

114 1007 203 1080 Quod
226 1007 252 1067 si
272 1005 389 1079 Ariani,
418 1003 485 1084 quia
513 1005 544 1067 in
572 1003 742 1082 malemiam
764 1003 900 1084 ipsorum
922 1006 1049 1067 animam
1076 1025 1137 1068 non
1159 1001 1341 1086 ingredietur

21 1096 73 1193 Ψ,
113 1108 268 1187 sapientia,
289 1106 474 1168 individuam
495 1114 525 1168 et
546 1113 677 1168 sanctam
693 1106 867 1168 Trinitatem
882 1125 938 1168 nec
958 1107 1121 1186 intelligere
1141 1127 1198 1170 neo
1219 1111 1341 1174 credere

38 1201 49 1252 '²
113 1218 242 1288 qucum,
269 1227 308 1270 ne
329 1207 439 1271 idcirco
462 1207 617 1270 veritatem
639 1207 820 1282 adulterent,
851 1225 907 1272 nec
928 1227 1002 1288 quae
1024 1209 1083 1289 ipsi
1104 1211 1258 1290 percipere
1279 1230 1341 1274 non

20 1301 84 1400 ·{²“''
112 1319 255 1391 possunt,
285 1311 358 1373 haec
384 1328 445 1371 non
466 1327 560 1388 posse
580 1328 648 1372 esse
670 1309 859 1372 contendant
902 1310 1088 1373 Perabsnrda
1111 1313 1189 1373 enim
1210 1331 1261 1374 res
1284 1321 1340 1387 est,

16 1416 39 1458 rr
54 1400 73 1440 ⁵¹
114 1411 195 1491 qnod
218 1429 283 1474 cum
307 1410 464 1490 concipere
486 1429 548 1472 non
570 1410 693 1486 valeant,
717 1415 767 1491 qni
782 1411 848 1474 iieri
862 1409 960 1492 possit
975 1422 1008 1474 nt
1022 1412 1169 1476 individua
1187 1414 1227 1476 sit
1241 1424 1427 1480 sanctarena.

19 1523 27 1553 ’ἵ
50 1505 71 1542 '³'
115 1513 263 1586 Trinitas,
295 1511 397 1574 Ariani
418 1511 528 1574 idcireo
550 1511 657 1573 Titium
680 1522 710 1573 et
731 1513 850 1592 Tropici
872 1513 1015 1593 Spiritum
1038 1523 1171 1577 sanetum
1194 1517 1342 1580 interrae

34 1623 42 1680 t
62 1608 70 1660 3'
115 1623 228 1678 mestas
252 1621 417 1682 numerent.
461 1613 574 1706 Nempe
595 1632 721 1694 aequum
738 1625 809 1688 erat,
833 1614 879 1676 rel
894 1615 949 1676 ista
965 1634 1026 1677 non
1041 1616 1236 1697 intelligentes
1252 1636 1340 1698 proc·

54 1717 83 1747 '²¹¹
114 1736 167 1780 sus
191 1716 290 1791 silere,
314 1735 369 1778 nec
391 1715 458 1777 illos
480 1715 587 1778 Filium
608 1734 663 1778 nec
685 1715 761 1778 istos
777 1717 921 1798 Spiritum
937 1726 1069 1780 sanctum
1090 1717 1169 1780 inter
1191 1737 1241 1782 res
1257 1738 1341 1782 orea-

17 1809 79 1902 grid·
115 1827 161 1880 tas
184 1817 345 1891 collocare,
374 1816 419 1880 rel
441 1826 521 1880 certe
543 1817 623 1898 qnod
646 1818 792 1898 scriptum
814 1827 860 1880 est
881 1837 1058 1897 agnoscere,
1089 1818 1262 1900 Filinmque
1275 1839 1344 1883 cum

16 1904 94 1986 conisi·
113 1921 202 1984 Patre
223 1920 421 1998 coniungere,
451 1938 507 1981 noo
528 1919 670 1999 Spiritum
691 1939 707 1981 a
729 1919 804 1982 Filio
829 1920 973 1996 dividere,
1006 1928 1040 1982 ut
1061 1921 1174 1982 seilicet
1195 1921 1344 1984 individua

16 2027 84 2103 ,mett
115 2041 150 2084 ac
171 2022 304 2084 eiusdem
325 2040 395 2083 vere
417 2021 565 2101 particeps
594 2030 716 2085 naturae
744 2030 932 2100 permaneret
960 2029 1060 2084 sancta
1082 2022 1222 2084 Trinitas.
1267 2023 1343 2096 Qui·

19 2119 81 2200 μὸν·
115 2124 171 2186 bus
194 2123 293 2204 utique
315 2121 441 2202 cognitis
464 2142 525 2184 non
548 2142 584 2184 eo
607 2123 744 2185 andaciae
758 2141 953 2203 prorumpere
972 2123 1127 2195 debebant,
1151 2131 1184 2183 ut
1205 2123 1343 2185 dubitan-

16 2255 55 2312 μω
69 2231 160 2315 ntes
182 2225 377 2304 inquirerent,
401 2244 528 2304 quonam
550 2233 635 2304 paeto
658 2226 732 2285 hoco
753 2244 786 2285 se
808 2224 956 2294 habeant,
978 2243 1016 2285 ne
1040 2225 1066 2284 si
1087 2225 1288 2302 interrogatus
1311 2223 1343 2286 in

16 2349 69 2416 pm,
80 2329 104 2380 ni
115 2327 327 2407 respondendo
351 2326 498 2399 haereret,
522 2325 579 2406 ipsi
601 2344 709 2406 pravos
733 2325 888 2404 sibiipsis
913 2341 1022 2386 sensus
1038 2323 1343 2391 comminiscerentuc.

16 2429 197 2524 [partiaco
218 2427 297 2488 enim
326 2436 372 2490 est
398 2446 498 2491 rerum
518 2428 661 2490 'omnium
688 2429 828 2490 securum
858 2427 1053 2506 inprimisque
1082 2425 1236 2488 hominum
1268 2443 1344 2487 con-

16 2530 202 2618 ‚afuiffditiq
225 2537 258 2590 nt
279 2528 441 2604 derebus,
466 2548 541 2608 quae
564 2528 660 2592 verbis
683 2529 807 2608 exprimi
830 2546 891 2590 non
914 2535 1056 2607 queunt,
1071 2527 1159 2607 digne
1180 2527 1262 2607 ioqui
1283 2545 1344 2588 non

16 2674 68 2736 10„
77 2621 281 2710 tii‘possimus.
325 2629 419 2690 Maior
440 2639 536 2692 autem
562 2649 633 2691 sane
655 2630 807 2692 temeritas
830 2629 935 2705 inerit,
964 2629 989 2691 si
1012 2629 1047 2690 ad
1070 2629 1144 2690 hacc
1165 2629 1267 2690 eadem
1290 2647 1344 2690 ex-

41 2731 250 2820 rppa'rlioanda
278 2748 354 2792 nova
382 2731 521 2793 vocabula
550 2733 665 2810 aliaque
691 2751 708 2793 a
735 2731 898 2812 Seriptnris
932 2730 1142 2808 excogitemus.
1188 2729 1344 2789 imovero

16 2801 240 2935 impisnsanns
262 2833 427 2904 admodum¹
445 2833 494 2895 ilie
517 2832 684 2896 censendus
707 2834 762 2908 sit,
796 2834 846 2914 qui
874 2830 958 2896 hisc'c
980 2830 1129 2892 derebus
1151 2829 1346 2909 interroganti
1447 2899 1451 2906 ,
1534 2821 1535 2828 '

16 2907 94 3042 [ium
112 2933 162 3002 etei
185 2941 297 2996 tantum
321 2935 430 3012 cogitet
450 2935 653 3014 respondere,
681 2935 917 3014 qnandoquidem
946 2953 1001 2996 nee
1028 2934 1055 2994 is
1084 2933 1190 2994 mentis
1220 2949 1344 3010 compos

16 3010 184 3152 ἔξωῖιῐοῦιωε
206 3035 418 3109 aestimabitur,
446 3036 495 3114 qui
517 3037 592 3098 hacc
613 3037 715 3098 eadem
738 3037 887 3099 derebus
910 3035 994 3097 iactis
1017 3032 1344 3111 fuerit-percunctatus.

209 3237 256 3300 18.
299 3236 374 3297 Nam
396 3236 440 3298 vel
463 3239 580 3302 tandem
604 3237 663 3310 iili,
692 3239 742 3318 qui
765 3238 802 3298 de
824 3255 857 3298 re
879 3235 960 3298 nulla
981 3232 1129 3306 dubitant,
1162 3231 1345 3312 respondere

16 3325 18 3359 r
105 3341 138 3416 ,ir
155 3337 255 3410 deant,
278 3335 427 3415 quomodo
450 3346 538 3400 etex
561 3357 618 3418 qua
640 3339 761 3402 materia
783 3337 854 3398 caeli
872 3336 1026 3398 constituti
1041 3333 1111 3406 sint,
1134 3333 1181 3395 rol
1202 3351 1346 3413 quaenam

148 3455 235 3500 orum
258 3438 297 3500 sit
319 3439 474 3512 admixtio,
505 3459 601 3520 quove
623 3441 712 3502 modo
736 3441 781 3502 sol
804 3447 833 3500 et
854 3437 970 3518 singula
993 3445 1072 3499 astra
1094 3437 1258 3515 composita
1279 3437 1347 3496 iue-

164 3551 185 3603 t.
231 3540 340 3602 Verum
363 3541 432 3620 quid
456 3543 580 3616 mirum,
611 3543 639 3604 si
668 3561 703 3604 ex
732 3540 939 3622 superioribus
968 3538 1030 3600 sive
1059 3537 1234 3600 caelestibus
1256 3536 1347 3598 rebus

169 3660 238 3704 rum
261 3641 418 3704 amentiam
441 3645 665 3719 convincamus,
695 3663 761 3706 oum
789 3661 886 3725 neque
916 3641 991 3722 ipsis
1018 3649 1118 3722 pateat
1145 3657 1288 3720 quaenam
1311 3636 1350 3698 sit

152 3761 221 3806 rum
244 3742 436 3818 inferiorum,
459 3745 540 3807 verbi
563 3764 652 3808 causa
674 3746 838 3826 lignorum,
863 3753 983 3816 natura,
1013 3741 1163 3822 quomodo
1186 3739 1351 3802 consistant

153 3862 223 3918 uae,
246 3862 389 3922 quaenam
412 3845 452 3906 sit
473 3845 641 3910 animalium
664 3847 860 3911 conformatio
882 3865 917 3907 oc
931 3842 1133 3924 compositio?
1176 3841 1256 3932 Haeo
1271 3839 1350 3902 enim

67 4011 88 4064 Β,
147 4053 157 4084 ⁰
195 4063 234 4112 Sic
252 4064 309 4126 itaq.
324 4064 346 4114 1.
365 4065 466 4128 Sequar.
478 4066 576 4116 GohIer.
590 4072 613 4115 et
625 4065 709 4116 Teici-
728 4043 739 4058 ⁹
760 4067 848 4116 Aiiiet
872 4065 929 4117 editi
953 4066 1040 4115 habent
1065 4055 1234 4128 ἇῤῥιίτωνοι
1253 4057 1349 4128 τολμη·

162 4131 201 4178 ’ἢ
221 4131 243 4181 i.
279 4132 341 4181 Editi
368 4125 522 4183 etaliii'uu.
562 4133 635 4182 Penio
654 4141 711 4196 post
739 4129 820 4204 Ιρόν.

121 4272 130 4301 Ι
149 4185 260 4298 'dispun-
285 4209 308 4248 et
327 4199 431 4250 Feioim.
450 4202 470 4250 l.
487 4195 558 4268 μετὰ
583 4200 639 4254 τοῖς
655 4195 710 4248 uri·
764 4218 817 4319 etce.
836 4202 893 4264 fleg.
912 4201 936 4250 2.
961 4208 984 4249 ot
1002 4199 1108 4250 Fetoim.
1130 4200 1150 4248 l.
1169 4195 1218 4247 τοῦ
1235 4209 1264 4246 τε
1283 4187 1350 4246 ὅλως

70 4281 91 4332 it
802 4306 808 4318 ‘

71 4305 235 4436 domama
254 4369 309 4432 fleg.
333 4371 353 4419 i.
372 4371 471 4433 Sequor.
490 4372 589 4423 Gobler.
603 4371 713 4422 Feieim.
798 4337 820 4464 ἒ
835 4335 892 4450 {22⁸2
903 4337 967 4450 ¹352!
978 4335 1091 4450 {5522}
1101 4327 1222 4460 {3052
1233 4392 1350 4445 eqpppeq.

73 4428 294 4570 ζ’νὶῑίἶιτῐέριεἰίη
318 4439 360 4489 sed
380 4438 452 4490 [iasii.
480 4441 550 4489 habet
575 4429 711 4505 ἆρῤήτων.
765 4471 846 4520 mmm
864 4470 888 4521 2
907 4479 930 4520 et
948 4471 985 4521 ed.
1004 4467 1124 4520 cammah

41 4762 160 4990 Μ..
