2822 5030
333 215 826 270 oonmrromssnmsnmsarr.
1129 209 1193 274 tot

29 383 71 448 3.
124 379 319 459 Quapropter
343 376 445 438 unctio
474 377 550 440 tacta
579 384 626 438 est
651 393 713 437 non
734 373 815 454 qnod
837 374 917 438 Deus
945 375 1085 439 rroedooe
1112 376 1277 444 indi-ron.

0 493 27 546 t
55 501 124 544 nec
147 479 227 560 quod
249 479 362 559 ubsque
382 475 445 538 beo
467 477 568 540 unctio
590 477 690 550 tieret,
724 477 777 540 sed
805 477 868 538 Deo
896 475 1068 540 unctionem
1096 477 1192 559 appli-

5 605 28 648 e
66 584 233 663 ipsamque
260 581 291 642 in
319 597 447 660 corpore
473 578 624 642 unctionis
656 595 762 658 capace
789 576 960 657 recipiente.
1004 578 1192 642 Manifestum

13 707 34 748 r
64 693 137 758 est,
167 681 297 744 Verbum
318 699 380 744 non
401 681 515 760 absque
536 681 664 742 bumana
686 697 775 741 carne
797 678 945 742 Christum
967 681 1073 743 tectum
1096 682 1191 743 inisse

27 805 115 848 sese
144 783 302 846 dividendo
332 783 363 844 iu
391 782 490 844 camis
520 781 649 860 speciem
677 789 706 841 et
727 780 842 842 animae
864 781 1104 856 similitudinem,
1136 783 1190 844 sed

11 905 82 950 ens
110 886 193 966 quod
215 892 279 948 erat
299 885 423 946 termam
446 882 524 945 servi
540 882 714 962 ,accepisse
747 899 808 942 non
830 881 1000 944 destitutam
1023 883 1190 959 existentia,

0 1009 61 1069 pe
90 1005 171 1066 qnae
192 1005 248 1066 per
269 985 451 1065 pensionem,
473 985 726 1047 resurrectionem
749 993 780 1046 et
799 985 967 1046 universam
986 988 1190 1050 oeconomiam
1199 975 1291 1048 nom

1 1114 11 1153 e
39 1088 214 1170 proderet,
243 1093 276 1148 ut
301 1087 445 1166 scripturn
473 1095 504 1148 et
530 1085 755 1166 comprobatum
785 1093 840 1148 est.
883 1084 976 1148 Dicite
1004 1086 1111 1165 igitur,
1138 1108 1192 1152 eur

2 1212 41 1254 m
70 1192 109 1252 in
125 1189 257 1278 'Nazaret
278 1190 386 1250 tactum
408 1207 476 1251 esse
497 1186 692 1261 existimatis3
724 1187 804 1266 quod
836 1204 941 1250 omnes
964 1186 1063 1248 soient
1083 1189 1191 1252 baere-
1266 1239 1268 1244 .

13 1289 194 1375 proferre?
237 1290 275 1352 Ut
300 1289 410 1353 Paulus
437 1287 658 1352 samosatensis
687 1287 781 1350 Deum
810 1305 845 1350 ex
873 1287 994 1367 Virgine
1024 1289 1218 1362 confitetur„

7 1415 43 1458 m
71 1411 116 1455 ex
138 1391 263 1454 Nararet
283 1391 390 1464 visum,
413 1409 448 1452 ao
467 1389 519 1470 qui
541 1390 610 1451 inde
632 1407 699 1452 cum
722 1387 867 1452 existendi
891 1395 952 1452 uim
973 1389 1116 1469 regnandi
1130 1390 1191 1452 ini-

3 1525 9 1555 ·
46 1494 186 1568 duxerit,
208 1490 396 1571 verbumque
419 1509 487 1555 esse
509 1508 545 1552 ex
566 1489 647 1552 caelo
671 1491 783 1564 efficax,
805 1490 835 1552 in
855 1509 915 1570 quo
932 1491 1108 1571 sapientiam
1123 1511 1191 1554 esse

1 1601 138 1669 fitetur,
162 1595 240 1675 quod
263 1591 471 1674 praefinitione
493 1591 612 1672 qnidam
634 1599 702 1654 ante
725 1592 841 1654 saecuta
863 1591 918 1666 sit,
940 1593 1098 1672 existentia
1120 1611 1191 1654 rere

30 1705 145 1760 araret
166 1685 207 1760 sit
228 1694 349 1769 editius,
373 1701 429 1767 „nt
448 1692 540 1768 Deus,
565 1693 672 1772 inquit,
694 1711 771 1755 unus
793 1693 843 1754 itte
864 1694 913 1766 sit,
936 1695 986 1773 qui
1008 1709 1101 1774 anper
1122 1713 1190 1757 om-

1 1822 21 1863 a
48 1800 141 1862 Deus
164 1804 212 1858 est
232 1795 353 1857 Pater.“
397 1793 477 1855 Talis
505 1802 551 1855 est
578 1793 668 1855 huius
695 1793 843 1873 impietas.
886 1795 1018 1856 Marcion
1040 1805 1137 1858 autern
1162 1805 1193 1858 et

7 1902 150 1966 icbaeus
172 1895 284 1970 dicunt,
306 1895 399 1958 Deum
421 1895 452 1956 in
470 1894 619 1974 Virginem
640 1895 797 1958 advenisse
818 1915 852 1958 ac
872 1895 996 1958 intactili
1010 1897 1101 1960 modo
1115 1916 1191 1977 pro-

0 2025 47 2078 e,
74 2017 144 2064 nco
164 2015 300 2078 capacem
324 1998 417 2059 tuisse
442 1996 677 2058 communicandi
701 2015 766 2058 oum
790 2005 893 2059 natura
914 1996 1043 2060 humana
1064 1999 1095 2060 in
1116 2009 1190 2078 p'ec·

9 2127 42 2168 m
66 2105 160 2185 lapsa
184 2118 219 2162 ac
238 2097 369 2178 Principi
392 2097 541 2176 nequitiae
563 2097 705 2160 subiecta.
750 2096 805 2171 „Si
827 2099 923 2171 enim,
951 2085 1010 2171 ait,
1040 2098 1117 2161 bano
1138 2119 1189 2162 aa·

0 2207 101 2280 insit,
128 2211 160 2264 et
181 2199 312 2278 Principi
335 2199 483 2278 nequitiae
504 2198 638 2268 Christus
660 2195 796 2278 subditus
819 2199 875 2258 erit
897 2206 927 2259 et
947 2199 1060 2278 peceati
1083 2217 1189 2278 expers

0 2329 37 2371 in
65 2307 147 2376 erit,
179 2300 233 2362 sed
254 2298 406 2378 propriam
435 2315 554 2360 carnem
577 2297 747 2360 exhibuisse
770 2298 907 2376 inquiunt
928 2317 964 2360 ex
987 2318 1055 2362 sese
1077 2319 1112 2363 ea
1133 2319 1190 2380 qua

2 2411 67 2470 uit
92 2400 307 2473 similitudine,
339 2418 373 2464 ex
402 2399 485 2462 caelo
517 2398 630 2460 scilicet
651 2397 779 2460 exhibita
802 2405 833 2460 et
851 2399 882 2460 in
905 2400 1017 2462 caelum
1040 2419 1188 2481 regressa,

1 2525 104 2571 emtam
128 2521 206 2582 qnae
228 2509 289 2564 tota
312 2501 353 2562 sit
374 2500 545 2562 divinitas.“
590 2499 762 2562 Valentinus
790 2507 893 2563 cdntra
926 2520 1044 2565 earnem
1065 2485 1189 2566 Deitatis
1218 2499 1247 2555 ‘-

1 2622 67 2672 tem
93 2623 167 2668 esso
188 2611 373 2666 commeatus
394 2602 569 2683 passionem
587 2601 723 2664 Trinitati
739 2621 926 2666 communem
949 2604 1041 2668 tuisse
1062 2615 1189 2668 conten-

47 2709 145 2772 hrins
168 2723 239 2768 vero
267 2723 385 2768 cantem
414 2703 507 2766 solam
532 2704 567 2765 ad
590 2703 817 2766 occultationem
838 2705 999 2767 divinitatis
1021 2707 1188 2779 confitetur,

1 2860 10 2875 ,
35 2821 141 2874 antem
163 2807 318 2868 interioris
341 2805 440 2868 nostri
461 2803 592 2867 hominis
614 2805 643 2867 id
659 2815 705 2868 est
719 2805 835 2868 animae
849 2804 978 2867 Verbum
995 2806 1036 2868 ait
1055 2805 1189 2868 incarne

12 2916 111 2981 tisse,
144 2907 318 2986 passionem
335 2905 372 2969 ‘et
392 2907 429 2968 ab
452 2906 557 2969 interis
580 2909 830 2970 resurrectionem
852 2905 995 2970 divinitati
1018 2906 1188 2969 adscribere

6 3035 53 3077 us.
102 3007 253 3070 Sabellius
282 3015 381 3070 antem
407 3008 491 3070 Pauli
513 3009 735 3070 Samosstensis
765 3008 890 3086 eiusque
917 3009 1087 3087 sequacium
1115 3026 1186 3070 son-

2 3117 76 3178 tiam
101 3107 222 3192 probat,
245 3108 356 3171 veritos
379 3109 458 3171 enim
480 3109 541 3170 Arii
563 3109 739 3172 divisionem
761 3109 793 3171 in
816 3127 969 3182 errorem,
991 3109 1041 3189 qui
1065 3110 1186 3188 [parso-

1 3221 17 3296 ¹]
44 3217 82 3276 de
106 3209 209 3274 medio
231 3209 326 3284 tollit,
349 3210 488 3291 delapsus
512 3217 568 3274 est.
611 3211 671 3272 Vos
694 3220 793 3272 autem
814 3211 930 3272 cuinam
952 3210 1119 3273 adhaeretis
1142 3211 1187 3272 rel

21 3337 69 3380 am
94 3311 237 3394 opitulari
259 3310 372 3374 ruitis?
414 3313 491 3374 Num
513 3312 593 3393 qnod
615 3312 775 3393 proverbio
798 3313 892 3374 fertur
914 3311 1073 3375 cuiuslibet
1091 3311 1189 3374 tribus

10 3419 51 3482 s?
97 3416 173 3478 Nam
202 3415 272 3476 dnm
294 3415 398 3478 unioni
419 3415 507 3476 iidem
535 3415 665 3492 negatis,
699 3415 769 3476 dum
801 3413 977 3493 plenitudini
1004 3415 1187 3494 repugnatis,

43 3516 187 3580 omnihus
210 3533 300 3595 supra
324 3515 496 3578 memoratis
518 3515 675 3606 haereticis
698 3516 884 3589 consentitis,
907 3524 1048 3596 metuque
1062 3515 1186 3578 divisio-

9 3669 17 3694 ,
54 3625 87 3680 ut
118 3616 349 3690 eausibcamioi,
382 3617 419 3678 od
450 3617 619 3696 [personas]
652 3619 826 3679 auferendas
859 3616 991 3680 animum
1021 3615 1186 3696 adpetistis.

0 3741 63 3782 nm
87 3727 121 3780 ut
143 3717 196 3796 qui
217 3717 351 3795 dividunt
372 3717 525 3780 insaniunt
547 3717 646 3797 etqui
669 3717 828 3779 detrahunt
849 3725 965 3792 errant,
987 3701 1044 3780 ¹sic
1071 3717 1120 3797 qui
1149 3716 1187 3780 de

24 3909 125 3970 Sogoer.
144 3896 192 3952 aori
213 3894 282 3952 debr
299 3893 415 3968 tiburis·-
453 3903 479 3954 in
504 3917 547 3954 eo·
599 3919 662 3968 quor
675 3903 812 3968 sequimur.
847 3903 908 3954 tutti
927 3917 982 3953 rero
1001 3893 1055 3952 ἄλλ’
1074 3895 1183 3972 ὁμοίαν.

1 3996 7 4027 ι
29 3977 92 4024 inira
109 3966 159 4022 καί
175 3971 243 4022 deest
270 3979 324 4020 aute
348 3964 439 4020 πάντα
457 3963 548 4020 brui·
599 3971 650 4021 htux
669 3971 741 4021 iidem
760 3985 818 4020 mss.
837 3963 866 4026 ἐξ
882 3963 976 4019 αὐτοῦ.

2 4057 63 4160 τωςςο.
97 4095 124 4161 er,
141 4097 384 4169 §mmmm
406 4119 425 4153 α
444 4100 548 4168 ’φῆς
606 4113 614 4134 ,
633 4057 647 4104 i.
667 4056 766 4134 ngner.
791 4055 889 4106 Gobler.
908 4065 932 4105 et
949 4055 1053 4106 Frictio.
1067 4055 1089 4106 i.
1108 4047 1186 4120 ἡμῶν

1 4147 48 4231 ios
64 4127 111 4226 {bi
125 4145 205 4226 'tuoe
244 4119 546 4236 sequerianpetessohter.
599 4121 760 4226 mewzm'
892 4205 901 4225 ,

0 4239 165 4308 nentuaeuiq
183 4241 217 4311 τῇ
235 4233 359 4309 ἁμαρτίᾳ
378 4239 425 4301 τῆς
440 4236 544 4296 κακίας,
632 4217 653 4264 ¹¹·
671 4210 817 4296 ἶῐαμφυῖῑὲξ
833 4228 966 4292 γὲγθνίξϊέ
975 4229 1059 4264 omne!
1071 4213 1121 4288 “tp
1132 4225 1184 4261 mt-

0 4327 31 4361 χ,
69 4315 121 4364 qo,
144 4317 245 4376 Smer,
269 4319 326 4374 po„
349 4303 451 4370 mm„
475 4310 547 4359 habe,
597 4293 722 4349 nnserrptr.
757 4277 1184 4349 Edrttrerenoprpiiotyayorere.

1 4377 37 4426 oi.
75 4381 148 4432 Panto
166 4387 223 4445 post
241 4377 312 4430 Basti.
330 4371 376 4426 arni
394 4369 442 4426 οὐκ
458 4369 526 4426 ἔστι.
632 4376 648 4425 Ι.
666 4377 765 4438 Segner.
784 4377 875 4438 hostie.
894 4371 1145 4427 conterminorum.
1163 4371 1186 4421 l.

1 4463 16 4493 ι.
35 4448 68 4496 ιιι
87 4449 183 4510 Sequar.
208 4448 309 4499 Gobler.
342 4455 365 4497 et
388 4447 493 4497 Febrim.
515 4445 546 4506 1.,
597 4437 756 4514 διαιρέσεως
773 4437 910 4498 διάνοιαν,
930 4441 1009 4490 minos
1027 4445 1100 4490 recta.
