3220 5046
554 313 662 358 omaro
677 315 698 358 r.
714 315 829 360 cosam
845 315 980 361 sorsaco.
1315 307 1373 369 157

151 465 269 540 „Filius
291 465 408 528 Patrem
431 481 493 526 nou
513 473 648 526 accusate
669 466 832 544 cognoscit,
854 477 956 547 utpote
977 469 1024 530 cui
1043 471 1314 549 comprehendendi
1329 475 1460 533 las-ruo.

151 567 271 640 „sulm
292 567 380 638 desit,
402 583 504 626 verum
525 583 581 626 nec
602 583 686 627 suom
708 567 928 646 alienaturum
950 579 1050 632 notam
1073 571 1193 634 habet.“
1227 573 1316 634 Addit
1330 573 1376 634 si·

149 669 259 732 militer
280 675 385 730 natura
407 667 528 738 divisus,
550 665 692 740 diversas,
713 667 887 742 disiunctas,
910 669 1080 750 alienasque
1095 691 1150 734 uec
1164 672 1289 736 iurieem
1304 692 1376 754 par·

149 771 257 850 ticipes
280 788 349 830 esse
370 767 476 840 Patris,
500 765 565 828 Filii
587 777 618 830 et
638 767 737 830 Sancti
760 769 888 848 Spiritus
910 770 1105 836 substautias:
1128 775 1198 854 quio
1221 776 1320 849 edam,
1343 785 1378 839 ut

152 871 218 951 ipse
240 870 295 943 ait,
320 869 467 948 „penitus
495 868 573 930 inter
601 886 635 929 se
658 876 687 931 et
707 867 870 932 substantia
893 877 923 931 et
943 871 1033 950 gloria
1056 885 1126 936 sunt
1146 875 1261 940 infinite
1281 877 1375 942 dissi·

156 970 301 1043 „miles.“
346 970 445 1048 ltaque
467 967 547 1048 quod
570 969 606 1030 ad
622 977 743 1030 naturae
762 977 790 1030 et
804 969 915 1049 gloriam
930 971 1149 1036 similitudinem
1164 978 1278 1053 attinet,
1300 981 1375 1042 Ver·
1408 1027 1415 1034 .

156 1071 227 1132 bum
248 1070 284 1132 ab
306 1070 440 1150 utrisque
460 1069 548 1132 Patre
569 1069 706 1133 videlicet
727 1080 756 1132 et
770 1071 883 1151 Spiritu
898 1071 1009 1133 Secuto
1029 1071 1157 1135 alienum
1172 1079 1292 1140 omuino
1307 1099 1376 1143 esse

156 1171 258 1246 docet3
282 1171 353 1232 haec
375 1173 452 1234 eaiim
474 1171 539 1251 ipsa
562 1179 633 1234 suut
653 1171 737 1252 impii
758 1171 837 1234 illius
858 1173 965 1245 rerba,
988 1173 1038 1253 qui
1060 1173 1131 1236 item
1153 1176 1195 1238 ait
1215 1177 1320 1240 Filium
1342 1199 1378 1244 ex

155 1289 189 1333 se
211 1291 227 1332 a
249 1271 337 1334 Patre
359 1291 426 1334 esse
448 1271 575 1334 disismn
597 1272 736 1354 nullaque
759 1274 789 1336 iu
809 1293 842 1335 rs
863 1274 1036 1355 participem
1059 1275 1124 1337 eius
1145 1295 1223 1339 esec
1268 1278 1304 1340 Et
1325 1275 1394 1342 lrae'

154 1373 273 1452 quidem
295 1383 367 1435 sunt
388 1372 547 1454 particulae
569 1375 755 1448 labellorum,
786 1393 861 1455 quae
889 1377 920 1438 in
950 1375 1073 1439 ridiculo
1095 1377 1156 1439 aiii
1184 1386 1301 1442 exstant
1325 1397 1380 1444 vo-

154 1475 273 1536 lumius.
1208 1491 1216 1502 ·

240 1783 269 1842 7.
314 1779 389 1853 Quis
411 1797 483 1859 ergo
506 1779 553 1840 his
577 1777 607 1841 el
620 1782 749 1842 camnine
766 1779 884 1842 'laudae
899 1779 1007 1842 auditis
1020 1781 1122 1844 ddum
1145 1783 1229 1862 quasi
1243 1783 1275 1845 iu
1290 1803 1378 1848 scena

156 1879 384 1943 deduiusmodi
411 1879 502 1942 rebus
530 1881 678 1943 iocantem
707 1882 770 1944 iure
798 1900 858 1944 nou
887 1881 1008 1944 oderit?
1053 1883 1126 1956 Quis
1155 1903 1215 1946 uon
1244 1886 1379 1965 agrimcit

156 1981 252 2055 illum,
281 2001 348 2044 cum
369 1983 422 2044 liei
445 2001 555 2045 nomeu
577 1983 713 2062 prolerre
736 1983 823 2046 etde
845 1983 906 2044 lleo
928 1985 1010 2064 loqui
1037 1985 1167 2058 uidetur,
1196 1987 1377 2050 simillimum

156 2103 223 2146 esse
245 2085 393 2164 serpentis
416 2085 532 2146 mulieri
554 2083 652 2146 dantis
674 2083 853 2146 consilium?
897 2084 1005 2164 Ecquis
1026 2105 1096 2148 vero
1119 2087 1195 2160 aliis,
1223 2107 1297 2168 quae
1319 2089 1378 2150 ilri-

157 2185 223 2248 dem
252 2196 431 2266 sequuntur,
465 2186 604 2267 perlectis
636 2204 697 2248 nou
727 2193 787 2247 tam
815 2185 892 2248 clare
919 2185 983 2250 eius
1015 2187 1156 2268 perspicit
1187 2189 1379 2270 impietatem,

157 2305 243 2366 quam
266 2288 409 2361 lraddem,
433 2287 464 2348 in
486 2305 573 2367 quam
588 2305 715 2368 serpeus
731 2286 885 2350 mulierem
900 2287 1004 2350 dolose
1019 2287 1156 2350 induxit?
1178 2289 1252 2362 Quis
1267 2309 1379 2370 quaeso

157 2387 193 2448 ad
215 2389 269 2450 luas
290 2389 458 2467 impietates
479 2407 540 2449 uon
562 2387 776 2476 obstupescat?
820 2389 939 2451 Caelum
962 2390 1090 2470 quidem,
1113 2397 1146 2452 ut
1167 2391 1208 2452 ait
1221 2391 1379 2472 Propheta,

158 2487 322 2567 obstupuit,
344 2497 375 2550 et
397 2497 473 2550 terra
495 2490 616 2551 tremuit
635 2491 674 2551 cb
695 2491 832 2554 violatus
853 2491 958 2571 legem.
992 2489 1044 2554 Sol
1057 2489 1156 2555 autem
1178 2493 1380 2556 vehementius

158 2587 327 2668 indignatus
348 2608 405 2652 aec
424 2591 524 2654 lereus
546 2590 685 2668 iniurias,
714 2611 788 2674 quas
817 2593 984 2656 communis
1006 2593 1137 2656 omnium
1158 2604 1295 2658 nostrum
1318 2593 1379 2656 Do·

157 2691 256 2754 mious
278 2701 385 2771 sponte
406 2711 462 2772 pro
484 2693 573 2756 nobis
595 2713 722 2775 corpore
744 2693 897 2771 toleravit,
924 2713 992 2758 sese
1015 2696 1079 2775 ipse
1109 2697 1228 2771 avertit,
1258 2704 1378 2759 contra-

158 2791 272 2872 ctisque
292 2793 382 2855 radiis
405 2793 482 2856 diem
503 2795 585 2858 illum
605 2795 730 2875 privavit
751 2793 825 2858 luce.
868 2797 926 2870 Qut
947 2815 1018 2858 vero
1039 2797 1075 2860 ad
1098 2797 1186 2878 impia
1208 2797 1269 2860 urii
1290 2798 1380 2860 rerba

157 2893 295 2955 universa
316 2894 470 2956 homiuum
492 2905 595 2957 natura
617 2905 742 2974 stupore
755 2915 816 2958 nou
834 2897 1033 2972 exhorrescat,
1056 2917 1142 2960 aures
1157 2917 1218 2960 uon
1234 2899 1378 2974 obstruat,
1388 2881 1481 2963 reaia*⁰

158 2995 263 3056 oculos
284 3011 345 3054 nou
368 2994 496 3068 claudat,
524 3003 557 3056 ut
577 3013 633 3056 nec
653 2997 702 3057 illa
724 2995 823 3058 audiat
843 3015 898 3059 nee
919 3015 1003 3070 sum,
1031 2999 1080 3077 qui
1108 2998 1164 3059 ista
1192 3000 1380 3078 conscripsit,

158 3093 305 3176 aspiciat?
347 3093 391 3156 du
414 3113 475 3156 uon
497 3095 596 3174 potius
618 3094 684 3156 iure
704 3097 812 3158 merito
834 3106 936 3158 contra
959 3099 1041 3177 ipsos
1063 3107 1200 3177 tunquam
1222 3099 1332 3178 impios
1354 3108 1385 3162 et

158 3197 240 3259 valde
263 3196 395 3275 ingratos
426 3195 593 3258 clamaverit
613 3195 678 3277 ipso
699 3195 861 3272 Dominus,
890 3215 966 3278 quae
994 3216 1048 3278 per
1070 3198 1246 3290 l’rophetam
1276 3199 1383 3260 Ossam

159 3295 317 3375 praedixit:
344 3293 400 3359 Vue
422 3301 474 3370 eis,
498 3301 640 3380 quonium
662 3311 855 3362 recesserunt
876 3319 894 3362 u
916 3317 970 3371 ure,
993 3303 1100 3362 miseri
1112 3311 1193 3371 ruat,
1216 3305 1286 3382 puio
1300 3303 1388 3382 dapis·

160 3401 192 3458 ia
211 3417 258 3460 are
277 3399 418 3478 suamet.
462 3397 525 3478 Epo
548 3417 620 3462 uero
643 3401 758 3464 redemi
776 3419 842 3474 eos,
865 3413 895 3465 et
916 3405 978 3482 ipsi
998 3401 1095 3464 locuti
1113 3413 1186 3465 suat
1207 3413 1315 3465 contro
1336 3419 1382 3466 me

161 3500 329 3572 mendacio,
359 3508 389 3559 et
409 3499 497 3579 paulo
519 3508 604 3580 post:
630 3503 814 3565 Contrariis
837 3509 1046 3585 aspiraverunt
1067 3503 1166 3575 mdo.
1198 3509 1232 3568 s'u
1253 3505 1382 3570 alidum

161 3604 303 3666 conuersi
321 3599 419 3663 auat?
461 3599 534 3664 Nam
561 3611 721 3683 postquam
749 3602 977 3680 anritemo,
1006 3605 1085 3686 quod
1111 3605 1210 3686 ipsum
1232 3625 1300 3670 vere
1324 3617 1381 3680 est,

161 3719 229 3762 sese
252 3709 382 3764 avertere
404 3709 434 3763 et
455 3721 533 3778 eum,
555 3703 606 3783 qui
628 3723 689 3767 uon
711 3714 766 3780 est,
790 3705 846 3768 sibi
869 3707 1058 3779 madorem,
1081 3707 1112 3768 in
1134 3707 1258 3770 nihilum
1280 3710 1381 3789 utique

161 3811 230 3864 suut
251 3803 309 3882 ipsi
331 3800 447 3882 dilapsi.
492 3803 571 3866 Saue
591 3803 665 3867 haec
685 3823 773 3868 eausa
794 3807 858 3881 luit,
881 3827 934 3870 cur
955 3807 1100 3888 generalis
1122 3808 1259 3888 synodus
1280 3811 1382 3873 llrium

160 3987 211 4038 lior
225 3991 324 4052 Segusa.
338 3983 385 4038 aui
402 3983 451 4042 τὰς
468 3979 578 4044 ἀκτῖνας
595 3987 741 4048 συστείλας,
795 3985 873 4043 κατά.
909 3995 970 4044 lisid.
988 3993 1062 4044 Busil.
1080 3995 1172 4057 anglie.
1191 4003 1214 4046 et
1232 3995 1338 4048 lelelm.
1356 3997 1380 4048 d.

159 4050 210 4116 τὴν
227 4049 333 4128 ἡμέραν
350 4065 395 4108 eto.
432 4058 493 4108 Editi
511 4066 535 4108 et
552 4061 592 4110 alii
610 4049 745 4125 dneurpoi·
796 4051 903 4124 ἀσεβῶν
921 4053 979 4128 ἅμα
995 4056 1040 4110 καὶ
1058 4051 1223 4128 ἀχαρίστων.

186 4139 201 4183 η
226 4119 277 4180 ads
302 4114 414 4179 dirum
440 4119 587 4181 συστείλας.
623 4120 670 4175 καὶ
694 4121 745 4187 τὴν
829 4131 851 4180 l.
871 4128 1018 4193 SioSepuer.
1042 4125 1237 4194 Heluidiarum
1256 4131 1380 4181 mendose.

161 4137 272 4259 xillum·
704 4253 714 4268 ,
828 4197 845 4248 l.
863 4197 905 4248 Sic
922 4198 1061 4259 sapuerim.
1088 4205 1112 4248 et
1135 4199 1175 4249 alii
1200 4213 1259 4248 mss.
1284 4205 1382 4262 praeter

194 4275 216 4323 s.
235 4253 465 4329 Seguera‘pprdutc.
493 4256 744 4332 Editietuliipdotc.
795 4265 900 4316 Felclim.
920 4263 944 4315 2.
970 4273 994 4315 et
1012 4266 1068 4328 llep.
1087 4267 1111 4316 iu
1129 4267 1234 4332 quibui,
1259 4273 1285 4314 ut
1308 4272 1333 4314 et
1355 4265 1380 4314 iu

195 4331 218 4378 li.
236 4331 335 4392 segnes.
358 4331 432 4382 Busil.
451 4339 475 4381 et
491 4333 582 4395 duplic
603 4325 743 4384 τοιούτων,
796 4334 882 4393 editis,
900 4333 931 4383 ita
951 4333 1052 4396 legitur:
1070 4327 1115 4382 eoi
1132 4326 1189 4400 μετ’
1210 4323 1315 4396 ὀλίγον·
1333 4318 1380 4376 sat

159 4395 223 4447 Editi
240 4405 264 4448 et
282 4398 322 4448 elii
340 4391 453 4448 codrus.
795 4392 989 4464 iduulericonu
1006 4393 1092 4455 κακά,
1110 4394 1157 4449 uui
1174 4391 1213 4450 uls
1229 4391 1277 4462 tut
1293 4387 1379 4458 ttayt-
1489 4434 1495 4444 ,

193 4465 209 4513 l.
227 4465 268 4516 Sic
285 4467 384 4530 Sessoer,
403 4467 476 4518 ilarii.
494 4466 586 4531 duplic.
606 4467 703 4520 Gcbler.
722 4477 745 4519 et
796 4479 881 4516 emo
900 4476 944 4519 etc.
969 4468 1033 4546 'llos
1057 4469 1156 4532 Seguer.
1181 4457 1231 4514 τὸν
1253 4456 1379 4528 παρόντα

158 4529 264 4584 ielslm.
284 4533 307 4584 1.
349 4535 378 4586 lt
404 4536 428 4586 iu
456 4533 575 4587 editis'et
599 4535 653 4586 eliis
677 4537 747 4588 deest
795 4533 845 4584 acri
862 4533 929 4585 deod
946 4531 1037 4598 loyor.
