3214 5048
587 269 696 316 onusto
712 271 744 318 ιι.
760 273 875 325 suarna
890 273 1024 320 muros.
1341 261 1404 330 309

173 419 254 488 enim
276 423 364 500 dixit,
397 431 543 500 utsupra
565 421 788 500 annotavimus,
811 425 880 490 lenit
901 445 969 490 sum
991 425 1138 500 Verbum,
1166 425 1220 488 sed
1243 425 1492 490 Demoanassa

175 547 256 600 ιιιιιι,
279 543 376 608 usque
398 524 429 586 id
452 529 583 595 tantum,
610 523 664 584 sed
686 527 769 606 opud
784 547 844 616 'uos
867 535 896 590 et
918 534 950 592 iu
970 530 1066 592 medio
1089 528 1295 607 enutrisset,
1326 525 1407 608 quod

174 629 254 694 idom
276 637 323 692 ast
344 645 379 688 ae
401 625 546 688 ostendit.
590 623 669 686 Sane
690 626 721 687 id
742 626 849 690 Petrus
871 629 938 710 ipsa
959 629 1129 711 primariam
1156 628 1267 692 hanooe
1290 627 1406 692 doetri-

174 749 245 794 nam
265 725 454 809 promulgare
476 723 623 806 iusipiens
644 726 742 790 verbis
763 728 935 792 huiusmodi
957 731 1122 794 annotavit:
1148 723 1214 796 Viri
1219 729 1404 808 ,larudls'tuu

173 831 276 896 audite
297 829 392 892 uerbo
414 825 501 890 boen:
525 825 627 888 lesum
648 827 861 901 Nusoreuuor,
889 833 1005 904 simtu,
1036 850 1120 912 puers
1140 829 1224 896 Deus
1246 834 1329 914 opud
1346 849 1405 896 ,uer

176 933 308 998 ostendit
329 928 516 1001 multatibus,
539 929 691 1010 prodr'pa'a's
712 941 742 994 et
762 933 871 1010 sipoto,
893 949 969 1012 pure
989 930 1071 994 Deus
1091 931 1258 1011 perillum
1278 935 1352 1014 feeit
1373 935 1407 996 ιἰι

175 1034 273 1098 suedie
295 1033 406 1104 nestri,
435 1035 514 1094 sieut
542 1033 605 1110 ipsi
624 1034 719 1094 seita'a.
763 1030 867 1112 ltaque
894 1031 974 1112 quud
1002 1030 1033 1093 iu
1061 1031 1120 1093 line
1142 1031 1183 1094 ait
1211 1034 1300 1113 serit,
1326 1033 1406 1098 idem

142 1151 147 1156 ·
176 1133 262 1196 initio
284 1131 428 1195 vocabulo
452 1132 584 1196 attendit
605 1129 728 1194 dixerat
772 1131 906 1213 Namque
928 1151 965 1196 ss
986 1131 1080 1212 signis
1103 1139 1133 1194 at
1147 1131 1308 1208 miraculis,
1331 1151 1408 1214 quse

176 1231 269 1298 edidit
289 1233 452 1308 Dominus,
485 1241 627 1296 ostensus
655 1241 703 1296 est
730 1253 792 1296 non
818 1235 947 1318 simplex
967 1236 1077 1310 homo,
1110 1233 1165 1297 sed
1187 1232 1266 1294 Deus
1288 1251 1355 1296 esse
1376 1233 1406 1296 in

176 1353 304 1417 eorpors
326 1345 357 1398 et
376 1334 523 1398 Dominus
545 1353 581 1398 aa
602 1334 748 1398 Christus.
794 1336 897 1399 Simile
920 1355 1039 1418 quoque
1062 1343 1125 1408 est,
1157 1333 1238 1416 quod
1259 1352 1276 1398 a
1296 1332 1408 1396 Ioanne

174 1439 206 1500 in
228 1437 389 1517 Evangelio
412 1436 534 1500 dicitur:
566 1435 685 1500 idcireo
708 1455 782 1519 erpo
804 1459 871 1502 euru
893 1439 1001 1502 ludoei
1018 1441 1114 1520 mopis
1133 1437 1407 1520 persequebantur,

84 1569 87 1574 ·
174 1559 239 1604 unu
260 1549 379 1604 tuntum
400 1541 481 1621 pund
502 1537 638 1602 aoloebut
660 1539 828 1616 sublatum,
851 1539 905 1603 sed
926 1551 955 1603 et
966 1549 1087 1622 putrem
1105 1543 1272 1620 proprium
1293 1535 1410 1600 uteetot

168 1641 287 1714 Deum,
321 1641 477 1722 aequalem
505 1659 537 1702 se
564 1641 682 1720 sudeus
704 1639 778 1704 Deo.
822 1640 887 1704 Neo·
913 1640 992 1704 euim
1021 1649 1091 1722 tuuc
1111 1639 1256 1702 Dominus
1285 1637 1408 1718 seipse

171 1743 268 1808 Deum
288 1741 389 1816 fiuxit,
419 1759 486 1803 oum
508 1739 589 1804 Deus
618 1741 740 1804 omniuo
768 1742 832 1804 tisri
861 1761 922 1804 non
951 1741 1054 1823 quast,
1084 1741 1138 1804 sad
1164 1761 1199 1806 se
1220 1740 1314 1804 Deum
1336 1756 1407 1802 esse

172 1843 317 1926 operibus
339 1841 526 1917 ostendebat,
549 1843 593 1905 uti
615 1844 682 1926 ipss
703 1843 761 1906 ait:
783 1843 916 1908 Simili
934 1863 997 1908 unu
1020 1845 1152 1916 creditit,
1174 1843 1281 1908 sultam
1302 1843 1407 1922 speri-

134 1947 138 1954 '
176 1947 233 2008 bus
262 1933 396 2017 credite,
421 1955 457 2009 ut
485 1950 689 2028 eopnoseatis,
719 1950 789 2030 puiu
821 1965 873 2027 epo
895 1950 929 2009 in
949 1945 1042 2012 Putre
1065 1957 1095 2012 ιι
1115 1945 1208 2010 Pater
1228 1949 1263 2008 ιἰι
1282 1963 1329 2008 use
1350 1951 1406 2008 ιιι.

176 2047 228 2110 Sis
250 2065 320 2127 erpo
342 2047 501 2130 Dominum
524 2057 554 2110 st
575 2048 686 2127 Regem
709 2067 777 2110 eum
800 2047 868 2110 lecit
889 2048 977 2110 Pater
998 2044 1029 2108 in
1050 2045 1149 2110 medin
1171 2045 1268 2108 nostri
1283 2053 1313 2106 et
1327 2041 1408 2124 apud

175 2167 251 2226 uos,
281 2147 332 2228 qui
353 2148 437 2230 prius
458 2167 521 2212 non
542 2149 748 2212 credebamus.
793 2149 877 2212 Unde
905 2149 994 2212 etiam
1023 2147 1213 2229 perspicuum
1236 2153 1298 2218 est,
1326 2161 1407 2216 sum,

173 2251 226 2332 qui
248 2269 285 2314 eu
308 2260 443 2330 tempore
464 2249 609 2313 Dominus
631 2271 667 2314 ae
687 2251 750 2314 Rex
772 2255 840 2314 asse
863 2250 1091 2324 ostendebatur,
1120 2267 1182 2310 nou
1209 2255 1281 2310 tune
1301 2244 1407 2306 ἰιιιοι·

174 2352 260 2432 pisse
290 2351 400 2430 Regem
429 2359 460 2412 et
488 2351 645 2414 Dominum
674 2353 755 2426 lieri,
789 2353 844 2414 sed
871 2350 1009 2432 coepisse
1037 2349 1220 2412 dominatum
1249 2345 1410 2410 ostendere

176 2469 265 2514 suum
287 2459 375 2530 atque
397 2451 485 2514 etiam
507 2453 584 2532 apud
607 2473 662 2516 eos
683 2471 859 2536 propagare,
881 2452 931 2533 qui
954 2461 1039 2516 autea
1060 2469 1122 2514 uun
1144 2447 1314 2514 eredebant.

265 2757 314 2822 13.
358 2755 390 2818 Si
423 2756 513 2837 igitur
540 2758 726 2833 existimant,
754 2757 937 2821 Salratnrem
968 2756 1127 2821 Dominum
1162 2763 1191 2818 et
1213 2754 1324 2835 Regem
1345 2759 1409 2830 irop

176 2855 287 2928 luisse,
318 2866 474 2936 antequam
495 2859 580 2920 deret
601 2861 693 2922 homo
716 2868 746 2922 et
767 2861 863 2922 erucis
885 2859 1062 2940 supplitium
1095 2857 1226 2931 subiret,
1255 2855 1309 2920 sed
1338 2861 1423 2922 tune.

178 2965 293 3020 tantum
314 2956 473 3020 Dominum
496 2977 564 3020 esse
586 2959 741 3038 coepisse3
762 2961 909 3035 noverint,
935 2979 969 3023 se
990 2959 1095 3022 eadem
1116 2977 1191 3038 quas
1213 2957 1407 3020 Samosateu-
1439 3031 1441 3036 ,

177 3058 224 3120 sis
252 3065 355 3137 aparte
382 3059 529 3136 prolerre.
580 3059 635 3120 Sin
666 3067 782 3136 autem,
816 3068 850 3122 ut
877 3037 1004 3122 vidimus
1033 3077 1183 3140 supraque
1211 3057 1408 3132 ostendimus,
1418 3075 1497 3122 arse

175 3157 322 3222 Dominus
345 3167 375 3220 et
397 3159 460 3222 Rex
483 3171 530 3223 est
552 3170 706 3235 aeternus,
728 3161 838 3242 quippe
861 3179 927 3224 num
942 3161 1088 3224 Abraham
1109 3179 1177 3224 eum
1192 3167 1329 3240 tanquam
1343 3159 1408 3221 Do·

175 3261 290 3322 minum
312 3259 427 3334 adoret,
451 3268 481 3323 et
503 3262 619 3342 blopses
642 3263 736 3326 dicat:
760 3263 860 3346 lpitur
875 3263 1022 3328 Dorulaus
1040 3263 1124 3346 pluit
1141 3280 1234 3344 super
1247 3261 1411 3327 solomon
1472 3325 1476 3336 ,

173 3373 206 3426 ιι
228 3361 431 3426 Gomorrlsum
460 3363 594 3446 sulpbur
621 3375 651 3428 et
678 3370 777 3448 ipuem
799 3385 818 3428 a
840 3365 987 3440 Doms'uo,
1017 3373 1047 3428 et
1067 3363 1158 3428 David
1187 3371 1286 3427 canat:
1320 3363 1411 3428 Dt‘ua't

133 3495 140 3502 ·
173 3461 323 3528 Dominus
345 3463 475 3530 Domino
497 3484 581 3540 meo,
604 3468 672 3531 aede
694 3487 713 3530 u
737 3469 855 3532 destris
878 3473 967 3542 meis,
992 3476 1023 3530 et
1044 3467 1186 3541 Tbronua
1211 3477 1293 3544 tuus,
1315 3463 1409 3538 Deus,

210 3765 233 3812 p.
249 3765 306 3818 prou
324 3751 391 3802 abest
408 3767 422 3800 a
441 3751 540 3816 Segner.
559 3761 583 3806 at
601 3753 705 3805 Felrlm.
719 3755 743 3807 4.
818 3757 871 3808 llos
889 3757 989 3820 Sepoer.
1001 3751 1148 3824 irnnpssiret.
1166 3717 1272 3806 Felclm.
1283 3753 1306 3806 5.
1318 3762 1342 3804 et
1353 3753 1411 3818 Dap.

210 3851 233 3901 h.
253 3851 352 3903 notter.
371 3849 642 3920 etl'eloltm.i.rbpsoir.
661 3857 766 3907 falcium.
818 3816 971 3944 '‘mmm‘'
1006 3827 1068 3876 ΕΜ
1087 3815 1328 3891 θΝῙῙῙῦΜμώιΙ·
1360 3877 1371 3938 1

174 3919 193 3968 4
219 3909 319 3970 αὐτῶν,
348 3921 439 3968 turpem
459 3921 559 3982 segnes·
578 3931 601 3971 ,p
620 3923 723 3973 ΝΜ.
742 3923 765 3973 4¹
869 3929 875 3943 .
912 3909 994 3955 egusr.
1014 3895 1111 3944 Goblsr.
1132 3891 1410 3960 Felclm.l.std.61t.

819 3959 898 4010 Ceteri
917 3970 941 4011 et
958 3961 1032 4010 editio
1051 3961 1168 4011 coronel.
1186 3951 1255 4026 ἔσχε.
1292 3959 1344 4010 llos
1363 3965 1410 4010 ss·

819 4042 886 4089 puer.
905 4037 927 4078 et
947 4019 1048 4104 [lepris
1066 4023 1317 4093 restopoooslos·
1346 4027 1410 4080 Etru

818 4101 844 4144 et
864 4095 904 4144 alii
923 4108 958 4143 τα
973 4095 1094 4146 omittunt.
1322 4129 1327 4138 ·

853 4162 869 4212 l.
894 4165 994 4224 sepner.
1012 4163 1109 4214 Gobler.
1128 4163 1266 4216 etl'eiclm.
1278 4165 1299 4214 l.
1317 4154 1412 4229 κύριοι·

818 4226 950 4294 βασιλεύς.
987 4231 1060 4281 lidern
1088 4245 1142 4284 mox
1166 4233 1281 4284 omittunt
1303 4228 1353 4281 rod
1379 4225 1411 4282 dd

817 4294 943 4352 Μωσέως
958 4293 1092 4364 λέγοντος.
1150 4369 1173 4382 ..
1378 4359 1390 4382 Ι

214 4425 229 4474 i.
246 4427 346 4486 Sessar.
364 4429 475 4508 'Dubiam'
495 4438 519 4482 et
537 4431 641 4483 l'eltkm.
663 4434 684 4484 l.
702 4426 769 4499 πρὶν
819 4357 1410 4516 θῶωιὲὲοὲἶόρῖἶιοισξξῖ[Ιιιῗιάἒπίειιέιῗῖξᾶἶν

176 4485 300 4552 γίνηται.
333 4497 378 4546 Αιιι
397 4507 421 4548 et
438 4499 496 4550 edstl
512 4498 567 4566 aspri
586 4497 636 4549 τοῦ
646 4497 767 4566 γένηται.
820 4511 886 4554 suut.
921 4503 975 4554 linx
992 4508 1093 4568 sepner.
1110 4495 1150 4558 ele·
1167 4499 1255 4552 ιιιιῦνιι
1272 4493 1382 4556 ninives.

175 3979 214 4040 tir
236 3979 309 4053 ‘perir¹
346 3989 389 4036 sui
414 3995 438 4036 st
461 3988 534 4038 editio
554 3989 671 4039 Commel.
689 3983 768 4056 sipoto

177 4065 199 4103 st
218 4003 256 4108 εἰ·
273 4049 352 4122 ὑμᾶς.
392 4053 553 4134 bloanrprper.
567 4057 657 4118 inpiis.
668 4058 767 4110 Gublsr.

178 4123 284 4202 Peleius.
307 4123 371 4204 ¹0⁸¹
388 4123 413 4172 4.
438 4137 453 4170 r
474 4137 519 4202 uos
536 4118 626 4184 δῆλον.
664 4126 690 4176 lu
713 4127 768 4175 aliis

176 4199 201 4238 et
219 4193 290 4240 editu
308 4206 324 4240 o
343 4193 421 4242 deest.
459 4193 551 4242 liudem
574 4195 675 4254 Sessuer.
695 4193 766 4244 Gobl.

177 4258 287 4375 {etcum}
304 4259 368 4338 ¹‘.⁶¹
385 4259 409 4310 4.
428 4252 465 4313 nir
483 4251 498 4308 d
514 4259 571 4312 νῦν.
599 4263 644 4313 stit
657 4269 681 4314 et
694 4261 767 4314 editio

198 4341 296 4376 omme.
315 4341 352 4380 ως
367 4341 426 4376 νυν.
