3014 5050
516 259 661 306 ernanum
676 263 715 307 rr.
731 263 768 307 m
784 263 983 312 semorunsu.
1287 261 1347 324 777

127 401 155 462 in
178 403 304 484 ipsoque
326 417 381 470 εει.
426 408 499 471 Nam
522 421 586 472 erat
607 429 674 472 cum
696 423 849 476 creaturae
869 433 931 477 non
947 428 1058 480 essent.
1104 417 1191 492 Quod
1214 423 1240 484 si
1261 441 1430 486 crea-rese

124 515 189 566 tura
212 517 268 580 est,
292 525 358 569 eum
381 517 532 571 creaturae
554 511 614 573 sint
636 531 671 574 ex
692 531 753 576 non
776 515 954 590 extantibus,
980 519 1076 597 palam
1099 530 1146 582 est
1166 521 1258 584 inisse
1279 541 1346 586 cum

21 637 22 644 ι
123 623 183 666 non
206 599 286 668 esset
308 609 448 683 Trinitas,
470 611 523 672 sed
546 612 688 687 doniitau3
710 631 769 692 quo
792 615 862 696 quid
885 619 977 697 magis
995 620 1117 699 impium
1132 623 1200 700 quis
1215 623 1346 688 dixerit?

122 705 164 770 Ex
185 709 348 770 mutatione
370 718 401 772 et
427 713 562 790 proiecto
591 711 692 776 dicunt
719 725 857 777 constare
885 715 1077 793 Trinitatem,
1112 741 1146 783 ec
1174 723 1428 788 dualitatemmoc.

121 808 238 887 quidem
261 829 338 884 esse,
361 813 414 874 sed
438 819 784 892 exspectare.ereaturae
806 817 1041 896 productionem,
1064 829 1098 882 ut
1118 841 1185 884 cum
1205 825 1292 888 Patre
1314 834 1345 888 et

119 909 193 970 sntio
217 912 422 990 copulenter
443 915 493 976 nn
515 914 656 978 nunnus.
699 916 785 978 nese
806 925 839 978 ut
860 918 930 996 qun
945 920 1116 982 huiusmodi
1138 925 1183 985 vo
1203 907 1234 987 n
1255 947 1342 991 mon-

117 1019 177 1072 tem
206 1029 333 1092 unqoam
357 1015 593 1078 Christianorum
623 1015 715 1079 cadat
761 1018 1016 1090 Quemadmodum
1039 1021 1117 1081 euim
1138 1023 1246 1098 Titius,
1275 1049 1342 1092 eum

119 1131 237 1194 semper
258 1115 306 1188 sit,
329 1135 390 1181 non
414 1125 459 1178 est
481 1127 630 1188 creatura:
654 1119 698 1180 sic
719 1119 861 1198 quoniam
885 1137 1004 1200 semper
1026 1130 1073 1182 eut
1094 1119 1233 1198 Trinitas,
1256 1129 1286 1188 in
1306 1149 1341 1190 ea

14 1251 15 1258 ι
116 1214 195 1275 nuile
217 1223 265 1276 est
281 1211 430 1290 'creature
454 1227 541 1299 atque
563 1220 636 1280 adeo
659 1237 719 1280 non
743 1229 790 1282 est
811 1229 945 1283 ereatura
967 1221 1107 1301 Spiritus.
1140 1223 1234 1286 Sient
1262 1229 1341 1290 enim

13 1334 14 1356 t
115 1332 234 1394 semper
255 1316 319 1390 init,
342 1317 381 1379 ita
405 1327 433 1380 et
454 1337 534 1381 nunc
555 1332 612 1393 est,
634 1329 665 1381 et
686 1320 763 1384 sicut
784 1339 864 1383 nunc
885 1329 942 1395 est,
965 1323 1004 1384 ita
1027 1337 1147 1403 seraper
1161 1325 1218 1387 tuit
1238 1337 1341 1408 estque

115 1412 244 1479 Trinitas
273 1429 303 1479 et
331 1419 361 1480 in
384 1421 448 1499 ipsa
470 1421 573 1494 Pater,
607 1421 699 1482 Filius
728 1431 758 1483 et
790 1421 920 1502 Spiritus
947 1433 1079 1486 sanctus.
1121 1425 1160 1486 iit
1186 1445 1264 1490 unns
1292 1440 1341 1491 est

113 1515 192 1579 Deos
215 1519 312 1593 Pater,
335 1522 386 1600 qui
407 1532 452 1583 est
474 1524 685 1602 superomnia
708 1533 738 1584 et
759 1541 813 1602 per
835 1525 934 1585 omnia
956 1533 986 1586 ει
1007 1525 1037 1586 in
1054 1526 1203 1601 omuibus,
1225 1530 1275 1608 qui
1292 1541 1340 1592 εει

112 1617 285 1681 benedictos
307 1620 337 1682 in
360 1623 485 1685 saeculo.
528 1626 632 1686 Amen.
677 1625 739 1704 nge
762 1623 891 1704 quidem,
914 1634 948 1687 ot
962 1626 1144 1704 significasti,
1166 1629 1239 1691 baeu
1259 1649 1337 1711 pan·

111 1717 153 1780 cis
177 1721 343 1803 conscripta
366 1725 401 1786 ad
425 1733 453 1787 to
476 1720 553 1787 misi.
599 1727 643 1788 Tu
667 1743 739 1788 reru
761 1727 894 1806 pmdens
917 1727 1066 1801 mmsis,
1093 1728 1120 1789 si
1143 1729 1214 1808 quid
1235 1731 1266 1792 iu
1287 1731 1335 1792 bis

109 1819 220 1894 deerit,
249 1823 280 1885 id
308 1843 420 1904 quaeso
443 1828 579 1907 suppieas
603 1836 633 1889 et
654 1827 826 1889 domesticis
849 1827 916 1889 iidei
938 1828 1036 1907 legas,
1065 1847 1118 1890 eos
1140 1838 1254 1904 autem,
1284 1833 1334 1912 qni

108 1939 162 2001 per
183 1925 403 1988 contentionem
425 1927 640 2008 blasphemant,
665 1929 848 2008 redarguite.
893 1929 1035 1991 Fortasse
1056 1929 1101 1990 vei
1124 1949 1193 1992 sero
1215 1933 1332 1996 tandem

106 2025 320 2102 resipiscentes
349 2038 417 2090 ante
438 2029 566 2091 'insitum
594 2047 728 2091 errorem
756 2031 927 2108 abstergent
954 2031 990 2092 ab
1018 2031 1114 2091 anima
1143 2049 1207 2094 sua.
1250 2034 1333 2096 Ere

107 2123 186 2184 enim
209 2127 296 2188 inerit
319 2145 438 2200 eurum,
472 2137 505 2190 ot
526 2129 668 2208 scriptum
691 2139 753 2202 est,
776 2129 894 2191 resitire
915 2148 971 2190 neo
992 2132 1272 2208 comperendinare,
1295 2153 1332 2196 ne

106 2225 133 2286 si
155 2237 357 2305 permaneant,
380 2230 498 2290 audiant
520 2230 598 2310 qnod
621 2230 731 2290 dictum
754 2239 800 2290 est
817 2247 834 2289 a
850 2227 992 2290 Domino:
1018 2229 1203 2310 Quicumque
1218 2233 1332 2295 dicerit

103 2327 229 2389 uerbum
251 2339 360 2390 contro
382 2329 530 2408 Spiritum
554 2342 700 2402 sonetum,
724 2347 786 2390 non
808 2331 980 2390 remittetur
995 2332 1024 2390 ei
1036 2345 1130 2410 neque
1144 2331 1176 2390 iu
1191 2330 1247 2393 boc
1260 2350 1329 2394 aoe-

1 2485 2 2492 ,
105 2427 174 2488 ertio
198 2447 290 2508 neque
312 2431 344 2490 in
365 2430 486 2508 futuro.
1183 2447 1188 2460 '

411 2783 559 2842 mosomi
582 2784 624 2841 tn
646 2781 784 2841 EUNDEM
807 2781 1021 2840 summouent
1052 2871 1058 2884 ·

535 2923 536 2928 =
619 2897 805 2950 aristone

547 3001 604 3050 item
622 2999 652 3049 de
673 3007 757 3050 nuncto
776 2999 875 3064 Spiritu.

185 3135 212 3196 1.
256 3129 327 3213 Lepi
350 3131 512 3214 Epistulam
534 3151 551 3193 a
573 3141 623 3194 tua
644 3131 754 3212 pietate
775 3130 865 3193 modu
887 3132 1044 3211 scriptam,
1074 3131 1322 3213 vehementerque

93 3231 257 3295 admiratus
280 3233 496 3296 baereticorum
518 3233 730 3313 impudentiam
752 3232 943 3295 animadverti
965 3231 1037 3294 nibii
1052 3249 1146 3311 noque
1164 3233 1223 3294 iilis
1245 3251 1319 3296 con-

91 3334 195 3396 venire
217 3353 251 3397 ac
271 3335 406 3415 Apostoli
427 3343 632 3416 praeceptum:
654 3330 847 3398 Haereticam
869 3334 1015 3396 bominem
1033 3343 1106 3414 post
1119 3351 1211 3397 unum
1227 3335 1258 3398 ει
1270 3353 1318 3400 εε-

90 3437 221 3500 eundom
244 3441 465 3518 eorreptionem
486 3439 604 3530 deuitp,
627 3441 724 3500 retem
746 3435 1003 3518 putaminarum
1025 3448 1079 3506 est,
1102 3439 1156 3517 pru·
1174 3437 1321 3498 meunt

88 3550 150 3608 εει,
180 3549 209 3599 ει
238 3539 398 3620 delinquit,
433 3557 498 3600 cum
527 3542 568 3600 ιιι
590 3542 722 3620 proprio
744 3539 853 3599 mntem
876 3537 1099 3600 condemnentur.
1142 3533 1315 3599 Pervorsam

86 3641 171 3702 enim
193 3647 323 3701 mentem
345 3655 411 3700 cum
433 3638 555 3710 babeat,
583 3655 644 3699 non
666 3637 734 3700 ideo
757 3637 938 3713 sciscitatur,
966 3645 1000 3700 ut
1020 3655 1086 3699 cnm
1108 3637 1236 3700 audierit
1257 3637 1314 3700 ub·

85 3749 250 3820 temperet,
279 3757 377 3820 neque
397 3749 430 3801 ut
451 3759 517 3802 cnm
541 3737 677 3802 didicerit
697 3723 871 3819 resipiscat,
900 3739 954 3801 sed
976 3755 1079 3800 eorum
1101 3755 1206 3810 cansa,
1239 3757 1314 3816 quus

81 3845 154 3924 ipse
177 3840 301 3920 decepit,
325 3857 362 3901 ne
385 3839 517 3914 scilicet,
540 3841 567 3902 ei
590 3849 693 3917 taceat,
716 3841 753 3902 ab
775 3839 851 3919 ipsis
874 3857 992 3920 qnoque
1014 3838 1179 3901 damnetur.
1222 3837 1315 3902 Erant

80 3963 160 4008 sene
181 3959 256 4021 qnae
278 3941 360 4024 prius
383 3941 458 4004 dicta
481 3949 550 4003 sunt
572 3943 662 4016 satis,
691 3933 877 4003 sufficiebant
898 3941 952 4002 ilia
981 3949 1025 4002 tot
1052 3947 1189 4020 motaque
1222 3957 1312 4019 argu-

78 4051 184 4108 menta
207 4042 263 4105 sibi
286 4044 431 4124 opposita,
455 4050 488 4103 ot
509 4042 598 4104 tinem
620 4043 749 4105 iacerent
774 4041 999 4122 blasphemandi
1021 4039 1052 4102 in
1074 4039 1217 4121 Spiritum
1240 4059 1311 4102 sen·

115 4281 136 4316 c.
158 4264 256 4315 uenter.
275 4263 460 4314 cruentet.
477 4253 598 4330 γράψας.
755 4261 771 4310 ι.
791 4260 817 4310 In
833 4263 903 4311 tituto
920 4261 977 4324 fleg.
997 4265 1021 4310 ει
1038 4262 1109 4324 δεμ.
1129 4225 1309 4324 depactione.

114 4334 139 4384 d.
159 4331 199 4380 Sic
218 4331 272 4390 nst.
290 4331 389 4394 Segoer.
407 4331 478 4380 nont.
493 4339 515 4380 ει
529 4330 631 4381 Teictrn.
648 4329 668 4378 1.
723 4327 813 4378 ibidem
833 4321 936 4393 ὁμοίως
952 4329 1022 4379 abest
1039 4343 1052 4378 a
1069 4327 1143 4378 anii.
1283 4380 1291 4400 Ι

76 4400 144 4450 Editi
164 4413 218 4446 nero
237 4389 336 4447 crinein.
755 4411 778 4456 p.
795 4397 836 4448 Sic
854 4399 910 4459 iirg-
929 4405 952 4447 ει
965 4396 1046 4457 basii,
1064 4395 1106 4447 sed
1125 4394 1149 4444 in
1168 4390 1237 4440 aditis
1253 4402 1308 4455 resp

115 4477 138 4514 ε.
158 4457 246 4528 τούτῳ
265 4468 333 4516 duest
351 4467 374 4516 in
393 4465 464 4515 basii.
720 4465 795 4515 deest.
