2872 5046
402 223 548 268 uersuum
562 227 599 268 ro
614 224 793 268 anenrurun.
1131 207 1192 273 849

13 400 45 442 m
81 383 149 440 esse'
181 374 312 438 credant
356 372 431 436 Nem
458 375 485 436 si
507 374 684 448 crederent,
706 393 741 438 ea
762 390 843 438 vaue'
856 374 948 438 locuti
970 391 1031 436 nun
1054 373 1278 448 fuissentnus.

1 502 38 544 ae
66 488 117 542 tua
136 477 234 558 pietas
256 477 399 538 adversus
421 476 507 557 ipsus
530 476 661 556 scripsit.
1158 497 1160 500 ·

51 583 84 647 2.-
128 579 174 641 Tu
195 578 294 658 igitur,
317 577 423 640 dilecte
445 585 475 639 et
497 596 565 640 vere
585 578 782 658 optatissime,
804 597 869 641 rem
891 575 1110 640 ecclesiasticae
1133 583 1195 638 tra-

8 683 76 746 ioni
104 689 134 744 et
156 680 267 742 Christi
294 679 441 760 religioni·
459 679 543 742 valde
571 688 799 742 consentaneum
820 679 1064 761 peregisti,.cum
1085 678 1194 742 buius·

2 787 48 847 di
81 782 220 846 homines
247 781 405 855 refutasti,
439 780 585 855 invitasti,
615 778 791 862 obiurgusti
835 781 960 855 Quando
981 800 1051 844 rero
1074 781 1193 846 diabolo
1295 827 1298 834 ,

0 903 104 948 orum
126 891 209 964 patre
231 882 401 963 impellente
422 887 598 946 nescierunt
618 902 720 965 neque
734 882 963 958 intellenerunt,
985 883 1029 944 uti
1050 884 1194 964 scriptum

13 1035 21 1062 ,
45 986 100 1050 sed
123 991 155 1050 in
177 986 309 1050 tenebris
331 985 497 1058 ambulant,
520 985 635 1048 discant
655 1004 673 1046 a
696 995 744 1048 tna
766 985 875 1066 pietate
895 1003 1015 1065 pravam
1038 1003 1102 1048 eam
1123 985 1194 1066 illog
1217 993 1221 1002 “

8 1116 23 1145 n
61 1086 239 1151 sententiam
263 1086 421 1161 Valentini,
448 1086 606 1148 llarciunis
635 1094 667 1148 et
687 1085 848 1148 Manichaei
881 1103 966 1160 esse,
995 1105 1121 1166 quorum
1142 1087 1193 1150 alii

1 1211 22 1252 u
52 1189 176 1252 veritate
204 1207 316 1250 meram
345 1188 475 1269 speciem
504 1188 665 1262 induxere,
694 1187 743 1250 alii
764 1187 914 1251 individua
937 1186 1100 1250 dividentes
1122 1189 1194 1250 illud

1 1293 139 1373 ripturae
167 1309 329 1370 negavere:
362 1289 490 1352 Verbum
516 1308 588 1353 curo
615 1291 733 1370 suctum
755 1298 801 1354 eat
822 1299 851 1352 et
865 1289 1021 1354 lolituoit
1042 1292 1075 1351 in
1096 1289 1193 1352 nobis.

14 1413 66 1456 are
89 1394 181 1473 igitur
202 1411 269 1456 oum
291 1391 395 1453 eadem
417 1409 492 1469 quae
515 1391 558 1452 illi
580 1390 723 1466 sentiant,
757 1391 922 1454 eorundem
943 1389 1098 1453 nominum
1121 1390 1195 1452 bae-

4 1515 51 1558 es
75 1513 138 1558 nnn
160 1491 259 1556 liunt?
304 1492 457 1572 Siquidem
479 1509 605 1571 numum
627 1501 674 1554 est
693 1492 763 1555 illos
784 1492 919 1572 ipsorum
940 1492 1041 1555 vocari
1062 1491 1196 1567 nomine,

6 1615 94 1659 orum
116 1613 287 1676 perversam
310 1601 479 1675 sequuntur
501 1593 689 1669 sententiam,
711 1602 745 1656 ut
765 1595 824 1656 iam
835 1595 976 1674 deinceps
988 1593 1194 1668 Valentiniani,

0 1699 173 1762 rciouistae
202 1705 232 1760 et
252 1696 415 1759 Manichaei
442 1695 620 1758 renitentem.
664 1695 754 1757 Forte
782 1694 862 1758 enim
893 1695 932 1764 ob
954 1695 1072 1758 illorum
1094 1696 1194 1759 numi·

6 1819 36 1862 m
65 1798 217 1862 infamiam
240 1797 454 1861 erubescentes
476 1795 710 1859 animadvertere
731 1805 889 1876 poterunt,
918 1795 949 1859 in
972 1805 1113 1876 quantum
1135 1797 1194 1860 im-

2 1902 84 1964 tatis
117 1901 298 1982 protundum
333 1897 504 1962 ceciderint.
549 1898 612 1978 'Par
647 1917 718 1962 sane
747 1897 853 1960 luisset
879 1897 954 1961 nibil
981 1899 1106 1980 amplius
1135 1899 1194 1962 illis

0 2003 161 2082 pondere,
183 2002 227 2064 uti
241 2001 403 2082 Apostolus
426 1999 474 2062 bis
497 1999 598 2062 verbis
613 2006 734 2062 monet:
757 1999 950 2064 decreticum
966 2000 1111 2064 loannem
1122 2011 1195 2082 post

9 2123 59 2166 nm
86 2117 117 2170 et
145 2105 306 2168 aemndom
335 2103 564 2181 correptionem·
581 2103 697 2174 deuito,
727 2105 826 2164 aciens
858 2105 929 2182 quic
951 2101 1117 2164 subversus
1140 2111 1193 2173 ert,

8 2205 188 2269 tee'uamodr'
207 2215 260 2275 ert,
284 2213 312 2265 et
335 2202 490 2284 delinquit,
515 2220 581 2264 eum
605 2207 645 2264 rit
667 2221 700 2265 eo
722 2204 788 2282 ipro
812 2203 1044 2272 condemnatur,
1067 2202 1194 2293 maxime

1 2305 147 2370 metium
167 2303 378 2384 Propbetuvde
400 2302 507 2365 iisdem
530 2302 622 2365 dicat:
646 2301 768 2368 Stultus
792 2303 889 2367 stultu
913 2300 1064 2384 loquetur,
1089 2310 1118 2363 et
1140 2319 1195 2364 cor

16 2427 30 2470 s
53 2425 135 2468 enno
157 2405 307 2486 cogitabit.
350 2404 460 2466 Verum
481 2422 571 2484 quum
592 2403 634 2465 illi
657 2403 741 2467 ducis
765 2405 812 2467 sui
835 2403 970 2484 exemplu
992 2402 1072 2466 velut
1091 2401 1195 2466 leones

12 2513 150 2570 cumeant
171 2512 346 2587 quaerentes
369 2524 457 2586 quem
480 2525 497 2568 e
519 2505 752 2586 simplicioribus
776 2506 928 2580 devorent,
950 2505 1061 2568 idcirco
1084 2522 1192 2566 ueces-

1 2609 80 2670 rium
108 2607 197 2670 uobis
225 2607 295 2683 luit,
330 2616 397 2671 tuae
418 2608 523 2688 pietati
544 2607 727 2683 rescribere,
757 2617 790 2670 ut
812 2609 920 2670 iratres
943 2616 993 2671 tua
1016 2606 1123 2668 itemru
1145 2605 1194 2667 in-

12 2709 71 2772 ucti
93 2709 297 2774 admonitione
319 2729 425 2773 eornm
447 2709 615 2773 sutditatem
632 2710 731 2790 magis
752 2710 905 2792 magisque
921 2706 1151 2790 deprehendant.

57 3117 86 3180 3.
130 3113 232 3196 ltaque
253 3131 317 3178 rem
339 3121 467 3177 creatam
490 3133 551 3178 non
574 3101 749 3194 adoramus,
772 3115 860 3178 absit.
904 3113 1098 3176 litbnicurum
1115 3113 1193 3176 enim

21 3215 200 3278 Ariauorum
227 3224 274 3278 est
301 3212 475 3280 huiusmodi
503 3235 597 3279 error.
642 3218 703 3280 Sed
723 3235 825 3280 rerum
849 3222 1014 3278 creatarum
1036 3214 1200 3291 Dominum,

17 3336 85 3379 nem
107 3319 226 3393 lactum,
247 3316 301 3380 Dei
316 3317 445 3380 Verbum
468 3317 637 3381 adoramus.
681 3319 719 3381 m
740 3320 768 3382 si
790 3317 869 3380 eninr
890 3318 956 3398 ipsu
971 3334 1040 3378 caro
1055 3335 1194 3380 seorsum
1254 3363 1256 3371 ,

6 3428 101 3510 ¹eetata
121 3439 193 3502 pars
215 3420 255 3483 sit
276 3438 377 3482 rerum
401 3428 575 3494 creatarum,
600 3429 728 3484 attamen
750 3419 805 3482 Dei
827 3421 902 3496 iacta
924 3425 971 3480 est
985 3437 1104 3498 corpus.
1131 3419 1192 3481 Ne-

8 3541 24 3583 e
46 3540 118 3583 vero
140 3521 313 3584 huiusmodi
338 3541 446 3604 corpus
467 3541 485 3584 a
505 3522 603 3585 Verbo
626 3521 791 3586 dividentes
814 3522 1103 3600 adoramus„ncqne
1125 3539 1192 3583 curu

0 3621 95 3684 rbum
117 3621 253 3685 volumus
276 3623 412 3698 adomre,
435 3625 532 3704 ipsum
555 3643 572 3687 a
594 3643 683 3687 carne
695 3643 897 3699 removemus,
922 3624 985 3698 sed,
1007 3631 1040 3684 ut
1055 3619 1193 3702 superius

0 3723 106 3795 imus,
129 3707 218 3784 baec:
244 3723 370 3786 Verbum
394 3743 466 3788 curo
488 3727 606 3806 suctum
627 3719 681 3798 eit,
703 3745 765 3788 nou
787 3725 958 3806 ignorantes
973 3724 1051 3786 idem
1063 3721 1192 3783 Verbum

19 3840 107 3886 carue
130 3823 261 3886 existens
282 3824 377 3886 Deum
399 3827 599 3906 agnoscimus.
645 3826 721 3899 Quis
749 3843 820 3905 ergo
843 3825 917 3888 adeo
941 3825 1063 3887 demens
1084 3823 1139 3899 sit,
1161 3829 1278 3889 utrnra.

17 4011 23 4023 .
42 3975 140 4038 Seguer.
159 3977 225 4026 addit
243 3969 294 4035 τὴν
310 3971 452 4040 λέγουσαν.
640 3978 665 4026 Ιι.
684 3977 724 4027 Sic
741 3977 841 4040 Seguer.
859 3965 931 4028 uelit.
951 3987 974 4028 et
991 3977 1082 4041 tngttc.
1117 3975 1196 4026 Editio

6 4063 21 4090 ¹.
39 4043 138 4105 Soguer.
157 4039 203 4092 arni
223 4034 267 4092 ὅτι
283 4039 331 4092 καί
348 4052 394 4094 etc.
606 4059 662 4096 reru
681 4046 798 4096 Commel.
818 4046 887 4098 Gobl.
907 4054 931 4094 et
945 4035 1110 4104 fulcimini
1128 4037 1192 4109 γάρ,

10 4145 16 4156 .
35 4111 75 4159 Sic
92 4112 191 4174 Seguer.
211 4113 284 4163 dasii.
303 4120 327 4162 et
343 4111 434 4175 lngttn
469 4111 514 4163 atti
533 4119 558 4164 et
640 4113 655 4162 i.
676 4113 716 4163 Sic
734 4113 834 4175 Seguen
869 4112 915 4162 Alii
939 4121 963 4163 et
981 4115 1037 4163 editi
1056 4107 1110 4160 ded.

8 4185 22 4223 t.
42 4178 159 4230 Commei.
179 4175 209 4244 df
229 4182 349 4231 omittunt.
488 4216 489 4223 κ
641 4181 662 4229 l.
683 4181 723 4230 Sic
740 4182 838 4244 Suguer.
857 4180 930 4230 ilarii.
943 4179 1032 4242 inglic.
1052 4177 1190 4230 Goblerirn.

0 4264 21 4297 ηι
40 4245 137 4307 Seguer.
156 4245 299 4302 συνέσεως.
337 4249 369 4298 Ex
394 4247 479 4298 eodem
498 4248 558 4298 ibid.
606 4248 686 4298 Ceteri
705 4251 802 4298 etedit.
821 4250 914 4299 comm.
934 4241 1080 4311 vitupera.
1119 4243 1192 4292 Paulo

10 4326 45 4359 em
65 4313 123 4373 σῆς,
142 4313 203 4381 quae
225 4319 248 4366 io
267 4316 323 4368 eliis
341 4326 365 4367 et
383 4315 453 4366 editis
477 4315 555 4377 duest,
606 4325 663 4380 post
680 4331 760 4367 rocem
780 4307 916 4384 ἀφρόνων
933 4310 1193 4388 segnensis-transq

0 4380 122 4431 irruimus.
158 4375 555 4449 llorSeguer.etliasil.iube·
607 4384 709 4442 babent,
734 4385 774 4434 atii
799 4384 1034 4436 etedltiomittonr.
1069 4377 1128 4426 lbid.
1147 4371 1193 4424 δια

0 4451 24 4490 '⁸²
43 4459 85 4506 l)ro
104 4441 155 4498 1²⁸1·
469 4453 472 4460 ⁴
606 4444 639 4500 ab
660 4449 741 4520 σῶμα
758 4455 858 4516 Seguer.
877 4450 973 4504 Gobler.
992 4445 1096 4496 Felclm.
1111 4445 1131 4496 l.
1149 4445 1193 4496 ad·

6 4525 131 4577 trurnruu
143 4545 193 4582 arr.
208 4551 280 4586 nonu.
291 4551 341 4584 su.
957 4529 990 4580 Μ
