3212 5060
497 263 604 310 omaro
619 263 664 308 m.
679 263 795 310 onnraa
809 265 943 320 ιιιιιιιιι.
1261 255 1323 321 529

102 431 142 486 nt
161 423 201 486 ait
220 421 343 484 Petrus:
382 419 502 482 Christo
530 407 626 496 a'pr'tarr
647 435 708 498 pro
736 418 824 480 cobis
848 435 943 499 passo
964 423 997 481 ιιι
1020 437 1125 491 come,
1156 430 1189 483 ut
1211 424 1407 490 scilicetncsr.

100 523 225 605 plattam
246 523 330 586 floret
358 535 520 598 omnesque
548 515 750 594 crederemus,
784 537 851 580 eum
877 519 993 601 ipsum,
1026 519 1076 602 qni
1104 539 1223 604 semper
1242 525 1321 588 Deus

101 625 176 699 suit,
198 634 228 686 et
250 643 320 696 ens,
342 621 379 682 ad
402 638 477 699 quos
500 619 640 690 accersit,
670 629 789 682 sanctos
812 621 924 693 edocit,
946 623 1103 703 omniaque
1125 623 1203 686 iuxta
1225 625 1320 689 Patris
1394 645 1398 660 ¹

100 727 284 790 voluntatem
315 719 515 792 administrat,
548 729 672 800 propter
698 739 755 782 nos
781 719 931 782 hominem
958 733 1060 800 postea
1089 727 1196 788 samum
1219 728 1321 800 inisse,

102 835 204 909 atque,
226 835 260 888 ut
273 823 405 904 loquitur
417 822 591 903 Apostolus,
610 820 790 882 divinitatem
806 821 999 900 corporaliter
1014 826 1045 885 in
1061 845 1147 890 carne
1161 827 1322 903 habitasse,

102 929 185 1011 quod
208 929 286 990 idem
309 935 356 988 cst
375 943 409 988 ac
430 923 456 986 si
479 923 608 986 diceret:
641 941 708 985 orm
728 921 808 986 Deus
831 911 928 996 es'set,
956 925 1109 1003 proprium
1131 927 1232 990 habuit
1253 949 1322 992 cor-

104 1050 180 1111 pus,
209 1049 268 1109 quo
296 1037 330 1091 nt
355 1027 552 1089 instrumento
580 1032 668 1087 utens
694 1024 786 1086 homo
815 1033 938 1106 propter
958 1041 1015 1086 nos
1037 1027 1128 1088 tamus
1151 1039 1205 1092 est.
1247 1031 1323 1094 iiiuc

106 1151 181 1211 qnae
203 1129 299 1194 carnis
322 1138 394 1192 sunt
413 1127 543 1208 propria,
566 1125 607 1188 issi
630 1126 838 1200 attribuuntur,
860 1127 927 1206 quia
949 1143 1056 1208 nempe
1071 1127 1100 1188 in
1116 1147 1149 1189 ea
1165 1131 1324 1206 existebam

107 1235 236 1311 sicergo
251 1231 359 1294 dicitur
375 1228 499 1302 esurire,
523 1228 617 1302 sitire,
639 1227 709 1308 pati,
732 1227 866 1290 laborare
882 1237 911 1290 et
925 1228 1043 1302 similia,
1066 1247 1140 1308 qnae
1155 1231 1191 1291 ad
1207 1249 1324 1293 carnem
1429 1219 1432 1226 ’

105 1336 266 1415 pertinent.
309 1334 347 1394 ht
367 1349 441 1412 quae
463 1329 582 1410 propria
604 1328 691 1392 Verbi
714 1339 797 1392 eraut
819 1347 928 1410 opera,
960 1337 992 1392 nt
1019 1339 1154 1394 mortuos
1177 1331 1324 1394 advitam

89 1415 254 1506 ‘revocare
278 1434 373 1496 menis
394 1433 489 1494 risnm
504 1432 672 1506 restituere,
695 1432 943 1496 haemorroissam
960 1451 1075 1506 sanare,
1097 1451 1152 1514 per
1172 1434 1324 1514 proprium

107 1535 278 1616 praestabat
298 1553 415 1614 corpus.
459 1531 588 1596 Proinde
609 1533 736 1596 Verbum
766 1533 903 1614 proprias
926 1535 1022 1597 carnis
1044 1533 1228 1597 infirmitates
1249 1551 1323 1614 por-

107 1637 196 1710 tabat,
219 1637 285 1716 quia
308 1655 376 1698 caro
398 1654 452 1698 aua
475 1643 547 1708 erat,
571 1643 601 1696 et
615 1633 745 1696 vicissim
761 1653 831 1698 caro
846 1634 1003 1697 divinitatis
1018 1635 1158 1716 operibus
1181 1635 1323 1698 iaciendis

105 1735 299 1808 inserviebat,
331 1737 399 1816 quia
427 1737 458 1798 in
486 1729 539 1798 itta‘
561 1744 640 1808 erat,
672 1736 780 1816 qnippe
808 1755 883 1816 quae
909 1735 962 1799 Dei
986 1753 1094 1816 corpus
1117 1746 1205 1798 esset.
1248 1738 1323 1818 Apte

104 1845 202 1900 autem
216 1838 362 1918 Propheta
385 1855 458 1899 voce
476 1843 615 1918 portauit
637 1855 710 1898 usus
732 1847 787 1909 ost,
810 1856 866 1898 nec
885 1835 972 1899 dixit:
993 1835 1181 1900 infirmitates
1204 1848 1326 1901 nostras

103 1939 233 2012 sanant,
267 1957 305 2000 ne
333 1949 414 2000 extra
442 1955 551 2018 corpus
574 1955 643 2000 esse
664 1937 793 2017 illudque
815 1939 954 2000 duntaxat
985 1955 1105 2011 sanare,
1138 1937 1180 2001 uti
1204 1924 1323 2020 semper

104 2041 190 2112 iecit,
222 2039 385 2129 rideretur,
418 2047 504 2118 atque
537 2039 643 2102 iterum
675 2039 811 2100 homines
838 2038 928 2100 morti
957 2039 1103 2103 obnoxios
1131 2041 1320 2120 relinqueret.

103 2141 211 2204 Verum
234 2151 353 2204 nostras
375 2141 561 2203 infirmitates
584 2149 742 2218 nostraque
764 2147 883 2218 peccata
903 2139 970 2218 ipro
991 2148 1107 2218 portat,
1129 2149 1161 2202 ut
1183 2141 1320 2204 omnibus

103 2242 225 2305 evidens
247 2244 287 2306 sit
308 2251 338 2304 et
359 2243 510 2302 hominem
533 2249 655 2318 propter
670 2257 726 2302 nos
743 2257 811 2300 eum
825 2255 893 2299 csse
916 2241 1033 2330 iaptum,
1056 2249 1086 2300 et
1100 2257 1220 2320 corpus,
1242 2243 1321 2320 qnod

102 2345 206 2413 initio
230 2353 332 2405 nostra
354 2351 472 2422 pearata
494 2340 640 2420 portabat,
662 2340 815 2419 proprium
837 2339 934 2418 ipsius
952 2357 1030 2400 esee.
1074 2340 1152 2402 Nihil
1174 2350 1270 2408 autem
1293 2342 1321 2403 ei

103 2445 208 2506 nocuit
228 2451 347 2522 peccata
369 2449 471 2503 nostra
493 2459 549 2502 suo
572 2457 696 2520 corpore
718 2441 748 2501 in
770 2440 880 2520 lignum
902 2438 1018 2514 tulisse,
1041 2449 1073 2504 ut
1093 2443 1134 2504 ait
1147 2442 1270 2519 Petrus3
1292 2453 1321 2506 at

103 2563 162 2606 nos
190 2543 327 2606 homines
358 2543 488 2624 propriis
521 2543 724 2605 affectionibus
757 2541 871 2604 liberati
904 2559 1007 2604 sumus
1037 2553 1067 2606 et
1094 2543 1181 2606 Verbi
1210 2545 1320 2609 iustitia

105 2645 219 2725 repleti.

191 2851 241 2912 32.
285 2848 448 2911 iiiuconm
470 2867 539 2910 caro
561 2855 721 2928 pateretur,
745 2857 825 2908 extra
848 2865 911 2908 eam
934 2863 994 2909 nou
1010 2857 1072 2909 erat
1085 2845 1223 2924 Verbum,
1246 2871 1319 2930 qnae

107 2967 193 3010 causa
222 2956 269 3009 est
296 2967 348 3008 cur
376 2950 440 3008 eius
463 2968 530 3010 esse
551 2949 652 3026 passio
674 2949 796 3010 dicatur.
840 2947 911 3010 Cum
934 2948 1003 3010 item
1025 2949 1090 3028 ipse
1112 2950 1205 3012 Patris
1229 2969 1318 3031 opera

109 3049 205 3130 divine
228 3049 372 3120 efficeret,
396 3061 476 3108 extra
499 3050 595 3128 ipsum
617 3067 678 3110 non
700 3057 762 3110 erat
784 3068 862 3122 caro,
885 3049 938 3110 scd
960 3049 990 3110 in
1012 3049 1079 3130 ipso
1102 3069 1226 3130 corpore
1247 3054 1320 3115 baon

85 3149 253 3214 'efficiebat
273 3149 425 3210 Dominus.
470 3150 582 3212 idcirco
610 3152 687 3214 enim
714 3153 806 3213 iactus
828 3151 918 3212 bomo
940 3149 1049 3212 aiebat:
1084 3151 1121 3213 Si
1140 3152 1243 3216 Patris
1264 3160 1323 3217 mei

110 3269 203 3332 opero
226 3269 287 3313 nore
309 3253 406 3329 socio,
429 3251 502 3314 mibi
523 3253 643 3316 credere
662 3253 773 3316 nolite:
802 3256 851 3315 sia
873 3265 971 3316 nutem
990 3253 1088 3331 socio,
1111 3258 1141 3315 si
1159 3255 1233 3316 mihi
1253 3276 1320 3317 ore-

108 3355 177 3415 dere
203 3352 323 3426 nolitis,
355 3345 500 3434 'operibus
528 3353 633 3417 saltem
662 3356 786 3426 credite,
816 3363 849 3416 ut
872 3354 1200 3456 capnosrutt'soi’otrem
1221 3360 1319 3422 inme

107 3531 199 3594 incias,
226 3540 265 3590 uhi
292 3539 379 3588 desinit
407 3539 482 3588 iocos.
525 3541 568 3589 ¹iiii
587 3550 610 3590 et
628 3541 686 3591 editi
769 3541 785 3590 i.
804 3539 906 3591 feteam.
926 3539 949 3591 2.
967 3549 990 3591 ιι
1007 3541 1079 3592 editio
1098 3535 1319 3598 commeruerat.

107 3605 185 3656 nerei.
220 3607 293 3655 Panto
312 3617 367 3668 post
385 3607 473 3668 tngiic.
490 3599 503 3656 i
522 3604 642 3664 einander.
735 3607 780 3658 aiii
798 3623 856 3658 ιιι.
875 3599 965 3662 adroic.

141 3689 161 3724 e.
180 3675 277 3725 Gohier.
295 3681 318 3723 et
335 3673 437 3723 Feicirn.
451 3674 472 3723 1.
491 3691 505 3733 η
524 3669 605 3742 σάρξ·
622 3670 638 3737 ἢ
657 3671 687 3726 dt
770 3677 791 3724 h.
817 3676 880 3727 haee
903 3677 972 3726 rerba
996 3673 1044 3736 τῆς
1066 3669 1096 3726 δὲ
1113 3671 1261 3744 τοῦλόγου
1278 3675 1318 3730 de·

108 3735 178 3806 σάρξ
193 3751 238 3792 ιιι.
735 3735 879 3804 tarandrus
900 3736 1199 3810 dudppodpreduahsunt
1216 3763 1228 3796 a
1248 3750 1318 3800 Gohi.

141 3811 157 3859 i.
182 3811 237 3872 neg.
263 3809 286 3858 i.
305 3817 328 3858 et
346 3808 444 3870 Seguer.
463 3801 574 3874 ἐγίνετο.
611 3813 685 3862 iidem
736 3824 759 3860 et
778 3813 882 3863 Feioim.
903 3813 925 3862 l.
942 3827 986 3862 neo
1009 3813 1078 3863 uertit
1095 3813 1201 3864 Nunnius
1220 3817 1241 3864 in
1261 3817 1317 3868 edit

107 3893 160 3927 mor
179 3887 201 3926 et
219 3877 306 3939 Repb.
326 3878 415 3937 hughe.
433 3877 528 3927 Gabina.
549 3879 650 3929 Feicitn.
664 3881 685 3930 1.
737 3880 853 3932 Commod.
896 3881 925 3930 dt
941 3880 1057 3930 habeatnr
1075 3881 1097 3928 in
1117 3890 1218 3944 atroque
1236 3885 1316 3946 Regio,

107 3955 131 3994 et
153 3945 176 3994 h.
200 3937 338 4008 ἒβᾰσιιιξε.
357 4003 364 4020 Ι
382 3945 504 4008 Scriptura
530 3939 686 4008 ἐβάστασεν.
736 3947 834 4008 Sepuer.
852 3948 923 3997 Basti.
941 3947 1029 4010 duplic.
1048 3947 1152 3999 deicito.
1170 3949 1198 4000 a
1211 3950 1234 4000 b.
1253 3962 1276 4001 et
1292 3953 1317 4002 io

107 4013 184 4064 Ceteri
202 4025 226 4062 et
243 4014 299 4064 editi
317 4005 453 4075 ἐβασιαζε.
737 4015 815 4064 editis.

140 4095 161 4142 g.
180 4081 235 4142 hap.
255 4083 277 4131 b.
295 4082 394 4143 Sepuer.
414 4089 437 4130 et
459 4079 579 4142 inplicam
597 4081 687 4132 addunt
771 4083 786 4131 Ι.
810 4083 850 4132 Sic
875 4082 931 4144 hep.
959 4081 980 4132 i.
1004 4091 1028 4132 et
1045 4083 1143 4146 Septen.
1179 4085 1274 4136 Gobior.
1294 4095 1319 4139 et

106 4140 182 4203 «aad,
202 4152 266 4214 qood
285 4151 307 4198 in
326 4151 379 4198 airis
398 4156 420 4197 et
433 4148 588 4198 editisdeest.
612 4149 686 4199 Panto
738 4149 840 4199 Feieim.
861 4151 883 4200 i.
908 4151 994 4200 bahent
1017 4151 1072 4200 bern
1091 4141 1136 4202 ira
1157 4147 1313 4217 γινώσκητε.

107 4223 161 4280 post
184 4217 255 4267 horit.
281 4209 362 4264 πάλιν
383 4213 422 4282 τῷ
447 4207 567 4281 θανάτῳ,
602 4217 647 4266 diii
665 4227 687 4268 et
738 4217 815 4267 Ceteri
826 4226 848 4266 et
859 4217 914 4267 editi
927 4217 984 4271 τοῖς
995 4210 1086 4285 ἔργιις
1095 4215 1317 4286 μιυιιισιεύιατι

108 4285 181 4334 editio
200 4285 315 4335 Commod.
333 4277 414 4332 πάλιν
430 4282 479 4332 τοῦ
496 4277 626 4334 θανάτου.
736 4277 782 4332 aad
797 4275 949 4349 perduxere.
984 4285 1012 4336 ht
1036 4289 1058 4336 in
1083 4287 1212 4352 hnpiioano
1231 4289 1317 4338 desunt

141 4352 163 4402 b.
182 4353 239 4414 hep.
259 4353 281 4402 1.
299 4360 322 4402 et
339 4355 437 4414 Seguer.
456 4342 537 4405 odric
552 4343 685 4430 penetret
738 4353 806 4402 verba
825 4343 849 4401 el
865 4347 895 4402 di
911 4349 992 4410 notai,
1010 4345 1061 4418 κᾷν
1078 4347 1139 4420 iperi
1146 4349 1193 4432 μὴ
1210 4347 1316 4402 neraei-

106 4419 434 4470 narrentanorum
459 4411 686 4488 dreantdrdpar-
737 4433 792 4479 prr,
812 4419 869 4472 τιῖι
884 4413 974 4488 ipram
989 4435 1044 4488 μου
1060 4433 1227 4471 πιστιισιιτε.
1265 4419 1316 4469 idox

106 4499 169 4540 noca
199 4487 278 4538 Ceteri
296 4501 354 4536 mas.
372 4477 416 4535 ὅτι
432 4500 461 4536 rs
480 4479 633 4554 ἄνθρωπος.
737 4489 835 4550 Sepncr.
854 4488 922 4541 nont.
941 4497 964 4540 et
981 4489 1083 4539 i'eiehm.
1105 4490 1126 4538 l.
1144 4479 1316 4538 denominant

141 4574 266 4616 tranantur
280 4583 331 4617 oar.
344 4583 416 4617 roca.
428 4585 477 4617 ιιι.
1081 4571 1114 4620 at
