3212 5060
579 231 689 294 omaro
706 247 748 294 nr.
766 250 881 296 conans
897 251 1032 298 terinos.
1076 271 1082 278 -
1335 243 1397 308 505

169 407 256 470 Pater
277 413 322 468 est
345 405 449 467 naturl
470 403 502 466 in
524 399 598 464 Filio
622 410 652 464 et
666 402 758 464 Filius
780 403 811 466 in
825 402 921 479 Patre,
945 407 998 468 sed
1021 413 1162 486 quantum
1185 427 1240 486 per
1261 395 1396 471 naturam
1406 427 1483 486 noro.

171 515 201 571 et
222 506 300 570 vires
322 506 410 568 nobis
430 505 500 567 lieet
520 503 647 583 aliquam
668 505 737 567 inde
759 506 925 585 exprimere
955 507 1194 583 similitudinem,
1223 509 1399 591 discereque

170 627 296 690 quanam
324 607 439 670 ratione
467 623 559 668 unum
593 625 663 668 esse
696 607 872 682 debeamus,
905 611 1153 688 quemadmodum
1187 610 1398 676 misericordes

171 729 238 774 esse
252 709 429 781 didicimus.
473 707 533 769 Res
556 707 636 770 enim
659 708 771 770 similes
799 727 866 769 oum
889 709 1037 773 similibus
1059 712 1171 776 unitate
1193 713 1319 792 quadem
1342 733 1399 776 oo·
1450 694 1456 700 ⁴

172 813 320 893 pulentur.
364 809 441 871 lline
462 808 601 870 universa
624 827 692 870 earo
715 827 824 888 genere
855 805 1051 888 coniungitur,
1093 814 1130 872 tr
1151 813 1278 876 Verbum
1301 815 1399 877 nostri

173 921 221 976 est
241 911 397 985 dissimile,
418 911 516 973 Patris
532 928 601 972 vero
617 909 724 984 simile,
746 909 933 990 proindeque
955 919 1060 972 nature
1075 921 1105 973 et
1119 931 1221 976 revera
1243 935 1334 978 unum
1351 925 1399 980 est

174 1033 242 1088 oum
265 1033 320 1076 suo
343 1014 440 1075 Patre.
484 1011 547 1074 Nos
568 1020 677 1086 autem,
701 1012 752 1092 qui
775 1010 907 1073 eiusdem
931 1029 1035 1073 sumus
1058 1014 1185 1091 generis,
1207 1035 1273 1078 eum
1288 1035 1323 1080 ex
1338 1037 1400 1081 uno

175 1133 278 1178 omnes
301 1115 368 1178 laeti
389 1113 545 1202 fuerimus,
567 1131 685 1193 unaque
701 1113 741 1174 sit
756 1113 888 1176 omnium
903 1113 1058 1175 bominum
1080 1123 1194 1187 natura,
1217 1129 1307 1178 unum
1323 1119 1401 1184 inter

174 1237 232 1280 nos
255 1217 375 1281 caritate
397 1215 551 1290 efficimur,
574 1234 631 1294 qua
653 1215 684 1277 in
705 1233 739 1278 re
754 1215 820 1278 Filii
836 1225 866 1278 et
880 1215 977 1279 Patris
1000 1215 1098 1278 unitas
1120 1216 1209 1278 nobis
1232 1227 1279 1279 est
1299 1237 1400 1282 exem-

172 1319 258 1400 plari.
302 1319 341 1380 Ut
362 1317 457 1392 enim,
488 1335 556 1378 oum
584 1315 842 1380 mansuetudinem
869 1318 1007 1393 doceret,
1037 1335 1072 1379 se
1094 1317 1212 1398 ipsein
1235 1319 1403 1399 exemplum

173 1421 222 1482 bis
245 1419 343 1482 verbis
366 1418 537 1500 proposuit:
567 1419 681 1482 Discite
704 1439 723 1480 a
743 1438 798 1493 me,
821 1424 892 1502 quio
912 1424 993 1485 mitis
1016 1439 1084 1482 som
1106 1431 1135 1483 et
1157 1419 1278 1483 homilis
1302 1421 1402 1494 eorde,
1455 1417 1459 1426 ’

174 1540 237 1584 non
260 1521 379 1602 quidem
401 1532 434 1584 ut
455 1521 483 1582 ei
506 1539 746 1601 exsequeremur,
769 1539 836 1584 oum
858 1522 887 1583 id
910 1521 974 1585 lieri
997 1531 1134 1602 nequeat,
1157 1524 1210 1584 sed
1226 1531 1257 1585 ut
1272 1523 1302 1584 iu
1320 1522 1404 1586 illum

174 1623 323 1687 intuentes
346 1639 464 1702 semper
486 1619 632 1684 mansueti
653 1625 916 1702 permaneremus}
944 1624 984 1686 its
1006 1643 1133 1704 quoque,
1157 1643 1224 1686 oum
1246 1624 1295 1699 hio
1315 1623 1404 1686 vellet

124 1729 130 1742 '
172 1743 290 1798 veram,
312 1723 426 1784 mmam
448 1729 479 1792 et
501 1721 740 1786 indissolubilem
762 1725 914 1788 caritatem
936 1725 1093 1788 internos
1117 1744 1199 1801 esse,
1230 1745 1263 1788 se
1285 1723 1404 1807 ipsein

173 1825 339 1906 exemplum
359 1824 501 1905 proponit
517 1831 553 1886 et
574 1825 629 1886 ait:
653 1835 712 1899 „ut
731 1845 826 1889 onum
847 1829 911 1890 sins
932 1832 1011 1892 sieut
1026 1839 1056 1890 ει
1070 1846 1136 1904 nor,
1160 1837 1251 1908 utque
1266 1828 1297 1890 iu
1312 1826 1401 1890 nobis

173 1927 351 2002 „individue
372 1935 420 1988 est
440 1927 555 1998 unitas,
584 1927 629 1989 sio
650 1936 680 1989 et
701 1925 742 1989 illi
771 1928 950 2010 individuam
984 1938 1119 1992 naturam
1150 1949 1185 1992 ex
1218 1929 1305 1992 nobis
1332 1928 1400 1991 edi·

174 2037 320 2106 „soentes
354 2027 542 2091 oonoordiam
575 2027 652 2090 inter
686 2048 720 2090 se
753 2037 924 2092 servent.“·
949 2029 1056 2110 Tutior
1084 2041 1183 2093 autem
1210 2040 1257 2093 est
1285 2031 1402 2094 illarum

172 2151 274 2194 rerum
296 2130 430 2205 imitatio,
454 2149 529 2210 quae
551 2130 698 2209 adipeam
714 2138 849 2192 naturam
871 2131 1031 2210 pertinent,
1055 2131 1097 2192 nti
1113 2132 1223 2192 dietum
1240 2140 1296 2191 est.
1327 2131 1402 2192 llam

173 2251 241 2296 eum
262 2233 328 2296 illae
349 2239 543 2313 perseverent
564 2239 594 2292 et
615 2249 765 2309 nunquam
793 2240 961 2306 mutentur,
994 2215 1094 2293 inores
1122 2240 1220 2293 autem
1249 2227 1403 2294 bominum

175 2335 259 2398 leoile
280 2333 342 2396 sint
362 2331 530 2405 mutabiles,
554 2349 626 2392 sane
648 2349 813 2410 possumus
828 2331 866 2392 ad
881 2349 945 2392 rem
967 2339 1071 2392 ustura
1093 2329 1304 2392 immutebilem
1327 2348 1403 2391 eon·

175 2443 292 2516 tuentes
324 2451 464 2513 perversa
495 2434 598 2512 lugere
631 2440 719 2512 etque
747 2433 777 2495 iu
804 2431 893 2493 bonis
926 2430 1074 2494 semendis
1103 2449 1160 2492 nos
1183 2431 1267 2510 ipsos
1289 2429 1403 2510 optime

175 2537 371 2598 conformare.
417 2533 467 2596 Sio
488 2533 567 2595 enim
594 2533 702 2594 borum
731 2533 906 2596 verborum:
947 2531 986 2596 Ut
1012 2543 1041 2596 et
1062 2537 1125 2615 ipar'
1144 2538 1177 2596 ιἰι
1198 2534 1285 2596 nodis
1307 2551 1404 2596 ιιιιιιιιι

175 2643 246 2712 aiat,
268 2645 349 2702 recte
372 2636 493 2698 omnino
515 2635 740 2726 est-sententia.

260 3049 312 3110 21.
357 3043 388 3106 Si
412 3043 500 3123 igitur
521 3043 586 3104 lieri
614 3051 733 3122 posset,
769 3050 801 3103 ιιι
828 3059 885 3102 nos
914 3060 951 3130 eo
978 3039 1068 3103 modo
1090 3039 1121 3100 in
1143 3039 1229 3100 Patre
1252 3053 1400 3112 essemus,

91 3209 94 3216 .
177 3165 237 3228 quo
259 3145 327 3228 ipse
347 3153 394 3208 est
420 3145 532 3218 Filius,
567 3143 721 3206 dicendum
751 3141 872 3204 luisset:
910 3141 974 3216 „llt
1001 3150 1031 3202 et
1051 3139 1093 3200 illi
1115 3139 1146 3201 in
1169 3147 1197 3202 le
1219 3157 1311 3201 unum
1333 3136 1403 3212 sint,

177 3248 452 3329 „quemadmodum
472 3246 565 3309 Filius
588 3254 635 3306 est
655 3243 686 3326 in
702 3243 819 3305 Petre.“
851 3241 939 3322 Atqui
960 3243 1018 3304 boo
1039 3259 1224 3321 nequaquem
1246 3240 1327 3313 dixit,
1350 3237 1405 3301 sed

176 3371 243 3415 nrm
265 3352 306 3416 ait
327 3355 359 3414 ιἰι
380 3351 476 3421 nodis,
500 3347 660 3410 discrimen
683 3352 713 3406 et
734 3343 930 3406 differentiam
945 3344 989 3406 rei
1004 3341 1152 3416 indicarit,
1175 3343 1273 3421 ipsum
1295 3358 1405 3419 nempe
1438 3337 1442 3348 '

177 3454 207 3516 in
230 3453 297 3516 solo
319 3452 407 3514 Patre
429 3459 463 3514 ut
484 3451 581 3512 solum
604 3447 731 3511 Verbum
754 3455 784 3508 et
797 3444 979 3526 Sapientiam
1001 3463 1078 3519 esse,
1102 3463 1158 3506 nos
1180 3462 1251 3506 vero
1274 3442 1305 3504 in
1327 3441 1402 3504 Filio

130 3585 133 3594 ·
179 3563 209 3617 et
233 3573 289 3635 per
315 3553 413 3634 ipsum
442 3554 473 3615 in
503 3553 589 3614 Patre
623 3566 702 3613 esse.
748 3546 864 3620 Quibus
886 3545 993 3626 utique.
1010 3545 1095 3608 dietis
1118 3545 1191 3607 nihil
1213 3543 1290 3606 aliud
1312 3542 1405 3606 voluit

177 3730 312 3800 ἂλλὴλιυς.
349 3738 427 3791 Ceteri
446 3747 470 3788 et
487 3739 543 3788 editi
562 3729 633 3786 οὕτω
651 3731 698 3785 itai
715 3727 765 3796 tria
849 3734 865 3784 i.
889 3733 946 3798 fleg.
966 3734 987 3783 l.
1012 3735 1114 3792 semer.
1138 3730 1236 3783 Gobler.
1255 3739 1278 3781 et
1296 3729 1403 3780 Felolrm.

178 3817 225 3859 ele.
261 3809 362 3870 Sequor.
381 3807 438 3858 ibid.
457 3797 698 3871 διαφυλάττουσιν.
818 3803 841 3852 l.
858 3793 976 3866 καὶγὰρ
995 3791 1088 3854 οὕτως.
1123 3799 1169 3850 tilii
1179 3807 1203 3848 et
1215 3798 1272 3849 editi
1289 3791 1335 3845 καὶ
1348 3789 1405 3862 γὰρ

212 3891 234 3938 g.
253 3875 310 3954 fl‘ss·
331 3875 353 3923 l.
378 3875 475 3937 Sequor.
502 3873 599 3922 Gobler.
618 3872 722 3924 Felekm.
743 3873 765 3921 ι.
816 3863 862 3918 καὶ
879 3859 973 3921 nitore.
1009 3867 1061 3917 llos
1079 3876 1179 3930 uterque
1196 3867 1252 3929 neg.
1265 3874 1289 3917 et
1306 3867 1406 3926 Sequor.
1468 3910 1472 3919 ,

179 3934 265 4008 ὥςπερ
275 3955 408 4011 ειρηιιιι.ι
427 3941 455 3991 lt
473 3941 513 3990 elii
531 3948 555 3990 et
572 3939 628 3989 editi
640 3932 765 4004 καθάπερ
817 3926 897 3984 edroi
919 3929 949 3983 ir
966 3927 1033 4000 ἡμῖν
1048 3927 1080 3984 ἓν
1097 3923 1173 3984 ὦσιν.
1209 3935 1288 3985 Ceteri
1306 3941 1331 3983 et
1348 3931 1406 3984 editi

178 4003 292 4079 εἴρηται.
328 4011 387 4062 lbid.
403 4011 459 4070 lies.
480 4009 502 4058 l.
521 4014 545 4057 et
562 4005 662 4068 Sequor.
680 4001 767 4053 ταῦτα
819 3994 898 4051 edroi
914 3995 946 4052 ἓν
962 3995 992 4051 ἐν
1009 3995 1076 4068 ἡμῖν
1094 3989 1169 4052 εἰσιν.

176 4075 228 4146 μὲν
244 4074 319 4145 μένει
336 4073 389 4130 stul.
425 4075 564 4128 Goblerian.
582 4080 605 4123 et
623 4073 727 4122 Felolrm.
744 4072 767 4121 l.
854 4073 876 4120 ιι.
894 4071 936 4120 Sie
954 4071 1009 4132 lies.
1025 4070 1047 4120 l.
1066 4071 1165 4132 Sequor.
1185 4068 1282 4122 Gobler.
1301 4067 1407 4118 Felelrm.

177 4144 266 4194 ταῦτα
287 4137 500 4212 μένειμὲνιιαῖ.
536 4143 563 4192 ln
582 4141 637 4190 eliis
654 4147 678 4189 et
696 4139 767 4189 editis
820 4137 842 4188 l.
861 4147 885 4188 et
902 4139 933 4188 its
950 4135 1009 4254 le‘git
1026 4137 1141 4188 Nunnius.
1175 4138 1204 4187 tlt
1227 4137 1267 4186 elii
1291 4143 1316 4186 et
1333 4135 1406 4185 editio

177 4209 229 4279 pta
247 4213 322 4264 deest
357 4213 409 4264 lior
428 4227 487 4262 mss.
497 4199 768 4280 τρόποςεῦμετᾶβλιι-
820 4205 970 4269 commysv
984 4204 1052 4253 odor
1069 4197 1141 4271 ἡμᾶς
1157 4195 1194 4257 oie
1211 4196 1226 4252 d
1242 4196 1303 4256 vide
1318 4193 1349 4251 ir
1365 4197 1406 4264 spi

179 4295 235 4334 ros·
271 4281 333 4331 Edit
351 4290 430 4332 antem
450 4280 567 4332 Commel.
585 4267 686 4342 τρόπος
703 4267 768 4342 ripe·
818 4265 917 4340 πατρὶ,
943 4271 993 4320 νῦν
1016 4267 1146 4322 ditonico
1164 4281 1210 4323 ete.
1229 4270 1326 4322 omissis
1344 4281 1406 4333 qaae

184 4339 322 4412 τ’ἇβλητος.
819 4341 961 4405 interposita
978 4349 1041 4392 sunt

214 4415 237 4463 b.
256 4414 312 4477 neg.
324 4417 346 4465 l.
365 4416 495 4477 etSegner.
514 4413 547 4481 τῇ
566 4403 656 4479 φύσει.
689 4409 768 4464 celeri
851 4408 875 4460 1.,
888 4409 991 4473 litesque
1008 4407 1096 4470 lieglus
1114 4403 1196 4455 τοῦτο
1215 4400 1246 4455 δὲ
1262 4394 1342 4452 odota
1352 4391 1408 4450 ire·

180 4488 205 4530 at
218 4479 275 4532 editi
291 4481 340 4542 τῆς
356 4475 473 4550 pireus.
623 4501 624 4504 ι
820 4489 870 4544 por
887 4469 1130 4543 aequolesinam.
1166 4475 1237 4536 sege.
1251 4463 1408 4538 loripedem.
