3220 5046
470 219 474 232 ’
526 271 637 316 oseem
651 271 684 314 n.
701 271 819 322 course
831 271 967 326 menos.
1288 261 1352 334 illl

127 427 206 494 etun
227 433 276 490 est
295 423 429 498 verbum,
452 420 532 489 oola
553 419 611 486 nis
632 421 860 502 sopientiu'sed
883 423 967 486 solos
989 423 1053 503 ipsc
1075 441 1164 490 rems
1186 433 1235 490 est
1255 425 1442 491 Pamisum.
1548 437 1554 446 ·

128 516 234 598 Filius.
267 528 395 602 Etenim
419 533 565 604 utsupra
587 523 819 599 observavimus,
841 526 920 590 ordis
942 526 1079 593 sttiunotr
1100 541 1201 602 muse,
1215 527 1278 595 sed
1298 529 1354 592 ob-

128 631 227 698 solute
248 631 285 695 de
306 629 357 694 illo
380 627 492 692 dictutn
520 633 580 688 est:
613 630 786 708 unipcrtim
809 625 923 702 lilius,
952 634 1006 710 put
1024 640 1071 695 est
1091 633 1125 696 its
1146 634 1220 698 tirest
1238 629 1382 696 Petris.-

127 734 166 797 nt
187 749 254 798 nrm
273 731 496 814 prr’mopem‘tcs
518 725 635 798 dicitur.
657 742 745 792 muse
767 728 950 804 ennecdtur,
978 739 1076 794 oreon
1103 749 1211 812 nempe
1232 741 1356 806 ‚nebus
1492 731 1495 742 '

129 842 162 896 ut
182 833 292 898 Paulus
319 833 384 911 ipse
412 828 459 894 bis
488 828 597 896 indicet
626 828 741 892 uerbis:
775 823 846 910 peric
876 835 908 892 in
935 835 1003 912 ipso
1026 843 1129 896 erecto
1150 843 1223 898 suist
1244 841 1357 900 smum

130 933 164 996 Si
186 931 457 1012 porrouuirersce
478 949 528 994 res
550 937 665 992 mestoc
686 929 717 994 in
739 929 800 998 illo¹
815 939 887 992 suot
913 939 1045 1004 mentae,
1075 933 1147 996 elius
1169 943 1249 996 eene
1270 941 1356 998 ests

130 1033 224 1097 rebus
244 1033 366 1108 creetis,
396 1051 452 1096 nec
473 1032 539 1112 ipse
559 1051 609 1094 res
632 1039 680 1096 est
702 1041 816 1106 cresto,
844 1031 898 1094 sed
920 1049 1020 1094 rerum
1044 1039 1208 1096 creatarum
1229 1045 1355 1100 creatos.

218 1339 270 1404 63.
314 1336 382 1398 Non
404 1353 475 1415 ergo
496 1334 714 1414 primogenitus
737 1341 858 1398 roceum
879 1341 934 1408 est,
958 1335 1027 1415 quie
1048 1352 1085 1396 ex
1099 1334 1188 1400 Petro
1206 1344 1253 1401 est
1273 1337 1359 1415 geni-

128 1449 192 1512 tus,
215 1437 269 1500 sed
293 1437 360 1518 quie
383 1438 413 1503 in
435 1436 486 1498 illo
508 1438 602 1498 rasos
625 1443 694 1498 suot
716 1443 905 1500 resectae.
933 1435 1091 1509 -Quocirce
1113 1437 1362 1517 quemadmodum

132 1546 203 1604 sote
224 1557 273 1601 res
296 1548 410 1602 orestes
431 1540 495 1619 ipse
525 1547 588 1602 erut
615 1537 727 1613 Filius,
759 1555 814 1616 per
840 1553 930 1616 quem
952 1555 1002 1598 res
1024 1541 1362 1613 assuefaciendus
1431 1616 1435 1628 Ι

132 1641 174 1705 ite
196 1626 354 1720 antequem
374 1639 591 1721 primogenitus
615 1638 748 1702 omnium
769 1657 870 1703 rerum
893 1645 1058 1702 creaturum
1080 1639 1178 1704 dictus
1194 1648 1256 1713 est,
1279 1640 1361 1705 nibi-

131 1740 263 1808 lominus
284 1741 383 1824 ipsum
404 1741 533 1802 Verbum
557 1748 622 1802 erat
641 1740 718 1820 apud
733 1739 838 1816 ileum,
861 1749 892 1802 et
905 1740 986 1804 Deus
1009 1749 1072 1804 eret
1087 1741 1224 1807 Verbum.
1252 1743 1361 1804 Verum

133 1861 167 1904 ee
189 1842 272 1922 impii
294 1861 360 1906 cum
382 1861 443 1904 non
464 1841 639 1921 intelligant,
663 1842 736 1903 baec
757 1841 918 1904 dictitando
941 1841 1188 1909 circumcursant:
1213 1841 1268 1918 „Si
1290 1856 1359 1906 om-

133 1945 243 2020 „nium
264 1962 364 2007 rerum
387 1953 551 2008 creatorum
573 1941 790 2024 primogenitus
818 1951 884 2018 est,
911 1945 1046 2023 prolecto
1074 1945 1140 2024 ipse
1162 1961 1280 2025 quoque
1302 1955 1451 2006 unansss.
1567 1987 1570 1994 -

135 2054 211 2120 „est
232 2065 249 2106 ε
270 2045 360 2108 rebus
383 2047 525 2110 creetis‘·
571 2043 674 2108 Stultii
694 2064 771 2112 ¹nam
800 2053 920 2114 mnne,-
949 2045 975 2106 si
998 2046 1130 2108 omnium
1152 2047 1239 2125 plene
1260 2059 1362 2110 rerum

135 2155 298 2212 assurum
320 2148 536 2228 primogenitus
564 2156 625 2221 est,
655 2163 726 2225 ergo
754 2145 830 2208 alius
859 2155 907 2207 cst
933 2145 1061 2208 erebus
1084 2144 1223 2208 omnibus
1245 2145 1363 2208 mestis.

134 2247 196 2312 Nec
217 2249 296 2312 enim
324 2248 412 2312 dixit:
443 2248 659 2330 primogenitus
681 2247 806 2308 aliarum
827 2264 928 2308 rerum
951 2255 1131 2320 creaturum,
1160 2263 1200 2308 ne
1228 2253 1366 2326 tenquem

135 2368 194 2412 uns
216 2369 233 2411 c
255 2349 346 2412 rebus
367 2349 474 2412 creetis
496 2367 566 2412 esse
587 2355 758 2428 pulcoctum
781 2347 835 2408 sed
851 2346 995 2425 scriptum
1017 2353 1081 2408 est:
1106 2349 1367 2412 metensem

137 2463 325 2521 erectorum,
342 2457 382 2522 ,ut
403 2449 478 2510 elius
501 2448 538 2510 ab
560 2448 618 2510 illis
641 2465 709 2509 esse
732 2447 950 2511 ostenderetur.
982 2445 1059 2508 liinc
1072 2447 1177 2510 liubeo
1192 2465 1253 2512 non
1269 2447 1366 2510 dicus

140 2559 188 2613 est
207 2550 423 2630 primogenitus
446 2550 579 2614 omnium
601 2549 763 2612 liberorum
779 2548 878 2623 locob,
901 2547 955 2610 sed
970 2548 1066 2629 ipsius
1083 2548 1171 2612 iacob
1185 2557 1215 2612 et
1230 2550 1365 2626 snutrein,

138 2671 178 2714 nc
200 2652 275 2715 eiius
298 2672 313 2714 a
335 2651 439 2716 liberis
468 2651 554 2716 lecob
577 2671 647 2714 esse
668 2650 898 2714 existimaretur.
943 2651 1022 2725 Quiri
1044 2651 1131 2716 etism
1154 2651 1191 2714 de
1211 2651 1280 2733 ipsc
1302 2651 1365 2714 llo·

138 2755 223 2818 mino
250 2773 312 2818 oon
341 2755 415 2818 dixit
441 2755 622 2835 Apostolus:
656 2753 694 2816 Ut
720 2755 770 2816 liet
803 2753 1019 2833 primogenitos
1047 2755 1199 2827 onmium,
1228 2771 1267 2818 ne
1289 2751 1368 2816 eliud

138 2875 249 2937 corpus
271 2875 286 2919 ε
309 2865 413 2918 nostro
436 2857 547 2918 hebere
568 2856 757 2944 crederetur,
786 2855 840 2916 sed
868 2859 901 2918 iu
922 2855 1025 2917 multis
1053 2856 1209 2934 frutribus
1232 2853 1272 2918 ob
1294 2873 1368 2918 suec

140 2955 239 3016 carnis
267 2973 334 3016 cum
362 2964 466 3018 nostra
496 2955 727 3016 similitudinem.
772 2954 866 3031 igitur
892 2955 918 3016 si
946 2955 1034 3016 etism
1055 2954 1185 3018 Verbum
1206 2974 1265 3018 uns
1286 2961 1370 3016 essct

102 3123 114 3152 ι
143 3055 272 3118 erebus
300 3055 423 3128 creetis,
455 3071 527 3116 sene
556 3055 708 3133 Scriptura
737 3053 878 3126 dixisset,
907 3054 1006 3131 ipsum
1035 3071 1103 3114 esse
1123 3053 1248 3122 ullarum
1268 3061 1369 3116 rerum

143 3165 310 3220 meatorum
342 3155 583 3235 primogenitum.
629 3154 736 3216 verum
769 3173 835 3216 cum
868 3153 963 3216 sancti
991 3154 1106 3228 dicent,
1138 3151 1371 3232 primogenitum

141 3259 225 3323 illum
248 3277 316 3320 csse
337 3275 438 3320 rerum
461 3257 592 3320 omnium
615 3264 792 3330 creatarum,
816 3256 938 3318 evidens
959 3256 1094 3336 prolecto
1118 3263 1174 3330 est,
1196 3251 1302 3316 lilium
1317 3251 1371 3318 Dei

141 3359 232 3424 elium
254 3358 381 3444 essetab
404 3359 543 3427 omnibus
566 3360 674 3440 meotis
697 3358 798 3432 rebus,
822 3375 882 3420 non
898 3367 1002 3423 eutem
1025 3365 1157 3420 ereetum
1171 3374 1250 3431 esse.
1285 3355 1370 3418 nlm-

144 3463 217 3542 quin
238 3463 265 3524 si
286 3471 402 3531 orestus
425 3472 522 3534 esset,
555 3462 636 3542 ipsc
650 3460 697 3522 sui
726 3459 821 3540 ipsius
842 3467 924 3522 esset
944 3458 1171 3541 primogenitos.
1217 3458 1276 3532 Qui
1298 3475 1370 3536 ergo

143 3563 209 3626 lieri
228 3571 338 3644 potest,
359 3563 469 3638 Ariani,
492 3572 526 3626 ut
546 3563 625 3626 idem
639 3564 706 3644 ipse
722 3563 824 3644 seipso
838 3562 924 3643 prior
938 3570 969 3624 et
982 3563 1134 3642 posterior
1149 3559 1211 3624 sit‘l
1233 3561 1369 3640 insuper,

143 3746 303 3816 κτισμάτων
320 3738 390 3798 εἶναι
406 3747 535 3828 vepredj.
562 3751 623 3802 liditi
641 3745 679 3817 μὴ
694 3735 732 3804 εἷς
783 3757 839 3815 post
862 3750 961 3812 sepner.
985 3742 1010 3798 sl
1032 3740 1220 3798 colvenerii
1237 3741 1318 3814 loires
1334 3729 1374 3800 εἷς

145 3816 203 3866 τῶν
218 3811 376 3884 κτισμάτων
394 3817 523 3884 νομισθῃ.
783 3827 806 3867 et
825 3833 879 3868 mox
896 3811 993 3896 γραφὴ
1012 3810 1137 3882 καὶπερὶ
1155 3805 1248 3866 αὐτοῦ.
1273 3816 1334 3865 Editi
1348 3822 1373 3864 et

181 3901 204 3948 s.
223 3888 280 3944 iter.
298 3887 369 3936 besil.
383 3893 412 3935 et
430 3885 535 3936 Felelm.
556 3877 703 3950 1.Ῥεεβι’ν,
784 3885 825 3936 elii
843 3877 868 3934 sl
884 3899 978 3934 corsos
995 3870 1033 3938 eir
1050 3895 1073 3936 et
1088 3877 1262 3952 ypoerpipnspi
1279 3873 1372 3932 sivos.

181 3955 204 4003 b.
221 3954 328 4004 Felclm.
347 3953 370 4004 2.
387 3943 468 4016 nuptie
480 3947 568 4001 τέκνα.
595 3953 692 4004 Gobter.
704 3955 734 4002 'et
820 3953 841 4001 l.
860 3954 960 4016 Segner.
979 3955 1077 4004 Gobler.
1097 3963 1121 4002 et
1133 3953 1238 4002 Felclrm.
1250 3951 1272 4000 l.
1284 3943 1374 4009 πάσης

146 4021 300 4072 i'elcimenni
322 4023 344 4073 l.
361 4014 438 4089 παρὰ
454 4013 489 4068 τὰ
507 4014 587 4067 τέκνα
604 4016 733 4085 repro-25.
784 4018 834 4079 τῆς
849 4016 968 4074 eeteros.
1004 4021 1030 4070 lo
1055 4022 1142 4071 ceteris
1164 4028 1188 4070 et
1209 4019 1281 4070 editis
1305 4020 1375 4068 deest

144 4092 247 4150 Seguer.
265 4083 342 4155 παρὰ
359 4083 393 4138 τὰ
410 4085 491 4138 τέκνα
508 4085 558 4135 τοῦ
579 4077 674 4150 Ἰακώβ
690 4100 735 4134 νε·
786 4085 842 4147 τῆς.
869 4089 960 4138 ibidem
978 4089 1077 4150 Segner.
1096 4088 1193 4140 Gobler.
1208 4087 1263 4148 lug.
1283 4086 1372 4148 duplic.

144 4155 246 4226 μισθῇ.
787 4155 941 4206 Felclrmenni
970 4156 990 4205 l.
1010 4155 1034 4205 4.
1053 4165 1076 4206 ει
1093 4156 1116 4205 5.
1135 4156 1225 4206 addunt
1247 4143 1376 4216 ἄντικρυς

182 4227 198 4276 i.
223 4227 280 4288 κει.
304 4233 328 4274 st
351 4225 455 4276 Felelrm.
473 4224 499 4274 5.
518 4213 603 4277 ἄλλος.
646 4222 737 4274 ibidem
788 4215 925 4272 δείκνυται
936 4213 1015 4277 ἄλλος
1031 4216 1072 4270 ὢν
1082 4216 1171 4283 πάσης
1187 4221 1236 4282 τῆς
1251 4223 1373 4273 κτίσεως,

147 4293 249 4355 Sepoer.
273 4293 370 4344 Gobler.
395 4294 499 4343 Felcim.
526 4293 546 4342 l.
573 4299 597 4342 et
613 4290 637 4341 l.
657 4289 739 4356 cuipter
789 4305 850 4355 ques
869 4291 892 4342 in
911 4291 965 4340 eliis
982 4300 1006 4341 et
1023 4291 1127 4344 editione
1145 4290 1263 4342 condet.
1280 4290 1378 4339 desunt.

148 4358 251 4426 φορεῖν
273 4357 403 4426 νεμεσθῇ.
438 4362 493 4422 tlep.
515 4360 587 4410 besil.
605 4361 696 4422 duplic.
715 4367 739 4410 et
789 4359 880 4420 treptie.
898 4359 986 4408 ibidem
1004 4354 1093 4420 πάσης
1109 4353 1229 4411 κτίσεως.

139 4427 258 4493 ,ΡεΙεΙιιιε
276 4428 298 4476 b.
318 4425 399 4492 colpe
415 4415 486 4476 slede
504 4425 633 4493 νομισθῇ.
659 4428 738 4478 Editio
824 4425 839 4476 l.
872 4425 913 4476 Sic
935 4427 1035 4488 Segoer.
1059 4427 1158 4478 Gobler.
1182 4434 1206 4475 et
1229 4421 1333 4472 delebor.
1353 4415 1378 4464 l.

150 4492 271 4544 domuel.
288 4493 369 4560 cepa
386 4481 456 4546 siras
471 4495 627 4562 νομισθείη.
662 4495 737 4547 Psulo
789 4493 884 4545 loeliis
901 4495 1013 4546 eluditis
1031 4483 1206 4546 deur-slsis.
1241 4481 1380 4538 Μῠῑῦῦῦῑ·

1116 4571 1174 4624 27*
