2872 5046
376 190 490 236 conam
505 191 723 236 conmmeatum
731 192 823 238 uranu
837 194 858 238 r.
959 191 960 194 ’
1162 182 1224 246 899

12 346 54 406 io
95 352 132 404 et
164 341 344 422 sapientiam
366 341 396 402 in
420 340 470 402 iilo
493 341 650 406 confltetur
671 345 718 418 (ac
737 335 909 424 plusquam
930 365 985 408 ros
1007 347 1057 410 illc
1070 367 1126 429 per
1140 355 1308 412 suamrmc

12 445 185 506 rietatem
207 441 363 520 attribuit),
386 451 419 504 ut
440 461 494 504 ros
516 443 614 506 dicitis
636 451 766 508 mantem
788 447 946 510 caelestem
968 449 998 510 in
1017 467 1143 530 corporo
1157 449 1225 513 ani-

12 554 71 608 to.
127 543 245 606 Verum
268 563 324 608 neo
345 563 454 626 corpus
476 543 637 609 animatum
659 565 695 610 oo
717 547 784 628 ipso
806 549 896 612 homo
917 551 1066 631 perfectus
1088 559 1145 628 ost,
1167 571 1224 614 ne-

12 668 25 709 e
57 664 166 708 mens
190 646 327 710 caelestis
349 665 385 708 eo
409 646 476 726 ipso
498 647 577 709 Dens
598 655 653 710 cst.
697 649 770 710 Nam
793 668 902 729 corpus
925 653 1084 716 auimatum
1107 653 1224 729 dieitur,

17 755 197 827 quantum
220 765 329 810 nomen
351 747 467 810 animae
487 767 542 829 per
562 749 684 811 modum
707 749 900 814 subsistentis
921 753 952 814 io
973 754 1023 815 illo
1039 754 1224 842 exprimitur.

12 867 108 928 rpus
135 857 238 910 autem
261 849 391 912 hominis
413 868 523 932 corpus
545 849 653 912 dicitur
674 859 704 912 et
726 869 786 912 non
809 852 915 925 anima,
939 861 969 914 et
982 855 1079 917 anima
1093 855 1225 918 hominis

12 953 110 1013 ima*
124 950 238 1012 dicitur
260 957 290 1011 et
311 967 372 1011 nnn
394 969 520 1030 corpus,
550 951 675 1038 aiterum
696 952 732 1013 ad
755 951 900 1026 alterum,
922 952 952 1013 id
974 962 1021 1015 est
1042 955 1165 1035 spiritus
1187 955 1227 1019 ad

12 1071 115 1132 rpus.
172 1053 249 1126 Quis
278 1064 393 1130 cutem,
422 1054 464 1114 nit
489 1052 658 1132 Scriptura,
687 1057 773 1116 nouit
798 1065 926 1117 mentem
952 1053 1099 1117 Domini?
1140 1057 1225 1120 Mens

14 1153 113 1216 mini
139 1153 276 1214 nondum
291 1153 447 1226 Dominus,
470 1155 523 1216 sed
537 1153 654 1216 Domini
676 1154 822 1229 voluntas,
846 1155 1004 1218 consilium
1025 1163 1076 1218 aut
1097 1157 1227 1220 efficacia

44 1255 188 1333 aliquid.
233 1255 299 1327 Quo
327 1255 417 1334 igitur
444 1256 542 1318 animo
570 1256 644 1318 haec
671 1257 813 1336 profertis
843 1255 932 1318 rerha
961 1255 1119 1336 verbisque
1140 1275 1226 1318 com-
1282 1303 1286 1312 .

12 1355 143 1419 entitiis
168 1355 296 1418 Verbum
319 1357 371 1418 Dei
394 1356 593 1420 adtuteratis?
636 1358 723 1438 Atqui
737 1357 790 1420 Dei
804 1357 936 1420 Ecclesia
958 1377 1055 1438 neque
1077 1359 1117 1421 ita
1138 1375 1225 1420 acce-

12 1506 17 1519 .
45 1475 164 1536 neque
185 1457 227 1518 ita
249 1457 383 1531 tradidit3
406 1458 476 1533 sed,
499 1466 531 1520 ut
552 1458 695 1538 scriptum
717 1467 780 1532 est,
802 1458 895 1522 Deum
917 1457 1062 1534 Verbum,
1091 1458 1141 1538 qui
1163 1465 1228 1521 erat

12 1560 60 1622 ud
89 1559 194 1620 Deum
217 1567 285 1620 aute
306 1559 439 1634 saecula,
468 1559 498 1621 in
527 1561 783 1622 consummatione
805 1561 990 1624 saeculorum
1012 1561 1170 1624 advenisse
1192 1578 1228 1622 ac

39 1659 149 1723 Maria
172 1659 292 1739 Virgine
321 1667 352 1721 ct
379 1679 414 1722 ex
437 1659 549 1741 Spiritu
572 1661 680 1723 Sancto
711 1662 842 1742 genitum
872 1681 941 1724 csse
962 1662 1060 1746 'tilium
1082 1661 1224 1736 hominis,

41 1762 203 1840 scriptum
227 1768 286 1822 est:
313 1761 415 1824 Donec
434 1766 555 1843 peperit
576 1762 687 1824 Filium
708 1783 797 1826 soom
815 1768 1065 1844 patremmeum,
1087 1772 1121 1825 ut
1142 1763 1227 1826 tieret

13 1863 217 1943 imogonitus
239 1863 270 1924 in
292 1862 394 1924 multis
415 1863 572 1938 tratribus,
601 1883 667 1926 curn
689 1872 787 1926 umen
809 1864 887 1926 Deus
910 1883 999 1926 verus
1021 1871 1119 1940 esset,
1140 1872 1175 1926 ut
1195 1871 1227 1926 et

14 1976 146 2029 ratenus
176 1964 267 2025 horno
296 1955 350 2043 pro
379 1963 468 2024 nohis
496 1960 664 2043 pateretur,
692 1947 722 2027 et
748 1973 894 2044 quatenus
916 1964 996 2026 Deus
1019 1983 1056 2026 ex
1077 1974 1174 2027 morte
1196 1973 1226 2026 et

18 2069 141 2130 ssione
163 2070 220 2126 nos
241 2065 410 2128 redimeret.
453 2065 606 2128 Incassum
627 2065 717 2143 igitur
739 2064 948 2142 imaginamini
971 2081 1026 2126 vos
1040 2083 1134 2143 posse
1149 2067 1225 2138 cius,

16 2171 39 2232 ri
66 2167 215 2245 intelligit
236 2175 267 2228 et
289 2184 407 2227 carnem
429 2165 498 2244 agit,
521 2165 680 2228 novitatem
702 2165 733 2226 in
755 2164 841 2228 vohis
864 2165 938 2244 ipsis
961 2164 1097 2238 efficere,
1121 2165 1226 2228 existi·

15 2280 111 2334 antes
138 2285 195 2346 per
217 2267 412 2328 imitationem
435 2265 464 2327 id
486 2266 551 2328 tisri
565 2283 669 2346 posse,
690 2284 747 2327 nec
761 2265 912 2328 advertitis
926 2265 1121 2327 imitationem
1135 2283 1226 2346 prac-

12 2373 82 2434 issi
110 2367 217 2446 operis
240 2385 307 2428 esso
330 2366 541 2441 imitationem,
565 2367 696 2446 alioquin
718 2385 780 2428 non
802 2367 951 2428 diceretur
972 2365 1106 2429 imitatio.
1150 2366 1311 2435 Domuum.

12 2477 97 2532 item
131 2468 165 2528 in
188 2465 310 2528 Christo
338 2466 432 2530 soiius
454 2467 554 2530 caruis
576 2467 737 2530 novitatem
759 2468 954 2542 confitemini,
986 2477 1120 2532 errantes
1141 2467 1225 2531 hlas-

12 2569 160 2634 nematis.
206 2567 237 2629 Si
260 2568 338 2632 eninr
359 2553 503 2649 possibile
525 2569 631 2632 fuisset
650 2569 831 2644 hominihus,
855 2571 930 2640 eius.
953 2569 1003 2649 qui
1024 2579 1143 2632 carnem
1156 2570 1225 2648 agit,

12 2673 164 2737 critatem
196 2671 309 2751 absque
331 2671 442 2734 Christi
477 2691 535 2756 ope
563 2671 620 2733 sihi
650 2671 724 2752 ipsis
751 2672 883 2744 efficere,
917 2679 947 2732 et
974 2671 1000 2731 si
1029 2670 1108 2749 quod
1130 2669 1226 2749 agitur

12 2783 138 2856 gentem
164 2773 307 2851 sequitur,
329 2772 399 2852 quid
423 2791 499 2852 opus
522 2780 586 2836 erat
607 2769 717 2834 Christi
738 2770 890 2836 adventu?

83 2977 138 3038 21.
186 2971 256 3033 Vani
278 2991 401 3052 quoquc
419 2982 499 3048 sunt,
522 2974 573 3054 qui
595 2974 696 3038 dicunt
709 2973 838 3036 Verhum
859 2972 1018 3034 advenisse
1039 2978 1072 3034 ut
1086 2971 1118 3032 in
1134 2987 1226 3033 uuum

13 3098 31 3138 x
55 3073 231 3152 Prophetis.
279 3073 354 3146 Quis
385 3074 463 3136 enim
484 3075 699 3156 Prophetarum
722 3075 801 3136 Deus
829 3091 894 3134 cum
917 3080 999 3135 esset
1018 3071 1109 3134 homo
1131 3073 1225 3134 tactus

16 3177 70 3241 st?
117 3175 179 3236 Cur
199 3182 296 3236 autem
321 3173 371 3238 iem
391 3175 470 3238 nihii
490 3177 530 3238 mi
546 3177 718 3257 perfeetum
739 3172 891 3238 adducit?
935 3173 995 3234 Cur
1015 3189 1097 3234 mors
1113 3189 1225 3252 regna-

12 3283 39 3344 it
62 3279 153 3342 etiam
177 3275 315 3349 milles,
346 3277 397 3354 qui
420 3295 480 3338 non
503 3285 696 3357 peccaverant
716 3276 752 3338 ad
775 3274 996 3338 similitudinem
1017 3273 1226 3354 Protoplastn·

14 3380 92 3444 um?
140 3377 241 3450 Quare
263 3377 408 3440 Dominus
431 3376 520 3438 dixit:
543 3377 579 3439 Si
598 3395 670 3458 erpo
692 3395 746 3439 cos
768 3376 865 3440 Filios
889 3375 1071 3446 liberaverit,
1093 3393 1165 3438 cere
1187 3375 1227 3438 ta·-

12 3489 68 3546 ›eri
89 3476 203 3542 eritas?
247 3479 353 3540 Nonne
388 3479 551 3542 secundum
584 3495 649 3542 eam
681 3483 756 3558 quac
788 3477 819 3539 in
846 3477 913 3556 ipso
942 3486 988 3540 ast
1015 3476 1176 3538 novitatem
1198 3486 1228 3540 et

12 3581 226 3652 reerectionem,
249 3597 412 3659 perquam
435 3599 502 3654 nos,
525 3581 575 3660 qui
597 3579 756 3654 credimus,
778 3596 957 3640 renovamur
979 3578 1141 3640 secundum
1157 3575 1226 3638 imi-

12 3736 125 3800 etpmoec,
144 3723 174 3778 ἓν
190 3742 221 3778 τε
237 3729 366 3796 Χριστῷ,
385 3725 487 3816 capeio
502 3723 589 3800 μόνης
639 3728 715 3782 κέναι
732 3723 782 3780 τὸν
798 3722 932 3795 Χριστόν.
971 3729 1022 3780 htux
1045 3730 1102 3782 editi
1118 3724 1164 3780 arui
1181 3721 1228 3778 ἄν·

12 3795 150 3860 ιαινόιητα
177 3787 387 3863 ὁμολογοῦντες,
413 3815 437 3850 ει
461 3796 516 3868 γὰρ
541 3799 589 3849 τοῦ
640 3799 769 3865 spons,
788 3799 830 3848 sad
847 3792 896 3846 arui
912 3797 980 3848 deest
997 3799 1021 3847 in
1039 3800 1138 3860 Segncr.
1174 3799 1228 3850 hiox

12 3863 127 3936 iyorror,
147 3867 228 3916 muttit
247 3867 352 3916 omissis.
641 3867 739 3920 Gohicr.
758 3866 893 3916 etFetchm.
905 3866 928 3915 1.
946 3859 1022 3914 emt
1037 3860 1068 3916 δὲ
1086 3859 1184 3933 ὄνομα,
1204 3875 1229 3920 et

39 3955 60 4000 gi
79 3939 176 3999 Segucr.
202 3934 272 3984 Gohi.
291 3943 315 3984 ct
332 3934 438 3986 Fcicirm.
456 3936 479 3986 1.
497 3949 590 4002 mep-
641 3937 673 3986 ita
694 3935 750 3997 tegit
767 3933 890 3994 Nunnium
909 3933 979 3982 maie.

12 3999 143 4062 νᾶζεσθαι.
182 4003 207 4051 in
233 4001 318 4052 iisdem
344 4017 399 4052 mox
416 3997 463 4052 arai
479 4012 534 4054 ante
550 4001 591 4069 τῷ
630 4047 632 4050 .
675 4003 691 4052 i.
710 3993 1006 4066 tornamentorum
1023 4000 1092 4052 deest
1109 4001 1132 4051 iu
1148 4001 1241 4060 reditis„

12 4067 196 4136 irascentem,
221 4071 290 4119 cuins
309 4069 363 4120 ioco
381 4071 481 4134 Seguor.
499 4065 529 4122 δέ
546 4073 590 4122 ha·
644 4069 687 4120 sed
706 4070 794 4130 iegitur
811 4071 834 4120 in
853 4069 964 4132 piurimis
982 4083 1041 4118 mas.
1076 4066 1226 4120 ieiunarit.

12 4142 56 4190 het.
89 4140 163 4190 tidem
181 4132 222 4191 τὶι·
240 4129 255 4196 ri
270 4131 360 4204 χρεία.
643 4139 715 4188 hahet
731 4130 762 4186 tr
778 4134 817 4201 τῷ
835 4125 961 4202 ὀνόματι,
981 4129 1063 4184 ciart
1093 4134 1226 4194 uoxSegu.

42 4209 66 4256 h.
83 4209 122 4258 Sir
138 4209 237 4269 sepner.
258 4206 356 4256 Gohier.
375 4213 398 4254 et
415 4205 520 4256 Fatetur.
532 4205 556 4255 t.
567 4212 591 4256 et
642 4197 691 4254 thr
708 4189 757 4254 οὖν
776 4195 790 4253 ὁ
809 4195 867 4257 ciis
883 4197 962 4270 ὑμᾶς.
1000 4203 1169 4272 Μοιλδεςιιιι.
1180 4201 1224 4250 Ga

12 4275 102 4336 quidem
120 4283 184 4325 recte
201 4281 228 4325 nt
246 4279 347 4337 apparet
364 4287 392 4323 ex
409 4289 434 4338 p.
444 4273 494 4324 590
512 4269 590 4339 [i-
642 4273 702 4324 hier.
722 4273 907 4324 ethelstimi.
925 4265 1028 4320 ἔσεσθε.
1065 4268 1129 4318 Editi
1146 4274 1171 4315 ct
1187 4265 1229 4314 ahi

12 4341 300 4406 supernoruputo.
320 4341 369 4392 hui.
388 4337 590 4405 ed.nr.it.in.].
640 4333 708 4390 ἔστε.
1169 4391 1176 4411 ¹
1212 4383 1215 4392 .

13 4405 72 4468 Editi
89 4401 122 4460 th·
137 4401 183 4458 ἕνα
198 4402 589 4480 τῶνπρρφητῶνέπιδεδημη·
675 4409 698 4460 ic
715 4407 814 4476 Sasuer.
833 4407 932 4464 norro.
950 4409 975 4470 ot
990 4399 1132 4514 lecitmd·
1149 4410 1232 4448 wtt-
