3176 5058
487 337 631 381 serarum
646 335 683 380 ns
699 335 863 380 senrsrrrra
878 331 1020 380 ntcnrsn.
1306 323 1365 386 tlt

229 495 276 556 14.
322 489 359 552 lit
380 507 453 552 sene
475 487 549 550 satis
572 494 654 550 esset
674 487 712 550 ad
733 489 876 568 integram
891 488 1066 551 brianonum
1089 487 1323 550 contemtionem
1338 495 1452 550 etrus.

140 595 178 657 ad
199 590 462 655 demonstrandam
491 605 594 650 eorum
623 589 814 665 adomniam,
847 590 926 670 quod
948 591 1105 673 Dionysius
1137 589 1174 651 de
1201 590 1238 652 iis
1269 591 1367 666 etiam,

141 713 216 777 quoe
238 694 289 756 isti
312 692 453 765 iactitant,
476 709 544 752 sese
565 692 749 770 purgaverit;
771 692 926 752 nonenim
948 691 1147 756 contendendi
1167 691 1267 754 animo
1290 693 1368 754 seri-

141 795 219 876 psit,
248 793 301 855 sed
331 791 378 853 sui
406 790 581 854 defendendi
610 791 849 871 suspicionisque
871 794 1048 855 amovendae
1070 813 1175 868 causa3
1207 813 1273 856 curn
1295 801 1367 856 vero

22 883 31 896 ’
143 913 196 957 eas
218 891 340 973 depellit
361 891 594 966 criminationes,
617 890 687 970 quid
709 891 786 953 aliud
809 891 877 971 agit,
901 911 987 970 quam
1007 895 1087 973 quod
1102 913 1218 958 omnem
1233 894 1366 958 criminis

144 993 349 1075 suspicionem
378 992 456 1054 levat
484 1001 514 1054 et
540 991 570 1054 in
598 993 655 1054 boc
681 992 809 1058 Arianos
832 991 1028 1072 sycophantas
1057 1013 1126 1056 esse
1148 995 1263 1075 arguit?
1307 995 1368 1060 Sed

145 1105 180 1158 ut
201 1115 235 1158 ex
257 1095 305 1183 iis,
329 1095 472 1174 quaestu
496 1093 671 1156 defendendi
694 1113 781 1157 eausa
804 1095 936 1174 scripsit,
959 1095 1051 1174 magis
1068 1095 1291 1168 onulrmdantur,
1314 1115 1367 1177 age

144 1200 210 1261 eius
234 1197 286 1259 tibi
308 1195 396 1258 verba
417 1215 592 1276 proponam,
615 1204 648 1257 ut
667 1196 737 1258 binc
758 1197 891 1271 noveris,
914 1196 1039 1258 brianus
1060 1209 1168 1276 pravae
1187 1195 1295 1258 mentis
1309 1197 1451 1258 bo·e.ua.

144 1301 241 1363 mines
271 1317 355 1370 esse,
390 1297 621 1378 Dionysiamque
647 1299 683 1360 ab
712 1317 816 1361 eurum
844 1299 998 1361 erroribus
1027 1299 1166 1362 menum.
1209 1297 1247 1358 lit
1272 1298 1369 1377 primo

142 1401 264 1483 quidem
287 1400 442 1481 epistolam
476 1389 559 1462 suam
580 1400 731 1480 inscripsit
751 1400 925 1482 Apologiam
949 1409 978 1463 et
999 1401 1171 1463 Elenolrum.
1215 1399 1293 1474 Quid
1316 1397 1372 1461 sibi

141 1503 205 1566 vult
226 1500 313 1576 illud,
342 1501 400 1563 nisi
428 1502 506 1581 quod
535 1511 564 1562 et
586 1502 801 1564 obtrectatores
825 1490 898 1564 suos
921 1502 1016 1582 arguit
1038 1513 1068 1566 et
1090 1503 1200 1583 scripta
1222 1520 1275 1562 sua
1297 1518 1370 1581 pro·

140 1613 267 1684 pugnat,
297 1603 459 1664 ostendeus
483 1623 516 1664 se
539 1621 600 1664 non
623 1623 658 1665 ea
680 1614 794 1678 mente,
818 1623 876 1686 qua
898 1606 1067 1685 suspicatus
1091 1613 1138 1667 est
1158 1604 1261 1677 brius,
1292 1604 1370 1665 scri·

137 1707 248 1786 psisse,
273 1705 326 1766 sed
347 1704 417 1766 licet
438 1723 543 1766 eorum
565 1705 751 1778 meminerit,
775 1725 848 1786 quae
870 1706 908 1768 tle
929 1706 1055 1768 Domino
1078 1706 1240 1770 secundnm
1263 1705 1370 1782 buma-

139 1807 263 1869 nitatem
287 1806 470 1880 dictasunt,
505 1825 566 1868 non
588 1807 744 1886 ignorasse
765 1815 880 1882 tamen,
901 1809 998 1888 ipsum
1021 1819 1089 1870 esse
1112 1807 1239 1868 Verbum
1262 1813 1291 1868 et
1311 1807 1368 1868 Sa-

138 1907 284 1989 pientiam
313 1927 328 1967 a
360 1908 446 1969 Patre
473 1906 729 1972 indivisibilemi·
752 1909 893 1982 Queritur
921 1910 1042 1985 deinde,
1075 1910 1153 1990 quod
1181 1917 1368 1972 accusatores

142 2008 307 2070 sententias
329 2027 399 2070 suas
421 2027 482 2070 non
504 2009 634 2089 integras
658 2012 787 2072 reserant
808 2011 861 2073 sed
883 2019 1041 2085 truncatas,
1065 2019 1094 2072 et
1116 2011 1193 2090 quod
1215 2005 1274 2072 noll
1290 2010 1369 2070 bona

141 2109 322 2173 conscientia
350 2109 404 2172 sed
431 2111 507 2172 mala
535 2129 590 2190 pro
622 2110 743 2172 libidine
771 2112 945 2191 loquantum
977 2131 1053 2191 quos
1081 2111 1193 2174 similes
1221 2111 1260 2172 ait
1291 2109 1369 2170 beati

140 2211 278 2293 Apostoli
300 2211 490 2292 epistolarum
514 2211 787 2275 calumniatoribus.
832 2213 911 2275 llaec
932 2231 1023 2292 porro
1039 2213 1093 2274 riri
1112 2211 1309 2291 expostulatio
1325 2209 1386 2270 si··

139 2315 266 2376 sistram
288 2333 407 2375 omnem
430 2315 547 2376 amovet
567 2314 780 2394 suspicionem.
811 2315 844 2376 Si
867 2315 945 2376 enirn
960 2314 1043 2376 Pauli
1066 2313 1292 2375 calumniatores
1308 2311 1370 2372 suis

143 2415 258 2476 similes
281 2414 459 2487 arbitratur,
482 2413 555 2476 nibil
576 2434 647 2477 sane
669 2416 747 2478 aliud
770 2416 908 2489 declarat,
932 2433 1018 2495 quam
1043 2433 1076 2476 se
1097 2431 1164 2475 cnm
1184 2410 1277 2474 Paulo
1299 2427 1371 2472 sen-

144 2515 269 2576 tientem
298 2515 337 2576 ita
366 2514 535 2594 scripsisse.
580 2517 665 2578 Certe
693 2517 817 2597 singulis
847 2525 1050 2578 accusatorum
1079 2513 1178 2576 serbis
1212 2529 1370 2574 occurrens

142 2615 284 2678 omnibus
301 2633 405 2678 eorum
420 2617 600 2696 argumentis
617 2617 796 2680 solutionem
813 2615 948 2692 adhibet;
971 2629 1095 2696 uimque
1110 2613 1269 2676 Sabelliani
1284 2613 1369 2693 prio·

96 2727 97 2732 ’
143 2719 227 2780 ribus
249 2717 307 2780 illis
329 2717 447 2799 scriptis
468 2719 643 2799 planissime
666 2711 845 2793 eorrlu'tarit,
868 2719 916 2780 his
937 2717 1155 2798 posterioribus
1177 2715 1265 2778 tidem
1286 2731 1371 2776 suam

144 2820 267 2880 omnino
293 2821 373 2898 piam
401 2819 538 2881 declarat.
589 2819 809 2881 Affirmantibus
840 2819 928 2898 igitur
954 2819 1011 2880 illis
1040 2819 1116 2880 hanc
1144 2835 1212 2880 esse
1237 2815 1372 2896 Dionysii

144 2918 339 2980 sententiam:
363 2919 462 2990 „Deus
484 2937 545 2979 non
564 2918 622 2979 ruit
635 2937 753 2997 semper
767 2919 872 2993 Pater;
892 2920 983 2982 Filius
1007 2937 1126 2999 semper
1146 2937 1208 2981 non
1230 2919 1295 2991 luit,
1318 2917 1371 2978 sed

145 3017 256 3093 „Deus
279 3015 434 3096 aliquando
456 3017 553 3078 Verbo
582 3017 690 3092 caruit,
722 3018 787 3098 ipse
815 3035 884 3080 rero
913 3019 1004 3082 lilius
1033 3039 1093 3082 non
1122 3030 1184 3082 erat
1216 3019 1371 3098 antiquam

144 3119 356 3198 „gigneretun
380 3117 433 3178 sed
454 3117 511 3178 luit
531 3115 687 3198 aliquando
710 3137 775 3180 cum
797 3137 858 3180 non
881 3131 969 3194 esset,
991 3139 1051 3182 non
1066 3122 1144 3184 enim
1159 3129 1297 3184 aeternus
1313 3127 1369 3192 est,

145 3219 229 3295 „sed
252 3219 441 3299 postmodum
464 3237 533 3282 esse
554 3219 722 3299 incoepit,“
751 3219 965 3296 animadverte,
992 3219 1142 3302 'quomodo
1170 3222 1207 3284 ad
1229 3222 1301 3284 haee
1321 3220 1370 3282 ille

144 3321 335 3402 respondeat.
379 3319 473 3382 Verba
496 3329 594 3384 autern
618 3320 682 3384 eius
703 3321 933 3403 quamplurima,
963 3323 1070 3405 quibus
1092 3343 1141 3390 res
1165 3325 1195 3385 in
1216 3324 1370 3404 quaestio-

143 3441 214 3486 nem
236 3423 376 3484 adductas
407 3423 546 3504 expendit
574 3431 623 3486 arrt
657 3443 690 3486 ex
721 3424 815 3486 allatis
837 3425 998 3488 ratiociniis
1026 3426 1168 3506 quaedem
1191 3423 1300 3504 colligit
1321 3432 1371 3485 aut

143 3527 344 3602 interrogatos
367 3523 552 3587 adversarios
574 3525 707 3606 coarguit
728 3527 773 3588 rel
796 3525 1010 3589 obtrectatores
1031 3545 1104 3590 suos
1126 3526 1307 3597 criminatur,
1331 3523 1369 3586 ob

143 3625 291 3688 librorum
312 3623 510 3705 prolixitatem
533 3627 674 3690 omittens
698 3645 730 3690 ea
753 3629 848 3690 solum
870 3647 1047 3710 proponam,
1073 3647 1148 3708 qnae
1171 3643 1274 3689 eorum
1297 3644 1369 3705 spe-

142 3735 226 3788 ctant
254 3725 480 3789 accusationem.
524 3729 626 3808 ltaque
655 3730 701 3791 sui
729 3731 871 3810 purgandi
901 3749 988 3793 eausa
1018 3731 1047 3791 in
1077 3729 1174 3809 primo
1196 3728 1288 3801 libro,
1322 3727 1369 3789 cui

142 3829 248 3890 titulus
275 3827 423 3891 Elencbus
457 3837 488 3890 et
514 3828 670 3910 Apologia,
702 3831 876 3910 quibusdam
905 3832 1079 3912 praemissis
1111 3833 1155 3894 sic
1182 3833 1218 3892 ad
1247 3829 1369 3891 verbum

140 3929 278 4010 scripsit.

234 4134 283 4194 15.
327 4131 504 4213 „Nunquam
533 4132 610 4193 enim
634 4133 687 4194 luit
708 4135 825 4212 quando
848 4135 925 4198 Deus
948 4153 1009 4195 non
1031 4145 1094 4197 erat
1115 4136 1234 4198 Pater.“
1279 4137 1315 4198 Et
1338 4137 1368 4198 in

118 4348 242 4412 'legitun
277 4349 328 4401 llos
353 4352 450 4403 Tauria.
476 4353 523 4405 les.
547 4355 584 4406 Fr.
604 4353 622 4405 l.
645 4343 661 4414 ἢ
686 4345 730 4402 ὅτι
815 4355 832 4404 l.
850 4355 890 4404 Sic
908 4355 1005 4406 Tauria.
1025 4356 1093 4406 Colb.
1112 4357 1150 4406 Fr.
1171 4356 1188 4406 l.
1224 4357 1250 4405 ln
1270 4355 1326 4416 licg.
1345 4363 1368 4404 et

141 4408 267 4470 utinte-
784 4423 808 4472 iu
828 4421 898 4474 aditis
917 4421 985 4472 deest
1003 4413 1025 4470 d.
1062 4423 1367 4487 tantoponfflegrmr.

181 4499 202 4534 e.
221 4484 318 4536 Tauria.
338 4487 407 4538 Colb.
427 4488 471 4538 les.
491 4483 527 4538 rb
544 4480 660 4539 Παύλου.
784 4479 883 4540 redet
900 4483 951 4536 uir
963 4484 1083 4555 χριστὸν
1100 4477 1170 4539 εἶναι
1187 4483 1271 4553 lo'yor
1289 4483 1365 4536 ὄντα.

297 4560 309 4590 ·’
784 4556 811 4606 lu
830 4557 903 4620 editis
921 4544 992 4606 siret
1010 4558 1085 4609 deest.
