3084 5042
472 285 615 327 vrrsrocn
631 285 668 329 ιν.
682 285 727 330 ,nn
749 283 943 329 snnnrronsn.
1229 275 1287 340 801
1384 255 1389 266 “

72 459 151 511 cere,
187 439 349 508 bominem,
379 440 432 516 qui
458 439 613 498 ceritatem
640 437 724 499 uobis
753 435 898 522 loquutus,
924 457 1006 515 sum,
1034 457 1121 520 quom
1146 421 1250 505 audiui
1270 461 1371 507 ornos

69 538 188 605 Putre?
231 539 312 601 llaec
339 545 438 599 autem
470 555 654 618 nequaquam
682 538 797 600 divisim
825 541 898 600 licta
933 550 1002 602 sunt
1035 543 1114 604 iuxta
1143 553 1288 623 gestarunt

70 663 171 706 rerum
194 643 358 714 rationem,
387 639 429 700 itu
450 647 481 701 ut
503 657 578 720 quae
599 657 616 701 a
638 657 763 720 corpore
785 641 905 714 tierent,
936 642 1000 703 sine
1023 643 1188 717 divinitate,
1217 664 1289 725 quae
1338 647 1347 654 ’

70 753 171 807 autem
193 763 209 805 s
231 741 400 814 divinitate,
428 742 492 802 sine
513 759 639 822 corpore
661 723 883 816 exhiberintum
913 741 964 804 scd
992 745 1169 807 coniunctim
1192 749 1290 808 omnia

68 847 245 927 agebantur,
267 853 297 906 et
319 861 396 906 unus
419 853 482 905 erat
503 837 657 918 Dominus,
679 845 729 924 qui
751 862 784 905 ea
806 844 977 906 mirabiliter
998 863 1053 924 per
1075 864 1158 907 suam
1179 847 1289 910 efficie-

67 952 124 1012 but
145 948 276 1026 gretiam.
321 944 453 1026 Spuebat
474 945 550 1006 enim
573 953 606 1006 ut
627 946 729 1020 bomo,
752 955 871 1026 sputum
885 955 983 1008 umen
998 947 1127 1010 divinum
1143 958 1214 1020 erat,
1236 969 1292 1030 per

71 1053 172 1131 ipsum
195 1049 303 1129 quippe
335 1066 423 1109 caeco
446 1066 462 1108 a
484 1047 632 1109 nativitate
654 1043 749 1109 ri'sum
771 1049 908 1110 restituit.
951 1049 988 1110 Et
1015 1069 1079 1111 cum
1109 1051 1194 1112 vellet
1222 1073 1290 1115 sese

71 1152 166 1214 Deum
188 1151 337 1222 exhibere,
360 1150 488 1211 humana
509 1149 607 1228 lingua
629 1149 757 1229 idipsum
780 1149 946 1228 significans
969 1151 1078 1212 aiebat:
1100 1152 1161 1232 Epo
1183 1166 1212 1215 et
1229 1154 1374 1244 Pei-ruod
1420 1221 1425 1230 „

72 1267 121 1318 ter
141 1271 237 1315 unum
259 1251 520 1330 inmensumque
542 1251 690 1312 voluntate
712 1271 765 1312 sua
789 1252 918 1312 sanabat.
962 1251 1123 1314 Humanam
1139 1256 1208 1316 item
1223 1275 1288 1317 ma-

69 1373 145 1416 num
175 1353 336 1415 extendens
367 1371 486 1414 socrum
514 1353 594 1413 Petri
620 1351 831 1414 febricitantem
866 1353 974 1427 erexit,
1008 1363 1036 1416 et
1061 1356 1288 1438 Archisynegogi

71 1456 163 1517 liliam
185 1454 244 1516 iam
265 1455 431 1516 defunctam
453 1449 468 1516 i
492 1455 616 1516 mortuis
641 1455 801 1516 suscitavit.

163 1661 211 1720 15.
254 1657 398 1719 Haeretici
421 1656 509 1735 igitur
535 1656 697 1735 ignorantia
720 1673 772 1718 sua
794 1623 961 1731 insaniunt:
989 1677 1114 1738 quorum
1142 1654 1189 1722 elii
1219 1681 1287 1724 cor-

70 1777 163 1839 porea
184 1758 343 1820 salvatoris
371 1759 564 1838 respicientes
595 1765 736 1836 negamnt
758 1758 843 1820 illud:
876 1759 913 1821 ln
938 1765 1089 1839 principio
1118 1775 1185 1825 erat
1216 1763 1289 1824 Ver-

71 1861 154 1933 bum,
184 1861 231 1922 alii
254 1879 329 1939 quae
350 1859 512 1920 divinitatis
536 1867 605 1920 sunt
626 1869 789 1938 spectantes
813 1862 1022 1939 ignoraverunt
1043 1861 1131 1923 illud:
1163 1863 1289 1928 Verbum
1345 1925 1347 1936 ,

71 1979 144 2024 curo
166 1963 359 2041 factumest.
404 1959 454 2032 Vir
477 1968 574 2021 autem
596 1961 689 2021 fidelis
712 1957 968 2040 aspostolicis,
992 1981 1098 2042 gnerus
1121 1963 1288 2028 dominicae

69 2063 268 2141 benignitatis,
293 2063 342 2124 ubi
366 2061 510 2142 conspicit
531 2063 689 2123 divinitatis
713 2064 806 2142 signa,
828 2064 951 2125 miratur
972 2084 1038 2126 eum
1054 2067 1102 2144 qui
1117 2067 1147 2127 in
1164 2087 1289 2147 corpore

74 2171 121 2224 est
141 2163 307 2227 Dominum.
352 2163 468 2224 Rursus
492 2181 557 2224 cum
579 2182 628 2237 ea,
651 2183 726 2242 quae
748 2165 866 2244 corpori
888 2173 958 2226 sunt
978 2168 1114 2245 propria,
1147 2167 1287 2244 intuetur,

73 2265 256 2346 obstupescit
279 2266 479 2327 animadversa
502 2265 610 2326 inillis
634 2265 793 2327 divinitatis
817 2267 953 2328 efficacia.
996 2267 1148 2329 Eiusmodi
1170 2287 1235 2331 cum
1250 2273 1289 2332 sit

69 2367 279 2429 Ecclesiastiea
300 2365 385 2438 tides,
407 2365 457 2427 ubi
480 2365 597 2445 quidam
619 2366 745 2427 bumana
768 2374 935 2445 spectantes
949 2367 1109 2429 Dominum
1130 2369 1230 2431 vident
1243 2371 1287 2432 si-

50 2471 196 2530 tientem
218 2467 265 2527 vel
286 2464 464 2528 laborantem
486 2467 531 2527 vel
552 2467 722 2546 patientem,
745 2477 775 2528 et
790 2468 930 2530 Salvatori
948 2470 1028 2532 velut
1048 2471 1162 2534 homini
1185 2474 1285 2535 obtre-

72 2576 163 2658 ctant,
186 2583 365 2646 magnopere
386 2567 503 2646 quidem
525 2576 660 2648 peccant,
677 2579 805 2650 possunt
819 2579 914 2631 tamen
930 2571 1064 2634 celeriter
1077 2573 1289 2652 poenitentiam

72 2669 188 2748 agendo
211 2668 324 2730 veniam
348 2671 506 2749 consequi,
536 2689 601 2732 cum
630 2671 756 2732 habeant
776 2691 831 2751 pro
854 2674 1039 2736 excusatione
1061 2675 1288 2738 imbecillitatem

69 2771 219 2851 corporis.
266 2769 350 2849 [Cum
372 2772 498 2832 maxime
519 2773 680 2852 Apostolus
702 2774 814 2834 veniam
839 2775 880 2836 cis
903 2777 1053 2848 concedet,
1077 2783 1106 2837 et
1123 2779 1207 2864 quai
1222 2797 1286 2838 ma·
1348 2841 1349 2847 ἵ

69 2891 142 2932 num
165 2873 222 2934 illis
242 2873 376 2952 porriget
396 2873 469 2934 bueo
490 2873 629 2934 dicendo:
659 2874 774 2938 Revera
801 2895 942 2954 mopnum
969 2887 1015 2939 est
1032 2881 1156 2958 pictatis
1177 2886 1288 2959 myste-

72 2976 170 3042 rium,
200 2973 280 3034 Deus
301 2975 515 3054 manifestatus
538 2985 585 3037 est
606 2981 637 3038 in
660 2977 772 3055 corne]
818 2977 889 3038 Cum
918 2987 1014 3038 autem
1043 2997 1147 3040 rursus
1170 2981 1288 3058 quidum

76 3071 232 3136 divinitatis
260 3093 350 3154 opera
379 3075 601 3138 considerantes
631 3077 827 3139 dubitaverint
854 3079 890 3139 de
918 3079 1053 3158 corporis
1081 3087 1199 3152 natura,
1227 3079 1287 3158 ipsi

75 3191 192 3253 quoque
213 3177 337 3238 maxime
360 3187 494 3256 peccant,
524 3177 601 3257 quod
631 3179 698 3240 licet
726 3197 792 3238 eum
820 3179 937 3239 videant
958 3179 1159 3240 comedentem
1182 3189 1209 3240 et
1232 3196 1286 3259 pa-

71 3277 209 3349 tientem,
235 3279 411 3358 phantasma
438 3280 629 3342 nihilominus
654 3279 752 3360 ipsum
782 3278 976 3354 arbitrentur3
1008 3297 1109 3341 verum
1136 3281 1194 3342 illis
1217 3281 1287 3344 item

69 3378 131 3440 cito
154 3379 398 3459 resipiscentibus
421 3383 535 3443 veniam
555 3382 694 3443 Christus
716 3382 825 3442 donare
846 3390 961 3460 potest,
990 3381 1068 3462 quod
1097 3391 1126 3444 et
1153 3384 1211 3463 ipsi
1232 3402 1287 3464 pro

70 3482 262 3543 excusatione
285 3483 412 3543 habeant
433 3469 662 3562 magnitudinem
686 3499 807 3562 operum
835 3482 963 3545 hominis
992 3493 1168 3564 potestatem
1200 3503 1287 3549 exce-

69 3581 214 3643 dentium.
258 3585 366 3645 Verum
388 3593 580 3665 posteaquam
603 3593 796 3663 utrorumque
817 3585 962 3648 inscitiam
984 3595 1014 3647 et
1045 3587 1212 3649 caecitatem
1234 3605 1288 3650 su·
1342 3597 1347 3602 '

67 3758 259 3842 circumtuetur.
279 3769 359 3848 ¹Editi
384 3779 407 3819 et
429 3773 501 3820 ceteri
519 3774 598 3822 minus
617 3787 656 3821 re·
708 3774 754 3822 tius
772 3772 890 3834 glossema
911 3773 1034 3822 cuiusdam
1053 3747 1199 3832 clusense,
1218 3789 1289 3838 quam

68 3845 110 3884 cte
127 3847 198 3881 κατα
215 3830 265 3896 τὴν
278 3831 351 3884 ceter
359 3832 509 3887 παίδευσιν.
530 3841 588 3890 lbid.
601 3841 656 3890 edit.
706 3841 827 3892 Attianasii
845 3841 923 3902 rerba.
953 3841 1129 3891 Placuittemen
1140 3857 1166 3890 ea
1177 3843 1290 3904 retinere,

67 3904 190 3953 Commet.
203 3913 225 3954 et
236 3904 339 3954 l'elclrm.
350 3905 374 3955 2.
391 3901 525 3971 ἐμάνισαν
535 3909 656 3959 mendose.
709 3923 761 3958 eum
786 3906 933 3970 exploratum
959 3911 1057 3958 omniuo
1076 3923 1122 3958 non
1140 3913 1185 3970 sit,
1210 3911 1290 3960 sintne

106 3987 129 4036 d·
147 3978 183 4034 τά
200 3988 268 4038 dem
285 3990 308 4038 pn
328 3991 427 4052 gesner,
709 3975 842 4052 adieetitia,
860 3989 889 4023 an
904 3989 961 4052 'cum
980 3977 1003 4054 in
1022 3977 1075 4027 aliis
1093 3977 1216 4056 codicibus
1234 3980 1289 4028 vitio

639 4077 646 4095 ,
708 4042 842 4091 scribarum
861 4056 950 4091 omissa
970 4044 1086 4101 luissent,
1110 4045 1139 4095 ad
1158 4045 1228 4095 burris
1247 4061 1290 4095 eo·

106 4093 128 4130 θ’
145 4079 243 4131 ‘mm'
262 4081 435 4132 ²²F⁶¹⁰¹¹¹¹¹·¹'
453 4073 534 4132 ἴδωσι
550 4077 599 4131 τὸν
614 4097 658 4162 ⁸¹²:
709 4109 768 4159 dicis
793 4111 923 4171 marginem
942 4113 1049 4176 restitute
1069 4113 1129 4175 sint;
1154 4115 1217 4178 qnod
1242 4127 1290 4162 non

67 4159 133 4222 ΟΨ
158 4141 192 4195 τὰ
219 4141 421 4232 ’”ὖ,σῶμ“ῖθξ
444 4143 657 4216 '‘dmum“
705 4177 780 4227 semel
807 4178 915 4227 vidimus.
950 4179 977 4229 lu
1000 4181 1112 4230 omnibus
1136 4181 1205 4232 editis
1230 4181 1288 4228 brec

63 4227 158 4280 μων
175 4211 384 4283 φλυαθῗσωω
401 4233 438 4272 ‘⁰5
456 4228 500 4269 ⁸¹⁰·
707 4245 790 4295 endem
810 4245 936 4295 habentur.

104 4307 120 4356 l.
148 4307 225 4368 liceo,
250 4323 312 4374 quae
331 4311 424 4361 uncinis
442 4311 595 4362 includuntur
614 4329 656 4364 us·
741 4329 762 4374 g.
781 4313 837 4374 ileu.
862 4315 961 4376 signer.
986 4315 1084 4366 Gobler.
1102 4323 1125 4364 et
1143 4313 1245 4363 deletum.
1266 4311 1288 4360 l.

65 4389 116 4438 que
134 4375 164 4424 ed
182 4369 213 4424 ἐν
230 4372 326 4442 σαρκί,
345 4380 369 4428 in
389 4379 461 4429 nullis
479 4381 601 4430 codicibus
620 4383 655 4431 le·
707 4373 866 4432 διστάσωσι.
901 4383 990 4444 duplic.
1010 4392 1033 4432 et
1048 4377 1176 4432 ieiumi
1197 4371 1289 4454 deotri-

68 4451 158 4504 guntur
175 4453 346 4510 praeterquam
365 4447 389 4496 in
409 4447 513 4498 Felclm.
525 4445 548 4496 2.
568 4449 607 4498 nbi
626 4449 656 4502 acl
707 4445 781 4504 ἔωσι.
817 4449 889 4498 basil.
913 4458 936 4499 et
959 4451 1015 4498 edit.
1041 4441 1289 4501 pertenentem.

68 4512 202 4572 marginem
221 4520 278 4562 sunt
296 4515 399 4578 scriptu
419 4516 598 4567 undevidentur
610 4531 655 4581 po·
706 4517 768 4568 Edit.
787 4517 902 4568 Comeret.
921 4509 1085 4571 διστάξθϋσι

103 4598 232 4643 truculent
244 4611 297 4643 ovv.
311 4612 385 4645 noun.
396 4613 446 4644 erc.
1054 4597 1080 4632 ⁵¹
