3220 5046
580 275 688 320 maro
702 276 724 320 ι.
740 276 855 322 corrue
869 277 1004 322 munos.
1334 243 1418 332 Μ

172 453 338 502 emmeno.
380 431 495 508 Nempe
516 425 543 488 si
565 433 701 504 parentes
722 427 760 490 de
776 425 850 490 Filio
872 427 963 492 velint
983 445 1108 508 prorsus
1131 429 1325 511 interrogare,
1348 433 1503 494 ire-omo

172 539 304 618 teiligent
324 533 398 614 ipsi,
428 528 508 592 unde
535 526 575 588 sit
595 525 688 602 flius,
716 529 766 610 qui
795 529 934 610 gignitur.
977 530 1044 625 Etsi
1065 531 1144 594 enirn
1166 533 1285 612 genitor
1305 533 1398 596 tilium

172 657 235 702 non
255 636 356 708 habet,
378 637 536 708 antequam
552 647 618 692 enm
637 631 781 708 genuerit,
802 639 900 694 tamen
914 639 1069 712 postquam
1085 653 1154 696 enm
1168 633 1314 710 habuerit,
1336 647 1483 696 nonem.

172 741 257 804 ilhrm
278 743 359 800 eerte
380 729 565 794 extrinsecus
589 747 644 792 nee
663 731 808 805 alienum
836 733 890 793 sed
913 751 949 794 ex
970 733 1070 812 seipso
1091 737 1302 816 propriumque
1325 755 1398 800 suae

174 851 299 904 naturae
319 841 407 914 etque
427 831 473 894 sui
495 830 675 894 simillimam
696 801 851 910 irisaginem
874 831 990 908 habuit,
1024 834 1064 896 ita
1092 844 1124 896 nt
1150 835 1199 898 itte
1226 838 1256 899 in
1279 837 1345 918 ipso
1369 845 1400 900 et

176 943 244 1020 ipse
265 939 301 1000 in·
317 935 366 998 illo
382 933 530 1016 videatur.
576 932 607 994 Si
630 933 720 1012 igitur
740 931 878 996 humanis
900 932 1042 1012 exemplis
1069 943 1184 1014 tempus
1216 925 1400 1018 gignentium

179 1039 331 1112 definiunt.
354 1055 406 1100 eur
427 1053 489 1098 non
510 1054 545 1096 er
567 1034 673 1100 iisdem
697 1035 837 1114 exemplis
852 1033 932 1096 tilios
948 1043 1052 1096 natura
1075 1034 1186 1096 similes
1202 1042 1399 1123 propriosque
1513 1059 1516 1072 ·

179 1160 301 1206 suorum
322 1146 477 1220 parentum
500 1155 567 1200 esse
589 1137 767 1217 percipiunt,
793 1137 845 1200 sed
863 1146 1034 1218 serpentum
1049 1154 1134 1198 more
1148 1137 1178 1198 id
1194 1140 1299 1214 solum,
1321 1144 1402 1222 qnod

176 1261 290 1306 veneno
313 1249 413 1322 aptum
436 1248 492 1314 est,
515 1259 531 1300 e
554 1248 633 1301 terra
655 1237 806 1319 seligunt?
850 1241 928 1302 Sane
951 1258 1017 1301 eum
1040 1238 1080 1300 ilii
1102 1248 1239 1318 parentes
1260 1240 1308 1302 his
1330 1261 1400 1306 ver·

176 1345 225 1408 bis
247 1342 482 1423 interrogabant:
506 1340 702 1415 „Habuistine
720 1340 810 1404 titium
826 1351 982 1420 antequam
1004 1338 1192 1420 gigneres?“
1215 1341 1289 1403 haer
1309 1361 1402 1422 opor-

179 1454 276 1509 tuerat
297 1445 420 1508 addere:
448 1443 502 1517 „si
531 1428 623 1504 habes
650 1441 758 1516 filium,
787 1461 857 1504 num
886 1441 1070 1505 extrinsecus
1099 1442 1178 1504 velut
1206 1442 1324 1504 domum
1354 1451 1405 1506 aut

178 1547 316 1628 „aliquid
338 1545 416 1608 aliud
440 1542 568 1606 emis?“
593 1551 625 1606 ut
647 1543 759 1606 sedicet
780 1544 833 1606 tibi
855 1544 1064 1622 responderet:
1099 1544 1186 1618 „Non
1208 1543 1402 1618 extrinsecus,

177 1649 259 1725 „sed
282 1667 317 1710 ex
339 1665 386 1709 me
409 1655 466 1708 est.
512 1646 595 1718 Quae
618 1646 695 1708 euim
711 1645 896 1708 extrinsecus
913 1629 1066 1720 hahentur,
1089 1645 1300 1726 possessiones
1321 1657 1401 1722 sunt,

88 1729 94 1736 ⁸
177 1760 291 1832 „atque
312 1743 348 1811 ab
370 1749 428 1812 alio
451 1747 488 1810 ad
509 1747 597 1810 atium
621 1755 790 1822 transeunt;
823 1735 857 1810 at'
874 1747 953 1810 fitius
977 1766 1012 1810 er
1034 1766 1081 1810 me
1104 1756 1159 1820 est,
1183 1767 1323 1828 meaeque
1344 1767 1400 1812 na-

180 1860 292 1926 „turae
313 1851 452 1932 proprius
476 1858 523 1912 est
543 1868 579 1912 ae
600 1849 722 1924 similis,
744 1867 864 1929 nonen
884 1849 943 1933 aiio
966 1849 997 1910 in
1018 1868 1066 1912 me
1088 1850 1197 1924 iaetus,
1220 1851 1274 1913 sed
1296 1869 1332 1912 ex
1353 1869 1401 1912 me

181 1953 339 2032 „genitum
361 1952 438 2014 unde
459 1959 539 2014 totus
563 1961 593 2014 et
611 1951 725 2030 integer
747 1953 777 2014 in
798 1950 849 2012 iilo
872 1970 949 2025 sum,
972 1968 1095 2014 manens
1114 1949 1179 2031 ipse
1198 1951 1280 2032 quod
1302 1957 1400 2014 sum.“

180 2055 291 2136 Nempe
313 2052 351 2116 ita
372 2074 405 2116 se
427 2073 476 2116 res
498 2053 602 2126 habet3
624 2053 741 2115 mmetsi
765 2053 879 2132 genitor
901 2063 1035 2134 tempore
1057 2052 1150 2114 afilio
1166 2053 1273 2126 differt,
1296 2061 1329 2115 ut
1342 2053 1400 2116 ho·

176 2177 243 2230 mo,
273 2157 324 2238 qui
347 2157 461 2237 etipse
484 2174 603 2236 quoque
625 2154 655 2216 in
679 2163 812 2234 tempore
840 2161 927 2216 natus
951 2161 1012 2230 est3
1043 2153 1130 2216 simui
1158 2161 1255 2214 tamen
1283 2171 1403 2232 semper

177 2277 281 2320 seeum
303 2259 477 2320 existentem
499 2256 590 2318 titium
613 2256 700 2318 etiam
723 2256 789 2336 ipse
810 2257 952 2331 haberet,
974 2256 1035 2318 nisi
1056 2256 1187 2318 obstaret
1208 2261 1401 2334 repugnaret-

177 2378 236 2438 que
258 2365 382 2418 naturae
403 2355 595 2418 imbecillitas.
640 2357 716 2418 Hine
730 2357 800 2418 Levi
823 2365 885 2418 tum
900 2357 1019 2436 quidem
1042 2356 1072 2418 in
1088 2354 1195 2418 lumbis
1211 2355 1314 2436 proavi
1329 2365 1403 2430 erat,

180 2477 248 2519 enm
275 2456 407 2518 nondum
437 2455 502 2535 ipse
530 2465 610 2518 esset
631 2458 762 2536 genitus,
795 2477 921 2538 eumque
949 2477 1021 2520 avus
1049 2457 1210 2538 genuisset.
1255 2457 1402 2530 Quoniroe

183 2577 250 2623 num
272 2557 363 2619 homo
385 2556 414 2618 id
436 2557 541 2620 aetatis
563 2555 701 2638 attigerit,
723 2559 754 2621 in
776 2579 832 2640 qua
847 2559 1014 2638 generandi
1035 2559 1201 2622 ieerdtatem
1223 2559 1326 2621 tribuit
1347 2577 1402 2622 na-

158 2669 258 2733 tura,
280 2659 381 2722 statim
402 2657 493 2721 homo
514 2667 619 2722 nature
640 2660 677 2723 ab
700 2661 780 2722 omni
803 2662 860 2724 iam
881 2661 973 2724 libera
989 2660 1282 2744 impedimento'iilii
1305 2662 1403 2742 quiex

182 2762 248 2841 ipso
272 2769 330 2834 est,
352 2762 385 2820 fit
406 2769 499 2840 pater.

265 2864 316 2924 27.
360 2861 461 2939 itaque
483 2860 510 2921 si
531 2869 668 2938 parentes
696 2863 732 2924 de
760 2861 891 2942 propriis
920 2863 1164 2942 interrogaverint
1194 2863 1296 2926 liberie
1318 2883 1399 2926 eom·-

182 2962 383 3041 pereuntque,
406 2961 482 3023 iiiios
504 2962 652 3024 naturales
674 2980 735 3023 non
756 2954 939 3024 ¹entrinsoeus
962 2962 1054 3036 nasci,
1081 2964 1134 3024 sed
1157 2981 1193 3024 er
1213 2964 1404 3042 parentibus3

181 3065 328 3126 fateantur
350 3081 467 3142 quoque
490 3063 582 3142 igitur
603 3063 729 3146 Verbum
751 3061 806 3124 Dei
828 3069 921 3124 totum
944 3081 1013 3126 esse
1035 3081 1070 3124 ex
1092 3063 1189 3124 Patre.
1218 3063 1304 3134 Quod
1328 3063 1354 3124 si
1369 3064 1406 3126 de

181 3173 316 3244 tempore
337 3173 458 3226 movent
478 3163 695 3238 difficultatem,
724 3163 936 3246 respondeant,
970 3163 1108 3243 quidnam
1130 3163 1191 3225 Deo
1220 3163 1317 3243 possit
1339 3181 1406 3226 esse

180 3265 403 3346 impedimento.
446 3265 505 3327 Par
528 3265 607 3326 enirn
631 3273 685 3339 est,
709 3283 761 3328 eos
785 3283 820 3326 ex
842 3264 888 3326 his
910 3264 996 3344 ipsis,
1019 3282 1094 3343 quae
1111 3264 1236 3326 ridendo
1252 3275 1404 3346 quaerunt,

181 3367 341 3448 impietatis
365 3365 509 3428 convinci.
552 3364 657 3428 Dicant
677 3366 783 3445 igitur,
811 3366 882 3446 quid
901 3365 1056 3446 impediat,
1085 3365 1243 3446 quominus
1266 3365 1344 3432 fleus
1365 3367 1406 3430 sit

184 3486 300 3548 semper
321 3467 387 3530 Filii
408 3466 522 3530 Pater?
566 3467 641 3530 Nam
663 3485 838 3530 conoessum
861 3475 916 3542 est,
938 3467 979 3542 id,
1003 3468 1082 3548 quod
1104 3467 1241 3548 gignitur,
1265 3487 1301 3530 ex
1321 3479 1404 3550 petre

185 3585 263 3630 esse.
306 3569 344 3631 Ut
364 3577 461 3630 autem
483 3569 525 3643 hi,
549 3568 600 3648 qui
621 3568 680 3631 ista
702 3569 738 3632 de
759 3569 822 3632 Deo
845 3570 984 3650 rogitant,
1007 3568 1037 3632 in
1061 3589 1094 3632 se
1114 3570 1200 3650 ipsos
1214 3572 1310 3634 ierant
1331 3591 1403 3636 sen-

184 3668 313 3744 tentiam,
336 3669 584 3750 quemadmodum
606 3671 662 3751 ipsi
684 3671 822 3735 mutieres
838 3673 875 3736 de
889 3683 1023 3754 tempore
1039 3673 1269 3753 interrogavere,
1293 3672 1336 3735 sio
1350 3693 1404 3736 so-

215 3837 238 3884 g.
257 3821 357 3885 Segusa.
380 3815 395 3871 d
418 3813 498 3878 Λεοῒς
521 3815 563 3872 ἔτι
585 3815 615 3871 ἒν
631 3822 664 3889 τῇ
683 3813 771 3889 ὀσφύϊ
854 3826 869 3875 i.
888 3827 987 3888 Segusr.
1010 3823 1059 3874 τοῦ
1084 3819 1113 3881 ἐξ
1130 3817 1222 3874 αὐτοῦ.
1257 3826 1405 3889 timidam,

182 3887 231 3938 τοῦ
242 3883 410 3955 προπάππου
423 3877 466 3952 ἢν,
485 3885 551 3958 πρὶν
569 3883 650 3944 αὐτόν
666 3904 769 3956 reyes·
821 3893 918 3946 Gobter.
946 3901 968 3944 et
992 3893 1096 3944 Fetckm.
1115 3893 1136 3942 1.
1162 3885 1308 3942 tuorem.
1345 3896 1407 3946 Editi

179 3956 262 4026 νηθῇ,
281 3953 327 4006 καὶ
344 3951 479 4014 ὁποὶππος
487 3951 596 4024 γενήσει
610 3949 679 4008 ὅταν
690 3945 766 4024 γοῦν.
820 3952 1017 4010 ἐπυνθάνοντο.
1048 3961 1105 4009 thid.
1125 3962 1223 4023 Segoev.
1243 3951 1285 4010 ὅτι
1303 3955 1337 4010 τὰ
1355 3953 1407 4029 φύ-

215 4026 240 4078 h.
258 4027 299 4078 Sie
322 4029 421 4090 Segner.
448 4029 545 4079 Gobter.
577 4027 768 4078 aedelstani.
821 4038 862 4078 oet
879 4023 959 4078 τέκνα
977 4019 1024 4076 οὖν
1037 4021 1150 4084 ἔξωθεν,
1170 4019 1229 4077 ἀλλ’
1249 4021 1276 4078 is
1294 4029 1408 4096 τῶνγο-

181 4095 210 4144 at
227 4093 367 4157 desiiiieg.
386 4085 675 4160 stingiiorivdpmrroc
692 4086 708 4154 ἢ
725 4088 770 4144 καὶ
819 4091 896 4146 νέων.
934 4096 994 4144 Edtti
1020 4103 1043 4144 et
1066 4097 1105 4144 etii
1130 4088 1172 4144 ’ότι
1190 4090 1225 4146 sie
1243 4092 1346 4164 φυσικὰ
1364 4094 1407 4147 τέ-

180 4173 215 4274 ἓν
231 4170 275 4212 ete
311 4163 373 4280 Edliti
391 4155 457 4230 deep
474 4156 489 4210 d
508 4153 663 4280 ἄνθροένπος,
681 4155 769 4282 κοὴὶιτό
819 4177 871 4212 ava
888 4154 935 4212 oria
951 4155 1054 4218 ἔξωθεν
1070 4153 1129 4212 dtt'
1148 4157 1176 4213 ἐκ
1193 4163 1242 4214 τοῦ
1258 4161 1369 4231 γονέως.

199 4239 307 4279 oneror.
351 4232 399 4281 bid.
413 4233 445 4282 Se
463 4247 513 4282 uer.
531 4244 551 4278 π
619 4243 653 4280 oe.
672 4233 707 4284 Go
735 4246 768 4282 ov.

147 4305 150 4318 ·
180 4295 286 4348 dedeim.
299 4297 320 4348 i.
340 4306 364 4348 et
381 4299 437 4363 iieg.
447 4245 587 4367 ‘aegipto
596 4247 671 4350 liiditi
688 4293 770 4365 παρέ·
822 4266 995 4388 ὅλξςεοὶᾚί·
1011 4265 1073 4386 {iffi
1088 4266 1186 4317 fimf·
1196 4267 1301 4317 ΝΜ·
1315 4267 1336 4316 ¹·
1346 4273 1370 4317 ⁰²
1382 4267 1407 4320 ⁵·

176 4375 224 4429 xp.
261 4366 321 4416 item
338 4367 398 4416 ibid.
415 4367 623 4430 Sagarendobler.
642 4375 666 4418 et
685 4369 770 4419 fetet·
891 4370 897 4384 ⁹
1074 4369 1080 4384 '

181 4423 670 4500 οιοο.1.·ἆνεμποιῐίοτῳτῆφὺσει.
702 4435 770 4500 'Editi
816 4465 819 4471 -
855 4435 871 4485 i.
890 4435 930 4486 sie
948 4435 1086 4498 Segueris'o.
1106 4435 1202 4486 Gobter.
1222 4442 1245 4484 et
1262 4433 1367 4484 Feteim.
1384 4435 1407 4484 1.

182 4489 397 4567 ἀνεμποδίστως.
821 4501 865 4554 etit
882 4511 962 4554 autem
979 4511 1004 4553 st
1021 4505 1077 4554 editi
1095 4495 1123 4552 ἐκ
1141 4499 1190 4552 τοῦ
1206 4493 1318 4568 naepo's.
