3216 5048
579 291 690 336 omnm
704 293 725 336 r.
742 293 857 338 course
871 295 1006 342 somnos.
1340 287 1402 352 πω

171 463 237 510 rum
258 443 404 517 tenderet,
427 443 492 506 eius
513 441 633 508 fraudes
655 444 754 508 irritae
777 445 884 521 iurent,
911 465 1114 530 summumque
1136 460 1263 532 propter
1285 451 1402 516 Domini
1413 475 1489 521 rure

170 545 437 610 immutabilitatem
466 544 527 606 vim
549 544 658 616 nullum
680 543 821 610 adversus
844 567 1021 630 quemquam
1043 552 1189 616 baberent
1209 573 1314 617 omnes
1338 556 1402 618 eius

170 657 307 712 conatus.
352 646 426 708 Nem
449 645 696 724 quomadmodum
717 658 857 728 preeunte
867 650 977 713 Adumo
999 663 1151 732 peecatum
1175 655 1204 716 in
1221 674 1326 718 omnes
1341 657 1402 718 ho·

170 755 269 817 mines
290 745 478 830 permonuit,
507 745 547 808 ito
575 755 732 828 postquem
753 749 897 812 Dominus
925 753 1017 814 luctus
1040 755 1129 816 bomo
1152 749 1322 836 serpentem
1345 757 1401 818 de·

171 854 251 926 sinit,
272 851 318 912 ris
340 849 388 910 ille
410 849 594 928 permanebit
615 851 646 911 iu
668 867 774 910 omnes
797 850 943 926 homines,
965 860 1000 914 ut
1014 854 1120 934 singuli
1136 867 1271 921 nostrum
1287 859 1402 922 dieunt:

173 955 245 1018 Nou
273 955 352 1015 euius
378 954 554 1030 ipuoroonrr
577 955 770 1031 ropitott'oues
792 955 868 1014 eius.
911 952 1102 1016 lderitissinro
1130 957 1218 1036 igitur
1245 960 1400 1036 Dominus,

174 1053 225 1136 qui
249 1070 367 1133 sempor
388 1059 419 1113 et
440 1055 544 1114 netnrl
565 1053 756 1116 immutabilis
779 1064 841 1128 est,
867 1053 917 1134 qni
944 1053 1088 1118 iustitium
1110 1067 1188 1118 nmut
1209 1069 1239 1120 et
1259 1061 1488 1144 iniquita-rm.

176 1163 234 1218 tem
257 1156 327 1218 edio
348 1153 458 1228 hebet,
482 1155 602 1234 ungitur
622 1164 652 1218 et
674 1154 808 1226 mittitur.
831 1163 865 1216 ut
885 1155 965 1218 idern
987 1156 1053 1237 ipse
1076 1166 1106 1219 et
1125 1157 1259 1220 existens
1279 1171 1309 1224 et
1327 1183 1399 1244 per·
1472 1167 1475 1172 '

173 1275 299 1320 manens
321 1273 409 1318 neree
430 1255 564 1320 mutabili
586 1267 718 1318 assumto
740 1265 892 1336 peecatum
921 1255 952 1318 in
982 1257 1047 1338 ipsu
1075 1259 1255 1324 condemnet
1281 1281 1403 1344 eumque

172 1359 279 1422 reddat
299 1358 432 1430 liberum,
454 1365 489 1417 nt
503 1355 577 1436 legis
592 1356 734 1420 iustitium
750 1357 849 1438 possit
868 1357 1012 1440 deinceps
1027 1360 1058 1422 in
1080 1361 1145 1441 ipss
1162 1361 1294 1442 implere.
1330 1363 1405 1426 ilino

171 1459 231 1522 ium
254 1459 323 1522 lioet
343 1459 456 1522 dioere:
478 1459 676 1522 uos-mres
697 1478 759 1522 sou
781 1464 814 1522 irs
836 1479 929 1524 orm
949 1463 1003 1526 ted
1023 1466 1057 1526 ἐκ
1079 1463 1202 1545 Spiritu
1224 1481 1347 1540 miuus,
1377 1473 1408 1530 ss·

173 1563 291 1643 peridem
311 1561 449 1642 Spiritus
472 1559 532 1622 uer
550 1560 665 1624 dubitat
687 1565 719 1624 r'tt
740 1561 840 1624 nobie.

258 1871 310 1932 52.
352 1867 474 1930 Fmsns
496 1865 605 1946 igitur,
627 1865 737 1938 Ariani,
761 1865 845 1928 robis
867 1865 1036 1930 huiusmodi
1059 1869 1165 1932 oborta
1187 1869 1320 1951 suspirio
1343 1881 1400 1947 eut¹

174 1970 285 2030 frustm
306 1967 523 2048 seripturarum
545 1968 635 2030 rerbn
655 1968 862 2048 praetenditis.
906 1967 1034 2034 Verbum
1057 1971 1136 2033 enim
1152 1971 1205 2034 Dei
1220 1972 1401 2036 immutabile

174 2077 223 2132 est
244 2087 420 2151 semperque
442 2069 580 2152 idemque
609 2077 673 2140 est.
706 2087 804 2148 neque
832 2069 862 2130 id
889 2069 946 2132 olio
973 2071 1064 2132 modo
1092 2088 1182 2151 qoem
1208 2072 1273 2153 ipse
1302 2075 1401 2138 Peter.

172 2172 307 2252 Alioquin
329 2173 480 2254 quomodo
503 2172 582 2234 illius
604 2179 685 2234 esset
706 2170 820 2241 simile.
855 2169 911 2233 nisi
941 2173 997 2234 tnle
1024 2170 1131 2235 ersetl
1174 2173 1232 2236 lut
1253 2176 1401 2253 quomodo

172 2276 282 2346 omnin,
304 2293 379 2353 quse
399 2272 497 2335 Putris
520 2283 600 2348 sunt,
622 2271 687 2334 Filii
710 2291 829 2352 quoqne
852 2283 961 2345 essent,
984 2275 1043 2338 nisi
1061 2273 1158 2336 Pstris
1181 2273 1402 2338 immutabilite-

173 2383 234 2437 tem
262 2373 411 2436 baberet?
455 2373 515 2434 Neo
544 2391 617 2435 vero
647 2372 735 2435 veluti
764 2373 880 2453 legibus
908 2373 1061 2436 subieotus
1095 2381 1146 2436 eut
1173 2375 1344 2437 ulterutram
1371 2376 1403 2437 in

175 2484 292 2556 portem
312 2473 451 2536 nerium
469 2474 531 2536 boo
551 2481 629 2536 umet
650 2482 680 2536 et
701 2475 770 2538 illud
792 2475 867 2550 odit,
890 2493 929 2538 ne
950 2475 1110 2538 corruendi
1125 2487 1207 2539 metu
1221 2476 1300 2538 eliud
1314 2495 1402 2558 quum

176 2581 314 2658 oportent
341 2575 533 2654 amplectatur
560 2585 646 2656 etque
674 2576 712 2640 ito
741 2595 846 2638 rursus
874 2577 928 2639 elis
957 2579 1081 2658 quedam
1114 2579 1230 2642 ratione
1252 2579 1402 2642 mutabilis

176 2675 341 2737 indnuntur.
387 2676 493 2738 Verum
515 2677 639 2740 utDeus
662 2690 701 2740 et'
714 2677 841 2742 Verbum
865 2677 960 2741 Putris
983 2680 1078 2742 iustus
1098 2689 1148 2743 ost
1169 2681 1257 2743 iudex
1278 2699 1400 2744 umens·

175 2795 234 2858 que
256 2777 373 2840 virtutis
395 2777 442 2838 rel
469 2776 570 2856 potios
599 2777 735 2840 virtutem
764 2780 890 2842 donans.
936 2781 1012 2854 Quin
1034 2799 1105 2862 ergo
1126 2791 1233 2846 nutum
1255 2783 1352 2846 iustus
1374 2795 1404 2846 et

175 2887 375 2954 sanctorem,
397 2879 508 2942 illelmo
530 2879 672 2941 iustitium
695 2881 818 2960 diligere
844 2891 875 2942 et
897 2881 1081 2960 iniquitatem
1103 2885 1172 2946 odio
1196 2884 1305 2948 bebere
1327 2885 1402 2948 dici-

176 2989 237 3051 tur,
260 2980 338 3058 qnod
359 2981 483 3060 perinde
503 2988 552 3042 est
573 2999 607 3042 se
621 2982 647 3042 si
666 2981 757 3052 dices,
780 2999 848 3042 enm
863 2982 1000 3043 homines
1015 2963 1123 3046 sirtme
1139 2985 1290 3064 praeditos
1303 2967 1403 3048 emere

178 3090 209 3143 et
230 3081 400 3155 admittere,
429 3083 558 3145 iniustos
587 3099 656 3143 vero
685 3081 828 3162 repellere
850 3091 881 3144 et
902 3083 1018 3157 odisso;
1047 3084 1127 3163 quod
1157 3085 1234 3145 idem
1261 3085 1298 3145 de
1319 3085 1405 3146 Putre

173 3191 321 3244 testentur
343 3183 456 3246 ditione
479 3185 663 3264 Soriptume:
699 3183 805 3246 lustros
827 3183 977 3247 Dominus
998 3197 1028 3249 et
1049 3189 1185 3250 toruum
1208 3185 1327 3259 tumre,
1358 3195 1405 3248 et:

178 3283 255 3347 Odio
278 3283 411 3348 luiuirts'
431 3303 534 3348 omme
556 3291 610 3368 qui
630 3291 741 3350 r'ru'usre
763 3300 872 3366 oprtet,
901 3293 946 3347 et:
979 3287 1091 3351 Portos
1112 3285 1189 3352 Sion
1212 3287 1324 3367 ortum
1356 3299 1406 3354 to·

175 3385 342 3447 ternomio
367 3397 469 3450 mrtem
498 3387 586 3451 locui
615 3405 677 3450 noe
705 3393 808 3468 eropus·
834 3389 926 3469 furit,
959 3397 1006 3452 et:
1038 3389 1129 3454 loeod
1148 3391 1268 3472 quidem
1288 3391 1404 3464 diruit,

178 3485 259 3548 Drort
281 3504 354 3550 vero
377 3490 445 3551 edio
469 3489 582 3552 lubuit.
629 3489 700 3550 item
728 3489 892 3552 seeundum
914 3489 1020 3552 lssism
1049 3485 1107 3550 rox'
1127 3487 1181 3552 Dei
1210 3499 1257 3552 est
1284 3509 1402 3556 rursum

176 3585 318 3650 dioentis:
341 3589 402 3670 Dpo
424 3606 491 3652 rom
512 3591 671 3665 Dominus,
695 3596 748 3673 por·
765 3595 914 3655 mutilium
936 3593 1027 3675 dilipo
1046 3604 1076 3657 et
1091 3597 1218 3674 rupium
1232 3595 1402 3677 iniquitatis

210 3909 233 3958 d.
251 3908 351 3968 Srprrer.
375 3901 526 3978 ἐλεύθερον.
569 3913 673 3962 reterns.
692 3913 715 3962 2.
741 3921 765 3964 el
849 3930 871 3978 g.
890 3915 931 3964 ste
947 3915 1047 3976 Segner.
1072 3914 1130 3976 lieu.
1155 3921 1178 3963 el
1195 3913 1299 3967 Fetcln.
1316 3915 1340 3966 b.
1374 3913 1404 3964 dl
1464 3913 1469 3919 ’

176 3977 232 4025 οιΙίιὶ
256 3969 422 4044 diruiupitur.
460 3981 502 4029 tlir
528 3995 584 4030 mss.
611 3971 762 4048 ἐλευθέραν.
815 3984 856 4032 olii
875 3991 899 4030 et
917 3981 972 4031 editi
990 3973 1039 4030 ἔτι.

176 4041 250 4093 l’nulu
271 4053 326 4108 post
353 4047 444 4104 boulir.
463 4047 534 4098 Dusil.
553 4057 576 4096 et
595 4048 763 4098 Felultmon.d.

175 4107 297 4180 πληροῦν
314 4105 343 4161 lv
360 4108 451 4182 luvrgi.

210 4197 232 4230 ν.
250 4185 290 4230 stc
308 4185 448 4244 urguerieu.
485 4183 563 4234 Ceteri
587 4197 642 4234 tero
667 4193 690 4234 et
706 4184 764 4234 editi

177 4239 254 4314 »iptio
272 4239 328 4297 otiu.

211 4317 222 4365 i
251 4317 292 4367 sic
310 4324 410 4380 ergoet.
445 4321 471 4368 lt
490 4319 547 4377 ileu.
565 4311 641 4369 tero
658 4309 703 4368 ciel
718 4327 764 4370 ete.
850 4319 865 4368 i.
885 4322 984 4378 Sepuer.
1000 4317 1097 4370 Gobler.
1116 4309 1405 4368 aristomenem

177 4381 238 4432 diditi
257 4379 439 4450 elriqrrelum
462 4379 499 4440 uir
523 4379 572 4440 tot.
609 4389 659 4436 llos
679 4389 765 4446 llopios
816 4379 949 4454 desipiet.
986 4386 1036 4434 lior
1063 4390 1161 4446 sepner
1190 4387 1245 4444 liep-
1264 4381 1353 4456 Angite-
1380 4388 1405 4428 0⁴

177 4451 249 4501 Dosil.
270 4453 390 4515 tnglrenn.
409 4455 547 4505 Detrimb.
571 4447 608 4508 uir
631 4446 762 4522 dmutip.
816 4453 961 4503 terreno.
979 4443 1118 4518 lplupuur.
1152 4450 1199 4498 Alii
1225 4456 1249 4496 et
1273 4449 1330 4495 edm
1348 4437 1405 4508 ἑμί-

177 4519 256 4570 Ceteri
275 4529 298 4570 st
316 4523 373 4572 edrti
390 4515 429 4576 uir
444 4515 543 4588 πατήρ.
817 4529 890 4578 upoe.
1393 4539 1398 4548 ·

850 4083 872 4132 b.
891 4081 933 4132 sic
955 4083 1095 4144 Segnerisn.
1131 4081 1159 4130 m
1183 4081 1239 4144 liep.
1265 4081 1362 4134 Golrlrr.
1381 4089 1405 4130 et

815 4151 953 4199 iste-trono.
969 4149 988 4198 l.
1005 4141 1051 4198 καὶ
1065 4143 1120 4218 γὰρ
1138 4143 1202 4215 περί
1244 4149 1304 4200 Editi
1323 4159 1346 4200 et
1364 4147 1405 4198 ulii

814 4211 861 4266 καὶ
878 4217 947 4284 περί.
