3176 5058
250 288 294 352 44
486 315 490 323 1
648 301 677 344 ι.
691 299 847 346 mum!
861 299 1084 346 ικσωττιισοτι

163 468 240 514 m
249 447 359 536 κίριος
372 448 586 566 αἱγενόμενσς
595 441 692 514 ιλιΗ
672 449 759 534 ημᾶς
787 443 970 532 ἄνθρωπος
994 449 1050 514 καί
1079 447 1177 530 σῶμα
1203 451 1349 566 φορίσας
1376 439 1473 514 οῦδὲν

247 537 345 638 ἦττον
366 553 406 636 ἦν
427 548 526 628 θεός
549 541 588 613 οῦ
609 546 671 634 γάρ
692 543 874 636 ἠλαττοῦτο
896 573 935 635 τη
920 549 1119 635 π”εριβολῇ
1133 549 1192 613 τοῦ
1209 545 1372 632 σώματος,
1389 541 1476 614 ἀλλὰ

247 651 450 735 καὶμᾶλλον
473 648 688 716 ἕθεοποιείτο
713 652 811 716 τοῦτο
833 651 888 716 καί
910 645 1082 716 ἀθάνατον
1105 643 1267 716 ἀπετέλει.

338 758 385 818 15.
428 745 531 816 Ἱκανά
551 751 611 839 μὲν
633 741 690 817 οῦν
712 753 816 818 ταῦτα
838 748 1104 838 στηλιτεῦσαι
1070 775 1129 835 την
1145 749 1271 836 αἵρεσιν
1285 751 1352 816 τῶν
1364 741 1475 834 Ἀρει-

249 852 347 916 ανιῦν.
391 854 445 916 καί
466 850 537 936 γάρ,
562 845 606 929 ὥς
628 846 647 917 5
668 851 780 938 κάριος
802 851 950 932 δέδωκεν,
974 849 1010 931 ἐξ
1030 839 1076 918 ὧν
1098 850 1208 937 ἔλεγον
1229 843 1325 916 αὐτοὶ
1346 848 1476 936 διηλέγ-

248 955 379 1037 χθησαν
408 947 617 1037 ἀσεβοῦντες,
647 959 728 1041 φέρε
750 952 789 1042 δή
810 951 867 1020 καὶ
887 948 982 1040 ἡμεῖς
1003 957 1229 1038 προτείνωμεν
1251 948 1306 1018 καὶ
1327 943 1475 1036 ἀπαιτή-

251 1073 360 1136 σωμεν
381 1051 435 1120 καὶ
457 1048 576 1133 αὐτοὺς
597 1051 865 1142 ἀποκρίνασθαι·
893 1051 1007 1139 καιρὸς
1028 1052 1090 1138 γάρ
1112 1052 1217 1132 ἐστιν,
1241 1047 1477 1138 ἀπορήσαντος

251 1146 381 1232 αὐτοὺς.
400 1152 434 1222 ἐν
464 1163 537 1234 τοϊς
570 1155 670 1235 ἰδίοις
699 1155 894 1242 ἐρωτᾶσθαι
922 1152 1042 1222 λοιπὸν
1068 1148 1146 1240 παρ’
1170 1148 1279 1240 ήμῶν·
1301 1150 1394 1236 ,τάχα
1411 1145 1475 1239 κάν

175 1319 179 1328 .
250 1251 355 1334 οῦτως
381 1255 595 1344 ἐντραπέντες
622 1253 859 1344 ἀναβλίιμωσιν
888 1252 972 1324 ὅθεν
999 1261 1185 1324 κατέπεσον
1208 1255 1241 1322 οἱ
1261 1252 1473 1342 κακόφρονες.

247 1355 305 1424 τόν
326 1355 399 1424 οἷόν
419 1362 478 1424 τοῦ
500 1362 584 1426 θεοῦ
605 1357 845 1448 μεμαθήκαμεν
868 1358 903 1426 ἐκ
923 1359 990 1424 τῶν
1011 1363 1117 1425 θείων
1134 1357 1280 1444 γραφιῦν,
1304 1350 1350 1433 ὡς
1371 1369 1475 1440 ’προ-

249 1463 395 1544 είπομεν,
419 1457 518 1527 αὐτόν
541 1455 627 1528 εἶναι
647 1459 705 1528 τόν
726 1459 823 1546 λόγον
845 1457 902 1527 καὶ
921 1457 980 1546 τήν
1002 1463 1126 1546 σοφίαν
1140 1459 1199 1524 τοῦ
1214 1454 1351 1542 πατρός.
1382 1450 1475 1538 ὃμὲν

248 1559 310 1647 γὰρ
338 1556 529 1640 ἀπόστολος
557 1581 656 1648 φησι·
685 1561 834 1647 Χριστὸς
863 1563 948 1628 θεοῦ
979 1558 1193 1644 δύναμιςκαὶ
1214 1560 1298 1626 θεοῦ
1321 1561 1474 1644 σοφία“)·

164 1655 270 1727 κατά
292 1662 329 1728 55
347 1657 496 1748 Ἰωάννης
518 1661 668 1750 είρηκιός·
691 1660 747 1730 καὶ
769 1656 787 1727 5
809 1660 906 1748 λόγος
924 1661 1007 1748 σάρξ
1021 1661 1156 1746 ἐγίνετο,
1180 1657 1341 1747 ἀπήγαγεν
1357 1651 1474 1735 εῦθός·

250 1760 307 1827 καὶ
328 1759 546 1844 ἐθεασάμεθα
568 1761 625 1849 τὴν
648 1763 746 1842 δόξαν
768 1757 879 1844 αότοῦ,
903 1763 1002 1844 δόξαν
1025 1757 1070 1841 ὥς
1090 1762 1286 1847 μονογενοῦς
1299 1757 1395 1844 παρὰ
1408 1783 1476 1826 πα·
1551 1763 1552 1766 ’

249 1863 335 1950 τρός,
359 1861 487 1948 πλήρης
506 1862 640 1948 χάριτος
661 1863 718 1930 καὶ
736 1859 949 1952 ἀληθείας’)·
973 1860 1033 1946 ὥς,
1057 1865 1116 1929 τοῦ
1138 1860 1236 1948 λόγου
1260 1857 1355 1939 όντος
1375 1882 1475 1944 μονα

249 1967 363 2052 γενοῦς
390 1963 479 2045 υἱοῦ,
514 1963 548 2030 ἓν
569 1989 605 2032 τε
626 1964 732 2051 τούτῳ
754 1968 801 2052 τῷ
824 1965 910 2052 λόγῳ
933 1964 1048 2052 καλτῇ
1071 1960 1177 2051 σοφίᾳ
1197 1964 1398 2050 γεγενῆσθαι
1418 1961 1473 2028 τόν

189 2128 193 2140 ,
249 2093 286 2136 τε
308 2061 446 2153 οὐρανόν
467 2067 522 2132 καὶ
543 2064 602 2154 τήν
617 2068 757 2159 γῆνκαὶ
779 2065 890 2134 πάντα
910 2064 953 2142 τὰ
974 2065 1009 2134 ἐν
1031 2060 1155 2144 αὐτοῖς.
1199 2067 1254 2130 καί
1275 2061 1397 2152 ταόιης
1418 2066 1474 2152 τῆς

250 2175 373 2256 σοφίας
394 2167 501 2255 πηγήν
523 2162 608 2236 εἶναι
628 2167 687 2234 τόν
708 2167 799 2250 θεόν,
824 2167 859 2236 ἒν
880 2170 927 2254 τῷ
942 2165 1075 2252 Βαροὺχ
1096 2164 1343 2252 μεμαθήκαμεν,
1368 2163 1475 2232 αἰτια-

249 2274 370 2349 θέντος
397 2273 456 2336 τοῦ
475 2264 617 2356 Ἰσραήλ,
648 2265 703 2337 ότι
729 2271 923 2357 ίγιατέλιπε
949 2268 1008 2356 τήν
1030 2267 1137 2356 πηγήν
1160 2270 1217 2353 τῆς
1239 2268 1402 2354 σοφίας’).
1446 2265 1476 2334 εί

247 2373 307 2459 μὲν
330 2363 387 2441 σῦν
410 2366 587 2458 ἀρνοῦνται
607 2371 650 2440 τὰ
671 2378 885 2459 γεγραμμένα,
910 2365 1055 2438 αὐτόθεν
1071 2364 1242 2456 ἀλλότριοι
1255 2370 1310 2435 καὶ
1323 2370 1384 2434 τοῦ
1401 2363 1475 2434 ἀνό-

248 2497 352 2556 ματος
386 2471 493 2552 ὄντες,
527 2474 656 2550 οἰκείως
688 2468 729 2540 ἀν
759 2475 914 2540 καλοῖντο
946 2471 1003 2538 καὶ
1024 2469 1118 2558 παρά
1138 2471 1275 2538 πάντων
1297 2466 1400 2537 ἀθεοι
1420 2467 1475 2536 καὶ

247 2571 479 2657 χριστομάχοι·
503 2569 589 2638 οῦτω
611 2571 673 2657 γὰρ
696 2573 831 2651 ἑαυτοὺς
854 2571 1074 2656 ἐπωνόμασαν
1095 2571 1152 2639 καὶ
1167 2567 1278 2638 αὐτοί·
1302 2570 1332 2638 εἰ
1347 2571 1383 2638 δὲ
1397 2593 1474 2654 σον-

251 2674 468 2756 ομολογοῦσιν
490 2669 569 2759 ἡμῖν
592 2667 678 2738 εἶναι
698 2672 912 2740 θεάπνεοστα
932 2672 975 2738 τὰ
996 2677 1054 2759 τῆς
1074 2676 1203 2761 γραφῆς
1225 2671 1366 2760 ῥήματα,
1394 2672 1472 2736 τολ-

249 2771 451 2897 μησάτφσαν
473 2776 624 2896 φανερῶς
646 2773 762 2858 εἰπεῖν,
787 2771 809 2839 5
829 2779 1052 2895 κεκρομμένως
1074 2777 1297 2902 φρονοῦσιν,
1290 2770 1342 2840 ότι
1355 2768 1471 2858 ἀλογος

250 2873 361 2941 1’καὶ’
347 2871 476 2962 άσοφος
498 2877 536 2962 ήν
559 2870 577 2942 5
600 2872 683 2954 θεός
704 2898 804 2957 ποτε,
833 2874 888 2942 καὶ
908 2881 1064 2960 μανέντες
1087 2877 1244 2944 εἴπωσιν·
1278 2865 1316 2964 ἦν
1340 2870 1395 2942 ὅτε
1416 2867 1474 2940 οῦκ

249 2965 298 3065 ἢν,
331 2975 388 3044 καὶ
407 3002 490 3098 πριν
511 2980 710 3066 γεννηθῆναι
738 2971 796 3044 οῦκ
816 2967 856 3064 ἦν
879 2973 897 3044 ό
919 2976 1084 3065 Χριστός
1113 2977 1216 3044 πάλιν
1238 3002 1275 3044 τε
1296 2970 1475 3064 ἀποφηνά-

249 3084 389 3147 σθωσαν
415 3077 473 3166 τὴν
500 3079 607 3168 πηγήν
635 3079 680 3169 μή
709 3081 745 3162 ἐξ
773 3082 890 3167 ἑαυτῆς
910 3084 1133 3168 γεγεννηκέναι
1153 3078 1211 3167 τήν
1234 3085 1375 3167 σοφίαν,
1403 3071 1471 3144 ἀλλ’

249 3181 374 3261 ἔξωθεν
397 3181 514 3270 ἑαυτῆς
534 3185 716 3270 κεκτῆσθαι
737 3181 874 3269 ταύτην,
898 3181 954 3248 ἵνα
975 3179 1031 3248 καὶ
1052 3179 1262 3268 τολμήσωσιν
1286 3179 1411 3248 εἰπεῖν·
1438 3177 1476 3257 ἐξ

248 3278 305 3350 οῦκ
327 3281 432 3351 όντων
453 3290 582 3368 γέγονεν
606 3280 624 3348 5
647 3285 727 3362 υἱός.
772 3287 871 3348 τοῦτο
900 3281 961 3366 γὰρ
984 3275 1042 3348 οῦκ
1064 3281 1113 3348 ότι
1134 3280 1241 3368 πηγὴν
1262 3280 1384 3368 ταύτην
1407 3281 1475 3348 δεί-

247 3407 369 3462 κνυσιν,
394 3378 479 3448 ἀλλά
499 3408 575 3449 τινα
598 3382 715 3448 λάκκον
727 3379 841 3467 ὥσπερ
858 3381 983 3460 ἔξωθεν
998 3378 1086 3468 ῦόωρ
1102 3382 1255 3470 λαβόντα,
1279 3387 1475 3472 κεχρημένον

248 3485 294 3567 τῷ
317 3477 457 3564 &hm
478 3484 535 3568 τῆς
557 3485 672 3568 πηγῆς.

337 3589 385 3649 16.
422 3577 573 3667 Ὃσηςμ
576 3572 697 3650 ἑνοῦν
721 3578 911 3667 ἀσεβείαςί
913 3583 969 3650 στὶ
989 3587 1086 3651 τοῦτο
1108 3585 1243 3706 μεστόν,
1268 3581 1387 3652 οόόένα
1407 3586 1477 3650 τῶν

249 3677 308 3770 κάν
330 3689 487 3770 βραχεῖαν
508 3683 708 3768 αἲσθησινί
706 3683 832 3767 χόντων
855 3678 1118 3772 ἀμφιβάλλειν“
1099 3691 1250 3773 ηγοῦμαι.
1297 3685 1413 3773 ἐπειδὴ
1437 3687 1477 3754 δὲ

247 3783 505 3869 τονθορύζοντες
527 3785 691 3870 λέγουσιν,
725 3779 871 3870 ὀνόματα
891 3785 993 3869 μόνον
1018 3782 1103 3855 εἶναι
1123 3791 1183 3854 τοῦ
1205 3789 1278 3855 οἱοῦ
1301 3788 1398 3874 λόγος
1419 3786 1478 3854 καὶ

248 3893 362 4006 σοφία,
386 3880 562 3971 ἀναγκαῖον
585 3886 751 4007 ἕρωτησαι
768 3885 921 3966 τούτους·
944 3883 1011 3955 εἷ’
995 3887 1142 3972 ονόματα
1162 3889 1265 3973 μόνον
1285 3889 1357 3958 ἐστὶ
1370 3890 1478 3956 ταῦτα

247 3991 306 4053 τοῦ
333 3988 423 4067 ολσῦ,
454 3977 605 4064 ἄλλος’
583 4012 624 4053 αν
652 3982 751 4066 αάτὸς
779 3989 828 4076 ε’ίη
851 3988 944 4073 παρὰ
965 3992 1078 4056 ταῦτα.
1123 4016 1179 4056 και
1171 3989 1231 4058 εί
1252 3992 1312 4075 μὲν
1333 3991 1477 4076 βελτίων

248 4087 321 4155 ἐστὶ
340 4091 407 4154 τῶν
430 4083 610 4172 ὀνομάτων,
634 4083 693 4172 οάχ
715 4085 808 4155 ὅσιον
831 4089 865 4157 ἐκ
886 4092 962 4182 τῶν.
975 4089 1157 4158 ἐλαττόνων
1171 4091 1229 4161 τὸν
1244 4095 1399 4179 βελτίονα
1414 4113 1478 4177 ση-

246 4195 446 4274 μαίνεσθαι·
475 4189 504 4256 εί
533 4191 569 4256 δὲ
598 4190 741 4258 ἐλάττων
768 4190 840 4258 ἐστὶ
867 4194 934 4256 τοῦτ
957 4185 1141 4276 ὀνομάτων,
1172 4191 1308 4272 πάντως
1330 4191 1477 4276 ἔχεικαὶ

247 4289 305 4377 τήν
327 4289 436 4356 αἰτίαν
458 4295 515 4378 τῆς
537 4290 595 4360 ἐπὶ
616 4292 654 4360 τὸ
675 4293 809 4362 κάλλιον
832 4297 1066 4380 προςηγορίας·
1089 4297 1187 4360 τοῦτο
1210 4297 1246 4362 δὲ
1268 4294 1372 4363 πάλιν
1387 4316 1476 4380 προ-

318 4512 341 4573 l)
361 4513 381 4566 l·
400 4517 452 4568 eor.
476 4519 496 4584 1,
516 4519 565 4607 ²⁴¹,
609 4519 650 4578 ’2)
670 4520 734 4569 Ιοτιι.
756 4519 778 4579 l,
800 4519 837 4567 14.
908 4517 933 4576 3)
951 4517 1003 4568 Βοτ.
1024 4517 1047 4580 3,
1069 4516 1107 4567 12.
