3220 5046
132 299 135 306 ⁴
230 255 295 320 218
634 271 660 316 ε.
675 271 830 314 ιτιιικιειι
843 271 1068 316 ιτιτιτειεοοει

142 371 152 400 λ

22 415 25 422 ’
143 413 497 506 ακοούκάλλότριύν·
509 417 582 486 ἐστι
602 413 741 488 τοιαῦτα
763 419 868 504 λέγειν
888 445 924 487 τε
945 421 999 486 καί
1015 421 1166 506 φρονεῖν·
1189 413 1283 498 άπαξ
1294 417 1356 503 γὰρ
1371 417 1463 486 πλά-

230 544 349 602 σαντες
376 519 509 600 ἑαυτοῖς
537 518 573 602 ἐξ
599 513 658 588 οῦκ
679 517 783 588 όντων
805 517 888 588 θεὸν
909 519 965 588 καὶ
986 519 1118 588 κτιστὸν
1140 516 1228 599 υἱόν,
1263 515 1463 599 ἀκολούθως

164 651 168 658 ’
229 619 277 702 ὥς
299 619 485 710 ἁρμόζοντα
505 627 691 708 κτίσματι·
698 619 741 689 τὰ
759 624 900 690 τοιαῦτα
910 645 968 690 και
958 620 1155 702 συνέλεξαν
1171 619 1307 700 δαυτολς
1315 619 1458 746 ρήματα.

231 723 348 812 ἐπειδὴ
378 725 414 792 δέ
440 723 536 846 πρὸς
553 722 631 804 τοῦς
658 717 729 791 ἀπὸ
750 724 809 810 τῆς
830 721 1001 812 ἐκκλησίας
1023 721 1261 807 διαμαχόμενοι
1281 725 1337 790 καί
1359 717 1460 790 ἀκού-

231 849 324 906 οντες
344 822 423 912 παρ’
446 820 555 894 αὐτῶν
576 824 737 912 περὶτοῦ
759 819 924 914 ἀληθινοῦ
945 823 1002 892 καὶ
1021 823 1126 909 μόνον
1142 823 1241 911 λόγου
1254 827 1315 892 τοῦ
1329 805 1519 910 πατρὸς

119 946 122 956 ·
230 931 371 996 τοιαῦτα
390 931 468 1014 περί
490 922 593 994 τούτου
574 930 823 1017 φθέγγεσθαι
836 928 995 1012 τολμῶσι,
1018 932 1070 1006 τίς
1083 924 1202 992 τούτου
1217 948 1278 994 του
1261 923 1460 1012 δόγματος

230 1018 434 1117 μιαρώτερον
455 1023 497 1097 ἀν
518 1029 606 1112 602,-
637 1035 689 1107 τίς
709 1026 836 1096 τούτων
856 1030 911 1096 καὶ
933 1032 946 1070 ⁵
953 1051 1055 1113 μονον
1078 1023 1220 1107 ἀκούων,
1248 1021 1310 1116 κᾷν
1330 1026 1377 1115 μὴ
1399 1023 1461 1095 ἀν-

150 1137 157 1143 ’
187 1121 193 1128 ’
229 1131 368 1218 τιλέμειν
389 1129 543 1219 δύνηται,
566 1125 607 1197 ού
628 1130 827 1217 ταράττεται
848 1129 904 1197 καὶ
924 1129 983 1216 τὴν
1005 1123 1105 1218 ἀκοὴν
1129 1124 1341 1210 ἀποκλείσει,
1369 1131 1460 1216 ξενι-

231 1232 364 1354 ζόμινος
391 1227 442 1320 ἀφ’
468 1228 520 1312 οἷς
540 1231 677 1300 λέκείνοί
703 1257 740 1300 τε
759 1233 900 1298 λαλοῦσι
920 1230 977 1298 καὶ
998 1225 1099 1311 αάτὸς
1120 1234 1243 1298 καινῶν
1265 1225 1377 1300 ἀκούει
1398 1232 1472 1320 ῥη-

228 1333 359 1421 μάτων,
389 1333 529 1418 ἐχόντων
551 1327 696 1402 αὐτόθεν
717 1327 813 1401 κάλ’
794 1328 852 1401 ἀπ’
877 1327 977 1419 αύτῆς
999 1336 1058 1422 τῆς
1079 1336 1258 1421 προφορᾶς
1278 1332 1337 1419 τὴν
1357 1323 1460 1420 βλας-

229 1443 376 1526 φημίανς
402 1434 489 1506 εἰ
453 1460 515 1524 γαρ
536 1434 679 1521 τρεπτὸς
699 1438 754 1502 καί
777 1429 1010 1518 ἀλλοιούμενός
1026 1429 1148 1532 έστιν“
1131 1457 1149 1500 ο
1164 1433 1270 1520 λόγος,
1293 1438 1379 1502 ιποί
1392 1433 1460 1523 δρα

161 1615 169 1622 ,
230 1537 395 1628 στήσεται,
418 1535 475 1606 καὶ
495 1546 596 1605 ποῖον
619 1531 720 1605 αύτοῦ
742 1535 782 1604 τὸ
803 1535 937 1614 τέλος”
919 1559 1014 1603 εσται
1033 1527 1093 1624 τῆς
1114 1531 1361 1619 ἐπιδόσεως,·”
1339 1563 1360 1624 η
1382 1539 1459 1616 πῶς

230 1635 346 1726 ὅμοιος
377 1641 425 1727 τῷ
459 1633 611 1726 ἀτρέπτῳ
646 1637 664 1704 6
693 1637 835 1726 τρεπτὸς
864 1631 950 1705 εἶναι
979 1636 1170 1724 δονήσεταις
1203 1641 1278 1718 πῶς
1300 1634 1376 1706 66‘
1358 1661 1378 1704 ο
1398 1637 1458 1706 τὸν

228 1740 371 1830 τρεπτὸν
399 1739 553 1826 ἑωρακὼς
574 1737 806 1826 ἑωρακέναι
773 1762 832 1806 τον
854 1736 1019 1825 ἄτρεπτον
1042 1745 1206 1824 νομίσειεν
1213 1769 1223 1822 ;
1258 1739 1291 1807 έν
1313 1747 1399 1828 ποίη
1420 1740 1459 1808 δὲ

230 1841 296 1930 ἀρα
323 1841 380 1912 έάν
408 1847 542 1929 γένηται
567 1839 782 1920 καταστάσει,
813 1839 988 1929 δυνήσεταί
1007 1865 1060 1920 τις
1080 1839 1138 1907 τὸν
1160 1846 1290 1928 πατέρα
1311 1841 1345 1909 έν
1368 1837 1458 1929 αύτῷ

228 1948 365 2033 βλέπειν
372 1973 384 2027 ,·
418 1945 517 2032 δῆλον
543 1941 606 2029 γάρ
635 1937 680 2022 ὦς
709 1938 767 2009 οὐκ
789 1935 843 2010 ἀεί
863 1966 914 2021 τις
937 1939 1060 2027 ὄψεται
1081 1940 1115 2010 ἐν
1138 1937 1226 2030 αύτῷ
1248 1942 1306 2010 τὸν
1328 1949 1459 2030 πατέρα

230 2046 287 2116 διά
307 2045 347 2114 τὸ
368 2040 422 2113 ἀεὶ
443 2050 632 2132 τρέπεσθαι
653 2043 710 2110 τὸν
732 2043 804 2110 υἱὸν
826 2041 882 2110 καὶ
904 2037 1141 2132 ἀλλοιουμένης
1163 2039 1262 2113 αὐτὸν
1285 2039 1372 2113 εἶναι
1394 2045 1459 2135 φύ-

230 2171 323 2228 σεως.
368 2143 387 2214 6
408 2149 468 2232 μὲν
490 2146 551 2274 γὰρ
574 2145 684 2234 πατὴρ
707 2144 872 2233 ἀτρεπτος
893 2150 947 2213 καί
971 2141 1210 2228 ἀναλλοίωτος,
1235 2145 1307 2215 οκαὶ
1328 2143 1381 2216 ἀεὶ
1401 2151 1466 2232 καὶ,

228 2247 384 2331 ωςαύτως
396 2249 479 2374 ἔρρει
492 2252 546 2317 καὶ
570 2245 588 2314 6
611 2242 710 2326 αύτός
732 2242 873 2328 ἐστιν,“
856 2271 875 2312 ο
897 2248 933 2314 δὲ
948 2246 1064 2327 υίδς’
1035 2273 1064 2316 ει
1077 2273 1139 2316 κατ
1136 2243 1307 2330 ἐκείνους
1317 2249 1458 2336 τρεπτδς

145 2370 221 2416 μιν).
229 2355 283 2420 καί
308 2347 366 2420 ούκ
377 2345 441 2419 ἀεὶ
463 2347 481 2418 6
503 2345 620 2431 αύτός,
650 2343 763 2418 ἀλλ”
744 2348 797 2416 αεὶ
825 2344 1060 2438 ἀλλοιουμένης
1083 2348 1216 2438 φύσεώς
1238 2351 1318 2432 ἐστι,
1342 2375 1416 2431 πως
1437 2375 1456 2418 ο

229 2455 382 2530 τοιοῦτος
405 2452 499 2519 είκὼν
521 2455 580 2520 τοῦ
602 2450 731 2534 πατρὸς
754 2445 840 2518 εἶναι
862 2449 1010 2533 δύναται,
1034 2446 1093 2520 ούκ
1115 2451 1245 2536 ἔχων
1211 2477 1251 2519 το
1267 2449 1386 2538 ὅμοιον
1400 2457 1459 2543 τῆς

231 2549 412 2638 ἀτρεψίας,·
446 2555 520 2630 πῶς
541 2553 578 2620 δὲ
599 2554 654 2617 καὶ
678 2549 765 2630 ὅλως
785 2550 820 2618 έν
841 2553 888 2637 τῷ
911 2552 1051 2637 πατρί
1037 2576 1154 2635 εστιν,
1167 2549 1354 2644 ἀμφίβολον
1376 2554 1458 2638 {xm

189 2679 192 2711 ι
230 2652 289 2742 τὴν
311 2649 541 2740 λπροαίρεσινς
574 2650 658 2736 τάχα
686 2654 798 2720 δὲκαὶ
820 2652 963 2739 τρεπτὸς
985 2647 1204 2722 ιάνκαὶκα6’
1227 2652 1348 2745 ἡμέραν
1369 2679 1457 2741 προ-

229 2752 364 2822 κόπτων
393 2751 489 2821 οῦπω
515 2752 641 2832 τέλειός
667 2753 766 2822 ἐστιν.
811 2748 924 2841 ἀλλ’ἢ
953 2756 1013 2838 μὲν
1034 2758 1170 2847 τοιαύτη
1192 2761 1257 2826 τιῦν
1274 2751 1457 2843 Ἀρειανῶν

231 2856 377 2940 οἰχέσθω
397 2852 510 2937 μανία,
533 2851 553 2942 ἡ
575 2857 612 2923 δὲ
634 2849 779 2978 ἀλήθειά
800 2857 959 2941 λαμπέτω
980 2856 1037 2926 καλ
1058 2859 1215 2927 δεικνύτω
1235 2857 1371 2939 τούτους
1389 2885 1458 2928 πα·
1553 2923 1560 2936 ,

229 2961 487 3048 ραφρονοῦντας.
532 2961 606 3038 πιῦς
637 2956 700 3046 γὰρ
734 2953 770 3025 οῦ
804 2959 931 3038 τέλειος
951 2955 991 3026 ⁸6
1025 2955 1098 3038 ἶσος
1129 2964 1221 3048 666,-
1260 2956 1378 3050 ἢπῶς
1399 2957 1458 3030 ούκ
1493 3013 1497 3020 ·

229 3057 394 3147 ἀτρεπτος
416 3055 434 3126 6
455 3059 539 3145 μετὰ
559 3063 630 3128 τοῦ
641 3057 771 3180 πατρὸς
792 3054 880 3127 δν
849 3085 895 3126 ων
916 3064 970 3128 καί
992 3065 1050 3147 τῆς
1072 3057 1187 3142 ούσίας
1209 3058 1346 3142 ἰ’διος
1318 3089 1365 3130 ων
1384 3062 1456 3141 υίὸς

229 3156 351 3245 αύτούς
382 3165 442 3250 τῆς
471 3163 506 3230 δὲ
534 3157 651 3241 ούσίυς
671 3164 730 3228 τοῦ
753 3159 882 3246 πατρὸς
903 3160 1003 3251 ούσης
1025 3147 1205 3250 ἀτρέπτου,
1229 3161 1394 3288 ἀτρεπτον
1416 3159 1455 3232 ἀν

230 3263 280 3352 ε’ίη
313 3263 370 3331 καὶ
401 3263 440 3329 τὸ
468 3263 505 3342 ἐξ
531 3259 632 3382 αύτῆς
659 3262 747 3329 ἰ’διον
768 3268 919 3350 γέννημα.
963 3263 1014 3331 ι*εἰ
1036 3265 1072 3331 δὲ
1093 3263 1211 3332 τούτου
1234 3262 1340 3346 οῦτως
1361 3262 1456 3344 δντος

229 3367 288 3431 τοῦ
318 3363 416 3450 λόγου
444 3363 571 3448 τροπὴν
600 3360 882 3448 καταψεύδονται,
914 3370 1178 3448 μανθανέτωσαν
1199 3371 1267 3433 ποῦ
1290 3361 1454 3436 τούτωνδ

230 3462 328 3549 λόγος
349 3461 538 3530 κινδυνεύει.
570 3461 661 3530 ίκ
625 3486 686 3548 γαρ
709 3467 768 3530 τοῦ
789 3468 924 3592 καρποῦ
941 3469 995 3533 καί
1018 3467 1057 3532 τὸ
1073 3469 1207 3588 δένδρον
1228 3467 1454 3555 Ιἐπιγινώσκε-

228 3583 301 3631 ται·
325 3536 382 3630 διὰ
403 3565 499 3629 τοῦτο
522 3560 616 3629 καί
599 3587 617 3630 ο
640 3563 846 3651 ἑωρακὼς
813 3589 870 3633 τον
892 3566 964 3634 υἱὸν
986 3567 1110 3657 ἑώρακε
1130 3569 1188 3637 τὸν
1210 3573 1378 3658 πατέρα’),
1402 3571 1454 3637 καί
1563 3609 1567 3616 .

230 3691 251 3754 η
272 3689 332 3732 του
354 3665 428 3731 υἱοῦ
449 3667 570 3750 γνῶσις
590 3668 711 3751 γνῶσίς
732 3666 805 3736 έστι
825 3671 885 3736 τοῦ
908 3669 1044 3757 πατρός.
1121 3680 1124 3684 ’

317 3773 367 3836 36.
417 3759 541 3834 Οάκοῦν
564 3761 702 3836 ἀναλλοί
688 3775 788 3848 ίωτος
808 3796 827 3858 η
816 3764 946 3838 ἐίκών
968 3774 1038 3838 τοῦ
1050 3767 1216 3857 ἀτρέπτου
1231 3767 1355 3840 θεοῦ”
1331 3759 1375 3852 ανΙ
1388 3771 1453 3860 εί’·η

144 3865 146 3868 ’
226 3863 349 3960 Ἰησοῦς
370 3866 432 3954 γάρ
453 3868 602 3952 Χριστὸς
619 3872 703 3954 χθὲς
724 3873 779 3939 καὶ
802 3869 944 3960 σήμερον
966 3868 985 3940 6
1007 3866 1107 3952 αὐτὸς
1127 3874 1182 3940 καὶ
1205 3873 1253 3953 είς
1273 3872 1352 3953 τοὺς
1375 3872 1455 3941 αἰῶ-

300 4025 324 4084 λ)
342 4025 408 4076 loun.
429 4026 469 4086 14,
487 4025 510 4077 6.

263 4178 285 4213 ι.
304 4163 404 4241 Βερηετ.
422 4153 457 4210 τά
475 4163 569 4212 omittit.
605 4163 679 4214 Ριοίο
697 4171 754 4227 οτι
770 4158 819 4211 καί
902 4164 1335 4244 ο.8εςοει.ίίο61ει·.εί6ιί·.1ιω
1351 4165 1373 4214 1.
1391 4155 1456 4212 ἐκεῖ·

228 4239 283 4282 unte
302 4219 448 4285 ἀκούοντες
459 4229 542 4280 deest
537 4246 560 4280 ιο
570 4230 639 4308 ῦηίιί.
648 4231 783 4282 etFelckm.
794 4233 815 4280 1.
865 4243 911 4280 νοι
928 4226 1049 4287 λαλοῦσι,
1067 4225 1114 4280 καὶ
1131 4223 1214 4286 αύτῦς
1229 4230 1324 4281 κενῶν.
1354 4232 1452 4290 Βεςαετ.

262 4299 286 4350 b.
303 4299 405 4362 Segne!
426 4290 515 4366 μόνον
538 4289 654 4350 ἀκούων.
688 4299 814 4348 Βιείίλεοτ.
867 4299 924 4349 ibid.
943 4289 1059 4347 ἀκούων.
1097 4301 1176 4351 Ceteri
1195 4309 1219 4347 ει
1226 4300 1293 4377 ,ιδίιί
1312 4290 1411 4346 ἐκεῖνοί
1427 4306 1455 4344 τε

227 4367 347 4430 λοςίίειυ.
373 4367 431 4431 fleg.
449 4375 472 4418 τι
490 4366 595 4416 λἐΙιΙιω.
614 4367 637 4416 6.
654 4358 765 4446 μόνον,
785 4367 816 4415 ii·
865 4360 976 4414 λαλοῦσι
992 4379 1038 4414 και
1055 4357 1138 4422 αὐτὸς
1153 4363 1257 4416 καινοῦν
1273 4357 1373 4414 ἀκούει.

227 4435 330 4500 demque
362 4450 415 4485 eum
450 4435 520 4484 editis
552 4433 665 4483 οιοίιισοί
696 4423 811 4481 ἀντιόων.
900 4435 923 4483 ί.
947 4436 988 4485 Sic
1014 4439 1115 4497 seguer.
1143 4436 1199 4496 ίίες.
1223 4433 1296 4490 Βτείί.
1314 4431 1405 4494 λορίίο.
1431 4437 1455 4482 τι

226 4502 326 4564 Smer.
345 4503 404 4554 ibid.
422 4495 545 4552 δύναται.
865 4501 970 4554 ίεΙελαι.
989 4503 1013 4552 6.
1049 4505 1078 4554 λι
1095 4503 1135 4553 ulii
1153 4510 1178 4553 ιι
1194 4501 1252 4553 edili
1269 4497 1360 4552 ποῖον.
