3102 5042
519 263 628 312 omnio
645 267 684 311 tr.
700 268 816 312 noerae
830 269 965 316 temnas.
1268 259 1328 324 ont

105 419 147 482 hii
171 417 222 480 hie
250 435 430 498 corporeum
457 416 677 498 intelligendum
706 426 764 480 eet
807 418 920 498 Nempe
946 439 1013 482 mos
1041 429 1086 484 eet
1114 423 1228 487 diuinae
1249 425 1416 492 sni-m

105 529 225 602 pturae,
249 537 294 590 ea,
316 537 392 599 quae
414 537 504 600 supra
526 519 677 584 hominem
701 527 780 590 suut,
802 520 932 584 humano
955 540 1038 584 more
1061 525 1166 586 eiserre
1187 535 1217 588 et
1237 528 1331 608 signi·

104 625 207 684 ficare.
251 620 328 683 ttiae
355 620 392 682 de
412 621 568 682 rcrcauoms
597 621 641 684 eie
667 621 812 701 taquam:
847 622 957 686 Martae
986 634 1055 686 tom
1081 627 1285 705 sermatiae
1306 641 1334 692 et

102 725 405 804 somniumne,
436 731 466 786 et
487 723 597 788 aenae
618 743 683 786 mea
704 725 778 803 [ecit
801 725 870 787 iaee
893 729 1009 798 omer'a,
1040 735 1070 790 et
1091 727 1161 808 ipre
1182 729 1353 793 amatote·

102 838 133 890 et
158 837 263 888 ereata
284 837 367 890 met.
413 823 530 888 Scilicet
560 825 713 905 aptissime
735 825 850 904 singula
874 826 1010 900 denotat,
1039 847 1106 890 eum
1129 837 1158 892 et
1180 829 1226 900 id,
1256 831 1335 910 quad

101 927 172 990 Fiiii
195 926 352 1006 proprium
375 934 405 988 et
426 943 602 1006 gamanam
624 935 679 1000 eet,
702 927 854 1007 exprimit,
878 935 908 988 et
928 946 977 990 res
999 937 1113 991 mestas
1134 929 1247 1014 indicat
1267 951 1336 996 esse

103 1028 286 1108 incoepisse.
330 1027 405 1094 Nato
426 1028 481 1090 hes
503 1028 621 1108 quidem
644 1027 712 1090 iacit
739 1037 770 1090 et
791 1037 886 1102 meet,
915 1028 1022 1092 titium
1049 1039 1146 1094 eutem
1175 1051 1212 1094 ex
1234 1032 1335 1114 seipso

105 1129 236 1192 Verbum
258 1139 289 1190 et
310 1129 487 1208 sapientiam
507 1129 609 1208 gignit.
655 1128 762 1191 Uterus
779 1130 857 1191 enim
880 1140 909 1193 et
930 1150 983 1193 cnr
1003 1132 1160 1212 proprium
1182 1144 1213 1197 et
1234 1153 1335 1198 terum

107 1234 200 1294 tetum
222 1230 398 1310 significant
442 1229 595 1310 Siquidem
623 1248 679 1294 nos
707 1249 809 1292 verum
837 1232 928 1294 ictum
957 1232 1149 1312 producimus
1178 1253 1214 1296 ex
1236 1247 1334 1310 utero,

107 1352 200 1414 opere
223 1342 321 1394 autem
344 1350 433 1393 manu
456 1331 611 1394 efficimus.

194 1437 247 1500 28.
292 1433 370 1506 Quid
392 1433 483 1500 velint
503 1432 607 1512 igitur,
636 1433 787 1512 inquiunt,
816 1433 987 1501 huiusmodi
1013 1435 1103 1500 verbe
1131 1449 1201 1500 aute
1225 1439 1334 1519 incise-

111 1535 208 1598 runt?
250 1533 366 1608 Quibus
389 1553 444 1614 ago
466 1534 586 1615 quidem
607 1535 831 1618 responderim,
854 1537 882 1598 si
903 1537 987 1599 hisce
1007 1537 1107 1600 verbis
1129 1549 1200 1601 ante
1223 1538 1334 1620 incise-

111 1657 182 1702 ruat
203 1637 265 1700 eius
286 1636 451 1700 mirabilem
473 1656 509 1702 ex
524 1637 612 1700 ttarta
635 1648 733 1700 ortum
756 1638 913 1718 significari
935 1647 1051 1719 putent,
1074 1639 1243 1720 complures
1259 1641 1332 1704 aiios
1455 1620 1461 1632 ”

109 1751 175 1804 ante
198 1740 306 1802 sideris
329 1749 426 1804 ortum
450 1740 541 1802 titisse
563 1740 688 1819 genitos.
734 1740 811 1814 Quid
827 1739 915 1821 igiutr
930 1741 979 1803 hic
998 1741 1191 1804 admiratione
1213 1743 1419 1822 dignumnoee.

106 1842 249 1916 occurrit,
272 1841 322 1904 ubi
345 1850 443 1904 tamea
465 1840 554 1902 veluti
577 1840 735 1922 singularis
758 1851 787 1904 et
809 1829 935 1923 insignis
951 1841 1075 1905 alicuius
1090 1842 1134 1906 rei
1156 1843 1190 1906 nt
1210 1845 1333 1918 tuentio,

104 1963 175 2008 urm
196 1943 228 2006 id
249 1942 385 2023 plurimis
407 1944 445 2013 sit
467 1941 648 2018 commune?
692 1943 804 2006 Deinde
826 1944 905 2008 aliud
927 1955 972 2007 eet
993 1945 1131 2025 gignere,
1158 1944 1236 2008 eliud
1259 1945 1334 2008 edu·

104 2065 187 2110 cere.
232 2045 303 2108 Nam
327 2045 446 2125 gignere
469 2045 600 2124 incipere
623 2053 670 2107 est
690 2045 799 2124 aliquid
820 2064 996 2126 procreare,
1020 2048 1145 2110 educere
1167 2055 1265 2110 sutem
1286 2047 1334 2111 ni·

103 2148 147 2210 hil
177 2145 255 2210 eiiud
285 2157 346 2220 est,
380 2166 469 2228 quem
496 2146 575 2228 quod
603 2146 661 2208 ism
690 2147 791 2209 existit
817 2149 994 2228 producere.
1039 2148 1183 2222 Quocirca
1214 2149 1239 2210 ei
1263 2149 1336 2210 haee

104 2249 199 2314 dictio
223 2250 259 2312 ed
282 2269 392 2330 eorpus
414 2251 553 2320 retertur,
576 2248 729 2310 sciendum
746 2256 792 2310 est
807 2267 873 2312 eunt
889 2267 949 2310 noa
967 2257 1036 2312 tuac
1053 2248 1131 2328 gigni
1154 2249 1333 2328 incoepisse,

105 2370 174 2416 cum
197 2361 285 2414 nocte
306 2351 477 2432 pasteribus
499 2349 694 2412 annunciatus
718 2359 778 2422 est,
812 2350 864 2411 sed
888 2368 955 2412 cum
975 2349 1103 2428 Angelus
1126 2347 1162 2409 ed
1185 2348 1334 2429 Virginem

108 2462 157 2516 est
178 2452 305 2516 lontrina.
350 2452 434 2516 Tunc
455 2460 554 2516 eutem
578 2451 723 2530 temporie
744 2469 804 2512 nox
826 2470 887 2512 non
910 2457 982 2526 erat,
1005 2451 1120 2514 numid
1142 2451 1334 2514 nondictum

111 2553 168 2625 eit,
192 2563 223 2614 at
243 2571 300 2616 nox
321 2562 399 2628 met,
430 2572 497 2618 cnm
520 2571 555 2626 er
577 2561 663 2616 utero
685 2553 805 2634 prodiit.
848 2553 880 2616 id
903 2552 1086 2616 discriminis
1108 2553 1173 2635 ipse
1197 2553 1336 2616 moereat

56 2711 59 2722 .
111 2654 281 2734 Scriptura,
308 2675 384 2736 qnae
411 2655 541 2735 primam
562 2654 682 2734 quidem
704 2653 863 2734 significat,
892 2673 961 2717 curn
987 2673 1055 2718 eum
1077 2663 1145 2717 ente
1167 2655 1334 2720 Luciferam
1455 2677 1458 2687 ·

109 2757 241 2836 genitum
263 2741 344 2830 dicit,
367 2757 493 2826 aiterum
513 2775 584 2822 vero
606 2756 725 2830 indicat,
747 2775 814 2818 cnm
837 2757 947 2822 exitum
970 2777 1005 2819 ex
1027 2765 1113 2820 utera
1129 2755 1270 2829 nominat,
1293 2757 1335 2821 uti

108 2859 230 2920 Psalmo
251 2857 398 2938 vigesimo
423 2857 520 2938 pritno
541 2857 682 2921 habetur:
714 2858 755 2921 Ta
783 2877 814 2920 ee
843 2863 895 2940 qui
921 2861 1089 2966 egitanien
1106 2875 1153 2920 me
1175 2877 1215 2920 ea
1235 2870 1335 2922 utero.

112 2959 268 3024 Praeterea
289 2959 507 3028 observandum
528 2969 575 3022 eet
595 2958 705 3022 dictum
727 2978 788 3022 nou
810 2979 893 3022 esse:
916 2968 983 3022 aute
1007 2971 1104 3022 orutm
1119 2959 1258 3031 Luciferi,
1282 2959 1334 3021 sed

116 3065 228 3122 tautum
249 3072 317 3126 aute
338 3063 525 3143 Luciferum.
570 3061 655 3124 Unde
681 3061 706 3124 si
729 3055 913 3142 decarpere
939 3061 1024 3127 iocus
1052 3061 1101 3123 hio
1128 3060 1335 3138 intelligendus

118 3168 179 3234 est,
207 3179 328 3226 neceam
350 3172 397 3228 est
418 3182 528 3244 eorpus
549 3149 617 3226 ante
638 3163 779 3226 ddautum
801 3163 911 3237 inisse,
941 3181 1007 3224 eoru
1036 3170 1104 3224 ante
1126 3161 1269 3222 adamum
1291 3160 1334 3221 si·

113 3261 184 3324 ders
206 3264 377 3328 erudierint.
420 3265 473 3330 Vel
500 3273 580 3328 certe
608 3253 746 3344 guiduam
768 3263 840 3328 heac
861 3262 1007 3342 significet
1026 3263 1115 3326 dictio
1137 3261 1334 3341 indagandum

110 3364 200 3428 nobie
222 3377 278 3428 est.
321 3366 354 3432 ld
375 3386 447 3434 eane
468 3385 629 3447 possumus
650 3386 668 3430 a
687 3367 799 3430 Ioanne
821 3366 953 3440 discere,
976 3365 1016 3428 ita
1039 3365 1069 3428 in
1091 3363 1265 3445 Apocalypsi
1286 3362 1334 3426 le·

110 3476 237 3546 quente:
267 3467 327 3549 iipc
356 3488 426 3534 earn
444 3469 542 3550 ttpte
564 3480 592 3533 et
615 3470 724 3549 Omepo
745 3473 910 3548 ciprianus
933 3488 966 3530 tte
988 3471 1172 3531 nooieetiaaa
1195 3477 1224 3529 et
1242 3469 1336 3548 prt'a-

83 3645 86 3651 ,
109 3574 224 3649 erptiam
245 3589 280 3632 ae
301 3571 382 3650 puis.
426 3571 526 3640 suu,
549 3574 602 3652 gui
622 3569 753 3634 diiotuat
774 3581 870 3634 uestes
892 3587 985 3641 tuoe,
1008 3580 1043 3632 ut
1065 3572 1106 3632 eit
1123 3578 1264 3650 potestas
1285 3585 1337 3630 eo-
1428 3613 1432 3626 ,

109 3689 183 3734 ruet
204 3675 240 3733 ire
260 3669 340 3749 iigoo
363 3675 442 3739 vitoe
465 3682 494 3736 et
511 3679 571 3753 ger
588 3683 700 3753 portat
727 3675 843 3736 intrent
870 3675 903 3733 ia
933 3676 1090 3736 ciuitatem.
1135 3669 1225 3732 Foris
1249 3689 1337 3732 canet

108 3785 138 3836 et
159 3772 302 3854 venefici,
326 3782 513 3846 scortatores
534 3784 563 3836 et
584 3773 745 3838 homicidae
767 3782 797 3835 et
817 3772 998 3836 idololatrae
1020 3783 1048 3834 et
1071 3776 1167 3836 omnis
1190 3774 1242 3852 qui
1261 3772 1339 3852 satit

143 3961 160 4008 i.
190 3957 305 4020 Sioiieg.
331 3959 429 4022 Segoet.
447 3959 520 4011 Bteii.
538 3968 561 4010 et
579 3960 701 4022 ingiicsn.
752 3959 913 4019 Testamenti,
933 3959 972 4024 qni
991 3959 1111 4018 eteddit,
1135 3966 1161 4008 ut
1178 3957 1291 4020 Vulgata.
1309 3949 1339 4007 ir

107 4031 133 4077 tit
153 4025 198 4076 aiii
218 4032 241 4074 et
258 4027 314 4076 editi
333 4019 361 4074 ot‘
377 4018 495 4093 tuipsa.
751 4025 790 4092 τῷ
808 4018 904 4094 αἵματι
923 4025 972 4074 τοῦ
990 4017 1097 4092 ἀρνίου,
1116 4027 1338 4090 ineanpaioeigai.

142 4109 165 4156 g.
189 4094 246 4154 Reg.
265 4104 289 4143 et
305 4095 404 4156 Seguer·
426 4096 463 4147 hie
480 4103 504 4146 et
522 4103 576 4144 ente
594 4086 609 4153 ἢ
628 4085 699 4162 ἀρχῆ
751 4095 795 4144 Atii
819 4109 874 4146 tero
894 4095 977 4146 Graeci
1004 4097 1099 4144 codices
1111 4094 1171 4143 'noti
1190 4093 1337 4144 Testamenti

108 4163 206 4212 addunt
222 4156 283 4217 eat,
309 4163 373 4227 quod
392 4163 433 4213 eiii
458 4171 481 4212 et
505 4163 561 4212 editi
579 4165 698 4214 emittunt.
752 4177 809 4214 msa.
837 4171 860 4213 et
888 4165 945 4212 editi
972 4163 1061 4214 habeut
1085 4154 1113 4210 ai
1128 4159 1272 4214 ποιοῦντες
1288 4151 1338 4208 τὰς

109 4229 163 4280 idon
192 4244 250 4280 mse
275 4244 361 4286 omnes
385 4244 438 4280 cnm
458 4231 562 4280 editione
581 4230 698 4280 Commei.
750 4222 859 4286 ἐντολὰς
877 4223 971 4287 αὐτοῦ,
990 4233 1030 4296 qui
1048 4233 1136 4291 faciunt
1145 4237 1267 4294 praecepta
1279 4227 1336 4298 eiusr

109 4289 138 4346 οἱ
154 4290 338 4354 πλατύνοντες
355 4291 403 4352 τὰς
413 4291 510 4352 στολὰς
520 4289 617 4348 αὐτῶν,
643 4299 698 4347 Edi·
751 4297 842 4348 ibidem
866 4300 922 4362 Reg.
947 4309 970 4348 et
989 4299 1087 4360 Segner.
1107 4287 1152 4344 iva
1170 4289 1255 4344 ἔσται.
1291 4287 1335 4338 titt

111 4367 144 4414 tio
173 4365 250 4416 Paris.
278 4375 301 4416 et
327 4367 413 4418 Coton.
437 4359 465 4414 oi
485 4360 630 4419 πλύνοντες
652 4359 700 4420 τὰς
751 4355 783 4414 i'u’
802 4359 887 4418 ἔσται.

112 4427 468 4500 naturamnaturaim
486 4437 632 4486 etotateuat.
660 4435 700 4484 Sic
785 4435 807 4484 h.
826 4436 867 4485 Sic
885 4450 943 4486 met.
962 4448 1016 4484 etrtn
1035 4433 1139 4508 editione
1158 4421 1273 4506 §ommi-
1309 4421 1337 4470 di

112 4503 184 4554 etiem
209 4503 281 4554 iniret
300 4517 343 4556 nte.
363 4503 437 4556 cadet
455 4503 628 4554 Alexandrinus
646 4503 699 4553 uoti
751 4500 824 4552 editio
843 4503 917 4552 Paria.
936 4491 1172 4552 eructuatum
1191 4484 1276 4546 totio.
