3014 5050
486 264 718 310 torismundo
735 267 931 312 ssonrronmr.
1251 260 1309 322 741
1394 279 1398 288 ·

3 433 4 448 ¹
86 419 156 480 dem
178 415 252 480 lidos
275 423 330 478 εει
375 413 463 488 Quod
485 413 512 476 si
533 415 578 478 uti
599 433 665 489 ros,
688 415 818 496 'tropici
845 419 1004 484 commenti
1027 421 1111 494 estio,
1133 421 1255 485 nonita
1278 441 1397 488 sonore

3 541 4 544 ¹
85 537 137 581 res
160 517 259 592 babet,
283 515 345 589 sed,
369 522 402 578 ut
425 515 610 591 somniastis,
633 515 761 596 Spiritus
786 529 905 583 sanctus
927 539 977 584 res
1000 531 1098 584 creata·
1121 541 1137 584 o
1158 523 1243 588 robis
1264 525 1312 588 di-

2 649 3 654 *
85 622 178 694 citur,
208 620 266 682 ism
287 636 348 679 non
371 635 429 680 una
451 624 499 680 ost
519 617 594 680 fides
618 626 732 694 rostra,
762 637 823 690 non
852 639 942 684 unum
972 622 1137 703 baptisma,
1167 625 1220 688 sed
1243 627 1313 703 duo,

2 726 3 734 ’
86 740 179 784 uuum
202 719 317 782 sedicet
336 718 367 780 in
389 718 507 782 Patrem
530 717 701 794 etlilium,
725 719 802 784 eliud
825 715 1036 804 iu'dngelum,
1065 724 1116 805 qui
1144 745 1196 789 res
1217 736 1315 792 creata

85 831 151 894 εει,
173 820 307 900 nihilque
320 821 387 906 jam
408 820 494 882 vobis
516 820 650 894 firmum,
672 821 748 884 nibil
769 841 872 884 verum
894 825 1084 903 superluerit
1130 828 1212 901 Quae
1234 830 1315 894 enim

2 937 5 968 '·
87 921 258 994 communio
285 922 365 984 inter
392 937 455 984 rom
482 922 587 984 iactam
617 929 647 984 ot
676 921 741 984 cius
771 915 966 988 cllectorem'l
1008 927 1062 988 Vol
1091 947 1165 1008 quao
1186 932 1314 997 societas

2 1037 3 1048 ¹
89 1025 168 1087 inter
189 1043 238 1086 ros
261 1023 419 1088 interiores
443 1031 557 1087 creatas
579 1031 610 1086 ει
630 1023 769 1098 Verbum,
792 1043 889 1105 aquo
912 1025 1072 1106 productae
1094 1029 1186 1094 sunt?
1229 1034 1317 1100 Certo

2 1151 3 1170 ι
91 1127 196 1189 beatus
218 1126 338 1199 Paulus,
361 1125 412 1205 qui
433 1125 489 1187 ista
511 1125 633 1188 minimo
655 1125 819 1206 ignorabat,
841 1145 903 1190 nou
926 1135 1025 1218 utros
1041 1128 1217 1194 Trinitatem
1238 1135 1315 1198 diri-

2 1244 3 1280 t
90 1229 142 1304 dit,
166 1228 220 1290 sed
242 1227 306 1289 cius
329 1226 471 1290 unitatum
493 1227 658 1290 luculenter
679 1227 775 1302 docet,
797 1247 864 1292 cum
886 1229 923 1292 do
945 1229 1263 1310 spiritualibusrebus
1278 1234 1316 1298 ad

2 1325 7 1379 ‘r
88 1329 260 1392 Corinthios
283 1326 388 1390 scribit
410 1335 440 1392 et
461 1328 562 1392 omnia
583 1329 620 1392 ad
642 1347 733 1392 unum
755 1328 849 1393 Deum
869 1330 987 1394 Patrem
1011 1339 1147 1412 tanquam
1170 1333 1206 1398 od
1228 1343 1403 1416 caputrmo.

2 1451 6 1487 t
89 1433 147 1492 hoe
169 1439 254 1510 pacto
277 1429 405 1493 reducit:
428 1429 600 1494 Divisioner
622 1449 696 1494 vcro
718 1437 890 1511 pretiorum
912 1444 999 1504 sunt,
1021 1435 1099 1496 idem
1120 1445 1221 1498 autom
1242 1435 1316 1518 Spi-

90 1537 180 1603 ritus,
204 1544 233 1595 ct
255 1521 417 1594 debitioncs
439 1535 703 1596 ministrationum
724 1542 804 1602 sunt,
828 1533 905 1595 idom
920 1547 1020 1598 ontcm
1035 1535 1195 1612 Dominus,
1218 1547 1248 1602 ct
1269 1539 1317 1601 di·
1390 1551 1395 1562 ·

1 1679 3 1691 .
90 1637 221 1698 visiones
246 1636 456 1712 operationum
479 1642 566 1703 runt,
596 1633 673 1696 idcm
694 1650 768 1695 vcro
790 1633 889 1708 Doris,
918 1637 971 1716 qni
991 1645 1139 1716 operatur
1162 1641 1262 1702 omnio
1283 1643 1317 1704 in

1 1758 2 1783 t
90 1735 237 1796 omnibus.
284 1733 367 1804 Quae
389 1733 468 1794 onim
490 1732 620 1813 Spiritus
644 1733 769 1812 singulis
791 1732 952 1807 distribuit,
976 1745 1010 1798 ea
1032 1736 1150 1799 ol'atro
1171 1755 1226 1818 per
1239 1739 1315 1800 ller-

89 1835 159 1898 bum
183 1825 297 1896 dantur.
342 1831 415 1896 Nom
439 1833 548 1906 omnia,
573 1853 647 1912 ques
668 1833 767 1895 Patris
790 1843 870 1908 sunt,
895 1844 965 1897 sunt
986 1837 1056 1898 item
1078 1837 1155 1912 Filii,
1178 1840 1256 1902 undo
1271 1858 1316 1914 ea,

90 1955 165 2015 quoe
187 1955 203 1997 a
225 1934 301 1996 Filio
331 1935 359 1995 in
385 1934 496 2018 Spiritu
519 1935 642 2008 dantur,
672 1953 741 1998 rora
770 1943 842 1998 sunt
870 1935 965 2000 Patris
994 1957 1128 2002 munera.
1174 1939 1317 2006 Similiter

90 2056 157 2100 cnm
180 2036 309 2118 Spiritus
331 2035 362 2098 in
385 2035 473 2098 nobis
497 2044 559 2108 est,
584 2035 722 2109 Verbum,
745 2055 843 2118 aquo
867 2037 948 2100 illum
970 2039 1149 2120 recipimus,
1176 2041 1209 2104 in
1228 2041 1316 2106 uobis
1356 2041 1366 2052 ⁸

91 2139 181 2202 etiem
203 2149 258 2212 est,
281 2145 311 2200 et
333 2137 362 2199 in
378 2135 475 2200 Verbo
499 2144 546 2197 cst
567 2155 685 2216 quoquo
699 2136 798 2210 Pater,
820 2147 909 2216 atquo
925 2139 965 2200 ita
987 2141 1021 2202 lit
1042 2139 1136 2202 istud:
1163 2139 1316 2204 Venimnnr

90 2259 143 2322 epo
167 2251 195 2303 et
217 2239 310 2303 Potor
332 2249 362 2300 ot
382 2241 569 2302 mansionem
591 2239 673 2317 opnd
694 2257 761 2300 curn
781 2239 943 2315 snm'cmus,
974 2239 1016 2300 uti
1045 2239 1104 2300 iarn
1126 2238 1236 2302 dictum
1257 2249 1315 2304 ost.

90 2343 145 2405 Ubi
170 2343 248 2403 enim
271 2341 319 2402 lux
343 2345 400 2410 cst,
424 2337 482 2400 illic
504 2344 533 2398 ει
555 2335 698 2416 splendor
719 2355 839 2416 quoquc
861 2345 919 2410 est,
942 2337 991 2400 ubi
1014 2339 1084 2402 item
1103 2339 1244 2420 splendor
1258 2347 1316 2415 εει,

1 2491 2 2494 ,
90 2444 131 2505 ibi
160 2439 296 2503 similiter
323 2447 353 2500 et
380 2437 444 2502 cius
473 2437 629 2500 ellioicntiu
657 2446 687 2499 ot
716 2437 869 2517 splendida
898 2445 945 2502 est
975 2439 1076 2518 gratia.
1122 2439 1210 2514 Quod
1235 2441 1317 2506 idem

90 2543 198 2604 Paulus
227 2541 257 2603 in
287 2539 416 2604 secundo
447 2539 573 2620 epistola
595 2539 767 2602 Corinthios
797 2539 844 2602 bis
866 2539 964 2604 verbis
987 2531 1089 2606 docet:
1120 2543 1228 2608 Grotio
1248 2544 1316 2609 Do·

92 2648 168 2707 mini
187 2647 291 2707 nostri
311 2643 381 2706 loru
405 2641 520 2706 Obrirti
539 2653 567 2704 ct
597 2645 709 2704 caritot
732 2640 792 2704 lici
817 2652 845 2703 et
876 2647 1103 2708 communicatio
1124 2650 1226 2708 smtcti
1243 2643 1317 2725 Spi-

92 2749 174 2810 ritus
197 2750 238 2809 sit
261 2763 328 2808 cnm
350 2745 485 2808 omnibus
508 2743 603 2805 codis.
649 2741 746 2804 Gratia
768 2741 845 2806 eoin
869 2753 898 2806 et
920 2743 1040 2826 donum,
1064 2745 1146 2824 quod
1166 2743 1198 2808 in
1212 2744 1315 2810 Triui-

1 2901 2 2908 ,
92 2845 276 2918 moriatur,
311 2844 396 2906 dator
417 2863 433 2904 ε
454 2844 542 2906 Patre
565 2861 618 2922 per
639 2841 745 2904 Filium
767 2843 798 2903 in
821 2843 934 2924 Spiritu
956 2853 1068 2908 sancto.
1113 2843 1186 2908 Nam
1208 2864 1315 2925 quont-

1 3001 2 3010 ,
92 2945 251 3008 admodum
279 2964 314 3006 er
336 2945 423 3006 Patro
451 2961 505 3024 per
531 2943 637 3006 Filium
666 2943 753 3006 datur
781 2947 890 3023 gratia,
919 2946 960 3008 ita
987 2945 1018 3008 in
1046 2945 1133 3009 nobis
1161 2946 1227 3008 lieri
1254 2963 1342 3008 non*

1 3105 2 3110 ,
92 3053 193 3127 potest
214 3043 285 3108 doni
306 3043 533 3106 communicatio
555 3043 613 3108 nisi
635 3043 666 3106 in
681 3045 795 3124 Spiritu
814 3055 928 3110 sancto.
972 3046 1067 3108 lluius
1083 3043 1230 3124 siquidem
1244 3059 1316 3125 par·

1 3205 2 3226 ,
93 3147 198 3227 ticipes
220 3145 317 3208 eliccti
338 3145 434 3208 Petris
457 3145 618 3219 ceritatem,
639 3145 704 3208 Silii
726 3145 849 3228 gratiam
871 3155 901 3208 et
922 3147 1016 3226 ipsius
1031 3145 1158 3226 Spiritus
1180 3164 1316 3213 commu·

91 3249 270 3312 nicationem
292 3245 447 3310 babemus.

178 3551 229 3614 31.
272 3547 385 3611 Eritis
407 3549 497 3628 igitur
519 3567 577 3612 una
593 3547 746 3612 Trinitatis
767 3548 922 3614 efficientia
944 3565 1012 3610 csso
1033 3490 1211 3616 ostenditur.
1256 3547 1317 3610 Noc

89 3651 170 3714 onim
193 3650 310 3712 divorsa
338 3658 368 3710 et
395 3649 488 3713 divisa
514 3649 577 3713 dari
606 3670 623 3714 o
649 3649 775 3730 singulis
804 3649 950 3729 significat
977 3647 1156 3728 Apostolus,
1189 3648 1244 3710 sed
1271 3667 1316 3722 ea,

90 3745 167 3831 quae
190 3752 313 3822 dantur,
335 3749 366 3810 io
388 3749 531 3814 Trinitete
554 3751 633 3826 dari,
657 3752 814 3830 omniaque
837 3769 873 3812 ex
896 3768 956 3812 uno
978 3749 1039 3811 lieo
1062 3763 1141 3812 osso.
1185 3748 1236 3811 llic
1259 3748 1316 3828 igi·

92 3935 235 3986 intermedir
251 3943 315 3985 snut
351 3934 465 3984 ibidrrt.
485 3929 499 3982 d
518 3929 677 4000 εειεπατῆρ
730 3935 754 3985 2.
773 3942 796 3985 ct
820 3934 876 3984 odit.
895 3935 1012 3986 Commel.
1037 3947 1118 3985 rocem
1144 3925 1224 3998 ripario
1245 3933 1319 3986 ornit-

92 4005 165 4054 Bosll.
185 4019 228 4053 ms.
249 4013 272 4053 ct
290 4003 346 4052 editi
365 4003 485 4052 omittunt.
628 4003 631 4010 '
731 4010 791 4052 tunt.
834 4003 930 4052 Goblsr.
956 4011 979 4051 ct
1002 4003 1098 4052 Fclctm
1121 4001 1142 4050 1.
1167 4015 1239 4051 enon.
1264 4007 1322 4064 post

128 4085 148 4120 ε.
168 4073 207 4122 Sic
226 4071 282 4132 neg.
303 4079 326 4121 et
349 4071 450 4132 signer.
491 4069 552 4121 liditi
576 4083 632 4118 roro
656 4075 680 4118 et
731 4067 798 4118 droti
822 4069 912 4119 oddnnt
935 4063 981 4117 καὶ
1006 4060 1111 4136 πατρός
1129 4076 1152 4118 ει
1168 4077 1225 4132 post
1241 4059 1320 4116 nord·

92 4139 133 4188 olii
151 4134 198 4186 καί
214 4141 338 4200 omittunt
583 4179 591 4194 ,
730 4137 892 4202 bectoritum
913 4129 961 4197 εἴη.

129 4207 145 4254 l.
163 4207 203 4256 Sir
221 4209 277 4268 lter.
300 4209 400 4268 sepner.
425 4203 522 4258 Goblor.
546 4212 570 4254 ει
595 4203 681 4254 Felolt·
766 4219 788 4266 g.
807 4199 1320 4280 Siclieg.l.ettiusdoblmtiolclpmd.

94 4275 175 4322 manni
189 4275 210 4324 t.
245 4280 352 4324 Attamen
366 4274 389 4323 bi
408 4273 455 4322 duo
474 4273 551 4324 ultimi
569 4274 682 4322 omittunt
732 4287 804 4321 anon.
838 4262 1290 4324 dliiautometoditilnidiooori.

94 4336 185 4394 πάλιν,
205 4325 285 4394 αὖθις
302 4351 325 4391 ει
341 4337 394 4392 καί.
429 4341 474 4390 dlii
489 4349 516 4390 ει
539 4339 595 4390 editi
614 4329 681 4388 oini-
765 4341 790 4388 n.
809 4339 863 4402 liep.
886 4339 907 4400 l,
926 4340 1024 4403 Soguor.
1048 4349 1072 4389 ot
1089 4337 1178 4399 duplic
1198 4331 1227 4382 ri
1247 4325 1321 4382 διδό-

95 4403 192 4460 oroior
215 4401 353 4456 διδάσκων
369 4401 499 4472 ἔγραψεν.
536 4408 622 4470 ltcpius
640 4421 680 4455 sc·
732 4419 825 4471 μενον.
866 4404 1205 4470 duodeuicesima.
1231 4403 1322 4455 babent

95 4474 188 4540 condus
211 4465 341 4542 ἔγραφεν.
376 4477 467 4526 lbrdmn
484 4475 557 4530 Bosil.
576 4475 682 4526 l'olclor.
733 4473 800 4526 droti
818 4465 884 4526 loro.
919 4475 963 4528 tut
981 4482 1005 4528 ot
1023 4473 1080 4526 editi
1098 4467 1164 4524 droti
1180 4457 1242 4551 flet.
