3176 5058
214 339 256 404 86
612 355 636 396 s.
653 353 808 396 ιτσιιιιτυ
822 351 1045 398 mmmmm

129 521 205 564 υιοο.
278 502 313 571 ἐκ
340 500 468 592 φωτός,
497 498 585 568 θεὸν
612 494 772 588 ἀληθινὸν
795 498 829 566 ἐκ
850 503 933 568 θεοῦ
957 494 1134 587 ἀληθινοῦ,
1157 505 1370 588 γεννηθέντα,
1399 497 1441 568 οὐ

277 607 482 690 ποιηθέντα,
507 597 684 686 ὁμοοόσιον
705 604 752 688 τῷ
773 608 886 687 πατρί,
910 596 956 668 δι’
982 591 1021 667 οῦ
1043 601 1084 669 τά
1106 601 1218 669 πάντα
1238 601 1373 687 ἐγένετο,
1396 601 1440 670 τά

129 723 206 767 mo.
277 703 371 772 τείν
393 705 440 788 τῷ
463 695 591 790 οὐρανῷ
612 704 683 768 Ικαὶ
706 700 748 768 τά
770 701 803 769 έν
824 705 864 790 τῇ
886 705 937 790 γῇ,
959 701 1017 768 τὸν
1039 697 1088 769 δι’
1112 699 1198 791 ἡμᾶς
1214 701 1291 783 τοὺς
1305 697 1441 788 ἀνθρώ-

279 828 367 883 πους
394 806 448 870 καί
478 803 534 871 διὰ
561 802 619 890 τὴν
641 798 798 892 ἡμετέραν
821 810 986 890 σωτηρίαν
1007 803 1214 871 κατελθόντα
1233 807 1288 871 καὶ
1310 828 1440 890 σαρκω-

280 911 401 985 θέντα,
425 904 763 993 ι’ὐνανθρωπησαντα,
792 904 968 986 παθόντα,
997 908 1052 972 καί
1075 900 1261 973 ἀναστάντα
1283 909 1322 994 τῇ
1343 901 1440 994 τρίτῃ

281 1002 400 1095 ἡμέρᾳ,
431 1001 614 1074 ἀνελθόντα
642 1006 689 1085 είς
712 999 884 1091 οὐρανούς,
913 1010 967 1074 καὶ
990 1005 1162 1093 ἐρχόμενον
1184 1017 1293 1091 κρῖναι
1316 1007 1442 1089 ζῶντας

280 1111 335 1175 καί
358 1108 494 1194 νεκρούς.
532 1111 586 1176 καί
609 1105 656 1187 είς
677 1107 734 1174 οτό
756 1103 850 1192 άγιον
872 1111 1011 1192 πνεῦμα.
1048 1108 1126 1186 τοὺς
1148 1108 1184 1175 δὲ
1206 1111 1376 1194 λέγοντας·
1398 1098 1441 1194 ἦν

280 1235 365 1277 ποτε
386 1205 442 1278 ὅτε
463 1205 521 1277 οὐκ
541 1200 591 1296 ἦν,
614 1217 685 1277 καί·
708 1212 788 1296 πρὶν
809 1212 1008 1298 γεννηθῆναι
1030 1203 1088 1277 οὐκ
1101 1200 1150 1296 ἦν,
1173 1208 1229 1276 καί
1252 1205 1305 1276 ότι
1325 1208 1361 1290 έξ
1381 1205 1441 1276 οὐκ

280 1309 383 1380 όντων
416 1311 555 1398 ἐγένετο,
589 1306 610 1398 ἢ
638 1311 674 1392 ἐξ
701 1311 814 1397 ἑτέρας
835 1307 1051 1389 ὑποστάσεως
1072 1303 1093 1399 ἢ
1115 1305 1230 1389 οὐσίας
1252 1309 1443 1398 φάσκοντας

280 1408 365 1481 εἶναι
396 1407 417 1501 ἢ
448 1412 580 1480 κτιστὸν
607 1407 792 1499 ἢτρεπτὸν
821 1406 842 1500 ἢ
865 1407 1047 1478 ἀλλοιωτὸν
1076 1410 1134 1478 τὸν
1162 1409 1234 1478 υίὸν
1261 1415 1320 1478 τοῦ
1342 1414 1439 1492 θεοῦ,

279 1509 538 1598 ΙΙἀναθεματίζει
558 1509 577 1602 ἦ
600 1513 762 1601 καθολικὴ
785 1513 945 1596 ἐκκλησία.

302 1625 331 1682 5.
377 1618 445 1682 Καὶ
475 1614 513 1700 δὴ
541 1612 661 1702 ταύτης
688 1617 747 1702 τῆς
773 1618 903 1703 γραφῆς
931 1610 987 1681 ὐπ’
1012 1609 1121 1682 αὐτῶν
1143 1610 1439 1702 ὐπαγορευθείσης,

218 1714 313 1794 ὅπως
345 1716 473 1802 είρηται
493 1711 625 1794 ἀὐτοῖς
656 1714 695 1780 τὸ
725 1715 758 1782 ἐκ
786 1719 844 1802 τῆς
871 1711 987 1796 οὐσίας
1014 1719 1072 1783 τοῦ
1101 1715 1228 1800 πατρὸς
1256 1719 1309 1782 καί
1331 1715 1370 1782 τὸ
1392 1718 1442 1803 τῷ

219 1820 324 1902 πατρὶ
347 1812 534 1900 όμοοόσιον,
559 1811 616 1882 οὐκ
639 1810 852 1896 ἀνεξέταστον
874 1813 988 1896 αὐτοῖς
1009 1815 1316 1901 ’κατελιμπάνομεκ
1362 1815 1442 1885 έπε-

219 1915 379 2004 ρωτήοεις
400 1920 573 2003 τοιγαροῦν
594 1919 648 1983 καὶ
671 1911 863 2003 ἀποκρίσεις
878 1918 1031 1986 ἐντεῦθεν
1046 1913 1262 1999 ἀνικινοῦντο,
1286 1917 1441 2004 έίίασάνι-

220 2018 271 2099 ζέν
293 2043 330 2085 τε
352 2012 370 2082 ό
392 2015 487 2103 λόγος
508 2016 565 2104 τὴν
588 2017 738 2085 διάνοιαν
759 2021 825 2086 τῶν
847 2018 1032 2107 εἰρημένων,
1055 2022 1110 2087 καί
1133 2019 1171 2106 δὴ
1193 2018 1232 2086 τὸ
1255 2019 1289 2087 ίκ
1310 2023 1369 2106 τῆς
1385 2015 1443 2087 οὐ·

220 2124 296 2197 σίας
329 2113 551 2206 ιὡμολογεῖτο
584 2118 670 2207 πρὸς
699 2114 807 2188 αὐτῶν
836 2118 1015 2208 δηλωτικὸν
1044 2116 1130 2188 εἶναι
1156 2124 1214 2186 τοῦ
1244 2120 1279 2186 έκ
1298 2121 1360 2204 μέν
1380 2123 1440 2188 τοῦ

218 2219 347 2307 πατρὸς
369 2214 462 2301 εἶναι,
486 2216 525 2288 οὐ
545 2221 609 2308 μὴν
632 2217 677 2301 ιῦς
696 2227 797 2307 μέρος
818 2217 976 2307 ὑπάρχειν
998 2225 1056 2288 τοῦ
1078 2221 1214 2309 πατρός.
1259 2221 1381 2310 ΙΙταύτῃ
1404 2224 1442 2290 δὲ

219 2324 273 2388 καί
301 2317 381 2409 ἡμῖν
402 2321 509 2392 ἐδόκει
528 2324 637 2402 καλῶς
659 2323 742 2407 ἔχειν
765 2328 1072 2409 συγκατατίθεσθαι
1093 2326 1132 2410 τῇ
1156 2324 1286 2410 διανοίᾳ
1307 2326 1367 2412 τῆς
1388 2317 1443 2392 εὐ-

220 2427 337 2508 σεβοῦς
359 2426 581 2505 διδασκαλίας,
603 2423 871 2511 ἀπαγορευούσης
892 2422 927 2491 έκ
947 2426 1007 2490 τοῦ
1029 2423 1157 2510 πατρὸς
1179 2417 1264 2491 εἶναι
1285 2423 1342 2491 τόν
1357 2425 1441 2505 υἱόν,

221 2518 258 2589 οὐ
280 2524 344 2610 μὴν
365 2532 464 2610 μέρος
486 2522 586 2592 αὐτοῦ
608 2529 665 2614 τῆς
688 2521 802 2604 οὐσίας
823 2523 1007 2611 τυγχάνειν·
1030 2525 1148 2611 διόπερ
1170 2528 1209 2612 τῇ
1233 2526 1365 2613 διανοίᾳ
1385 2528 1441 2592 καὶ

222 2617 315 2690 αὐτοὶ
338 2627 616 2710 ὶσυνετιθέμεθα,
640 2621 677 2692 οὐ
701 2626 737 2693 δέ
758 2625 816 2712 τὴν
839 2625 952 2714 φωνὴν
972 2629 1032 2694 τοῦ
1055 2621 1234 2711 ὁμοουοίου
1255 2625 1439 2712 παραιτοῦ-

221 2747 325 2808 μενοι,
348 2727 406 2790 τοῦ
428 2730 486 2812 τῆς
508 2725 634 2813 εἰρήνης
656 2729 783 2793 σκοποῦ
805 2726 873 2812 πρὸ
896 2722 1083 2816 ὀφθαλμῶν
1105 2722 1184 2815 ἡμῖν
1204 2733 1358 2813 κειμένου,
1379 2727 1435 2791 καί

221 2827 280 2890 τοῦ
301 2824 346 2911 μὴ
368 2829 426 2913 τῆς
449 2822 553 2914 ὀρθῆς
575 2826 725 2894 ἐκπεσεῖν
748 2828 905 2908 διἀνοίας.
952 2847 954 2854 ·
999 2865 1003 2872 ·

203 2970 210 2987 ι
306 2933 335 2995 6.
379 2927 476 2996 Κατὰ
500 2927 542 2996 τὰ
571 2927 654 2996 αὐτά
684 2929 720 2997 δέ
748 2932 802 2996 καί
832 2929 871 2996 τὸ
898 2936 1097 3017 γεννηθέντα
1117 2932 1171 2996 καί
1194 2923 1232 2995 οὐ
1253 2933 1442 3017 ποιηθέντα

220 3027 476 3115 κατεδεξάμεθα,
500 3029 614 3119 ἐπειδὴ
636 3030 676 3098 τὸ
698 3032 844 3119 ποιηθὲν
864 3031 975 3100 κοινὸν
990 3031 1153 3120 Ιιίφασκεν
1169 3025 1254 3098 εἶναι
1268 3030 1443 3118 πρόςρημα

219 3133 286 3198 τῶν
317 3133 447 3200 λοιπῶν
478 3132 665 3218 κτισμάτων
696 3135 762 3200 τῶν
791 3131 848 3200 διὰ
872 3135 932 3200 τοῦ
954 3133 1027 3200 υἱοῦ
1048 3137 1244 3219 γενομένιον,
1279 3121 1325 3198 ὧν
1347 3125 1441 3198 οὐδέν

222 3227 338 3316 ίίμοιον
370 3234 453 3317 ἔχειν
484 3233 543 3300 τὸν
570 3233 655 3301 υίόν·
690 3233 743 3300 διὸ
767 3232 822 3318 1δὴ
850 3233 895 3320 μὴ
919 3229 1005 3300 εἶναι
1025 3228 1124 3300 αὐτὸν
1147 3239 1278 3319 ποίημα
1297 3241 1370 3311 τοῖς
1392 3225 1438 3299 δι’

222 3327 322 3400 αὐτοῦ
354 3341 541 3419 γενομένοις
567 3335 750 3420 1ίέμφερές,
783 3338 968 3416 κρείττονος
996 3335 1031 3401 δέ
1058 3327 1080 3419 ἢ
1105 3332 1189 3401 κατὰ
1215 3335 1284 3400 πᾶν
1312 3338 1443 3420 ποίημα

221 3447 235 3471 “
245 3431 412 3518 τυγχάνειν
435 3429 558 3510 οὐσίας,
580 3431 619 3519 ἣν
642 3432 676 3498 έκ
697 3433 755 3496 τοῦ
770 3431 897 3517 πατρὸς
911 3437 1127 3520 γεγεννῆσθαι
1141 3434 1183 3500 τὰ
1197 3441 1279 3502 θεία
1294 3433 1442 3500 διδάσκει

223 3531 334 3616 λόγια,
357 3535 416 3597 τοῦ
437 3530 565 3617 τρόπου
586 3535 644 3620 τῆς
664 3530 842 3619 γεννήσεως
864 3529 1089 3622 ἀνεκφράστου
1111 3537 1165 3602 καὶ
1188 3529 1443 3622 ἀνεπιλογίστου

223 3630 315 3720 πάσῃ
338 3635 470 3720 ογενηνῇ
494 3630 594 3719 φύσει
613 3630 835 3718 τυγχάνοντος.

309 3741 338 3802 7.
388 3730 483 3800 Οῦτιο
507 3732 543 3801 δὲ
563 3737 617 3800 καί
640 3732 679 3798 τὸ
701 3727 878 3819 ὁμοοῦσιον
901 3729 986 3803 εἶναι
1000 3740 1058 3802 τοῦ
1074 3736 1201 3823 πατρὸς
1215 3736 1272 3803 τόν
1287 3736 1359 3804 υἱὸν
1375 3735 1445 3817 ἐξε-

223 3834 399 3921 ταζόμενος
422 3831 440 3905 ὃ
462 3833 557 3922 λόγος
578 3841 794 3924 Ρσυνίστησιν,
819 3831 857 3903 οὐ
878 3835 961 3904 κατὰ
974 3837 1033 3905 τὸν
1047 3841 1113 3904 τῶν
1128 3837 1290 3922 σωμάτων
1305 3837 1442 3923 τρόπον,

225 3931 301 4004 οὐδὲ
328 3947 401 4016 τοίς
428 3943 567 4024 θνητοῖς
590 3934 686 4018 ζώοις
707 3939 968 4026 παραπλησίως·
996 3937 1072 4006 οὐτε
1092 3938 1153 4025 γὰρ
1175 3938 1258 4005 κατὰ
1280 3939 1444 4024 διαίρεσιν

258 4175 280 4210 ι.
299 4160 379 4212 Gelas.
396 4154 432 4208 τά
449 4173 485 4210 τε.
857 4162 947 4212 ΤΙιιοδ.
967 4153 1058 4221 θείατ’
1084 4155 1150 4226 ἁγία
1166 4155 1296 4223 καθολικὴ
1314 4157 1361 4212 καί
1378 4152 1447 4210 εἰπο-

258 4229 283 4278 b.
302 4229 382 4280 Gelas.
409 4230 474 4280 addit
496 4231 542 4277 καί
565 4237 589 4280 et
613 4243 667 4280 mox
683 4237 739 4292 ροεῑ
756 4243 806 4278 πα·
858 4223 964 4287 στολιιιὴ
983 4222 1114 4288 ἒιαλησία.

223 4287 313 4344 θέντα
331 4297 397 4347 addit
413 4292 545 4363 ταφέντα.
581 4297 632 4346 Μαι
651 4297 806 4347 Theodonet
891 4314 913 4348 ε.
932 4298 1052 4348 Theodor.
1072 4281 1159 4351 αὐθις.

224 4363 294 4414 Socr.
308 4364 356 4412 καί
372 4365 484 4416 omittunt
502 4374 557 4415 ιιιιι
574 4355 732 4429 ἐρχόμενον.
891 4366 909 4414 ί.
927 4365 1048 4415 ΤΙιεοδοτ.
1066 4374 1089 4414 ιι
1107 4368 1175 4416 socr.
1193 4355 1446 4432 καταλιμπάνομεν,
1559 4365 1560 4437 η

257 4447 278 4481 ο.
296 4432 409 4483 Socrates
426 4427 458 4480 τὸ
476 4431 583 4497 πνεῦμα
601 4425 632 4478 τὸ
651 4421 739 4494 ἀγιον.
858 4433 937 4482 Gens.
955 4425 1206 4499 καταλαμβάνομεν.
1243 4433 1303 4482 lbid.
1323 4431 1445 4481 Τίνιοδοτ.

256 4499 281 4548 d.
299 4499 412 4550 Socrates
436 4492 544 4551 τούτοις
570 4488 764 4564 ἀναθεματίζει
791 4491 805 4558 ἡ
857 4491 1009 4566 ἐρωτήσεις,
1037 4501 1088 4550 Mox
1103 4501 1223 4552 Theodor.
1243 4509 1267 4551 et
1285 4499 1366 4551 Gelas.
1384 4490 1448 4562 έρα-

222 4560 352 4627 καθελοῦ]
394 4561 440 4616 καὶ
475 4557 639 4626 ἀποστολαὴ
674 4558 806 4626 έιαλησία.
858 4563 980 4624 σανίζετο
1001 4559 1120 4632 ὀλίγος.
