3176 5058
441 247 589 290 errsrou
601 247 640 290 ns
654 246 799 290 osonsrrs
814 247 958 290 nummus
974 249 1093 294 srsonr.
1340 239 1381 300 55

134 397 203 462 Nec
239 399 323 462 enim
351 397 460 460 omnia.
477 405 549 459 sunt
569 405 602 460 ut
622 397 732 470 Filius,
765 416 821 460 neo
841 397 969 460 Verbum
992 417 1083 460 unum
1107 409 1151 460 est
1173 419 1210 461 ex
1233 403 1467 476 omnibusrms.

134 501 195 562 sed
222 502 361 562 omnium
383 509 431 561 est
453 499 592 560 dominus
614 509 645 560 et
665 500 775 577 opiiex.
821 499 973 578 Siquidem
995 500 1103 560 idcirco
1127 511 1227 561 sancta
1243 504 1383 582 Synodus
1427 551 1435 560 .

136 601 285 684 apertius
308 601 398 672 dixit,
420 600 504 662 illum
525 619 561 660 ex
583 600 748 662 substantia
770 601 866 660 Patris
889 619 974 672 esse,
1004 608 1036 661 ut
1060 601 1185 661 l'erbnm
1209 603 1288 662 eliud
1312 624 1383 666 esse

136 724 155 765 a
180 713 298 764 natura
319 719 423 762 rerum
444 702 586 762 lucarum
608 701 787 768 crederetur,
810 721 876 762 eum
898 702 996 762 solnm
1019 721 1088 763 rere
1112 703 1152 763 sit
1173 721 1208 762 ex
1230 702 1311 772 Deo,
1333 713 1382 765 ot-

138 823 208 884 que
245 811 281 862 ut
313 801 402 862 etiarn
435 801 535 862 nullus
563 801 622 860 iem
650 800 732 862 loeus
760 802 864 863 dolose
892 803 998 880 egendi
1025 803 1123 881 impiis
1151 801 1380 882 relinqueretur.

140 905 236 966 llaec
259 921 330 981 ergo
352 901 407 963 luit
429 919 527 973 eausa,
550 919 602 962 our
623 919 663 964 err
682 903 854 966 mittentia
876 903 1019 982 scriptum
1041 903 1091 964 sit.

243 1006 296 1068 20.
341 1001 414 1064 Cum
437 1010 534 1062 autern
555 1020 659 1064 rursus
681 1003 823 1083 Episcopi
845 1005 989 1076 dicerent,
1013 1003 1200 1066 scribendum
1223 1025 1290 1066 esse
1304 1005 1378 1066 Ver-

143 1106 228 1166 bum
249 1105 389 1165 virtutem
412 1122 510 1164 verum
531 1103 745 1182 imaginemque
769 1104 866 1166 Patris
890 1125 973 1177 esse,
997 1105 1083 1183 eique
1106 1105 1136 1164 in
1158 1106 1293 1168 omnibus
1315 1106 1380 1166 sine

143 1207 212 1269 ulla
236 1223 363 1285 prorsus
385 1205 524 1265 varietate
545 1223 612 1264 esse
635 1205 830 1276 simillimum,
854 1206 982 1285 deniqne
1005 1205 1185 1266 immutabile
1208 1224 1382 1285 semperque

145 1326 237 1380 esse,
260 1325 295 1367 ae
317 1305 382 1366 sine
404 1305 548 1366 divisione
569 1307 599 1366 in
623 1306 688 1386 ipso
713 1326 783 1367 esse
805 1313 873 1378 (nec
895 1307 973 1368 enim
997 1326 1125 1385 unquam
1148 1326 1208 1368 non
1237 1308 1305 1378 luit,
1331 1307 1384 1368 sed

143 1409 209 1470 tuit
232 1425 350 1485 semper
372 1405 508 1480 Verbum,
531 1406 611 1485 qnod
633 1417 663 1467 et
685 1407 723 1468 ab
745 1409 919 1470 aeternitate
940 1409 1018 1486 apud
1035 1409 1151 1469 l’atrem
1175 1407 1294 1480 exstitit,
1318 1415 1384 1467 tan-

144 1528 241 1590 quem
263 1509 337 1570 lucis
361 1507 533 1586 splendor),
557 1508 603 1568 bis
626 1519 726 1570 autem
747 1527 813 1570 curn
837 1509 995 1570 Eusebioni
1017 1527 1185 1588 repugnare
1208 1527 1268 1570 non
1290 1508 1383 1568 aude·

139 1619 232 1682 rent,
262 1617 366 1688 utpote
393 1627 469 1687 quos
502 1607 690 1688 soppudebat
717 1611 867 1672 convictos
896 1619 927 1672 et
954 1610 1122 1671 contutatus
1146 1610 1255 1680 luisse,
1285 1617 1382 1668 temen

139 1709 341 1792 deprehensi,
361 1718 432 1772 sunt
459 1709 537 1771 inter
567 1729 600 1769 se
623 1710 730 1770 iterum
751 1730 936 1773 murmurare
959 1712 1112 1790 oculisque
1135 1712 1276 1780 innuere,
1309 1708 1381 1770 istas

138 1831 249 1886 voces,
264 1811 377 1881 Simile,
399 1828 528 1890 semper,
552 1816 707 1881 m'rtutem,
725 1823 758 1872 et
780 1816 813 1872 in
834 1819 902 1892 ipso
925 1813 1013 1874 nobis
1036 1831 1102 1874 cum
1115 1811 1188 1872 lilio
1212 1829 1280 1870 esse
1296 1827 1380 1870 eom-

140 1931 271 1988 munes,
293 1929 328 1972 ao
347 1911 473 1991 proinde
496 1910 569 1972 nibil
591 1911 649 1972 illis
672 1911 829 1974 molestum
851 1913 954 1984 rideri,
978 1913 1003 1972 si
1026 1913 1099 1974 baec
1122 1930 1178 1972 nos
1197 1909 1380 1990 approbare-

140 2031 231 2076 mus.
274 2012 347 2074 Nam
371 2013 453 2092 quod
474 2011 512 2073 ad
536 2030 639 2072 rocem
655 2013 762 2073 emite
779 2021 902 2091 spectet,
925 2032 969 2084 ea,
993 2013 1176 2090 inquiebant,
1199 2011 1286 2072 nobis
1304 2029 1380 2088 quo-

139 2135 207 2196 que
229 2114 415 2186 attribuitur,
445 2114 556 2192 quippe
579 2131 646 2172 cum
669 2115 812 2192 scriptum
834 2113 890 2174 sit:
919 2114 1009 2174 bomo
1032 2119 1129 2190 imupo
1153 2122 1182 2172 et
1203 2113 1304 2192 plocio
1327 2111 1385 2172 ner

138 2231 203 2282 est.
248 2217 312 2277 llox
339 2234 457 2296 seroper
484 2214 575 2276 nobis
603 2213 674 2274 item
697 2213 852 2285 convenit,
886 2233 953 2274 nom
986 2213 1130 2290 scriptum
1164 2221 1226 2271 est:
1261 2211 1384 2289 Semper

142 2323 229 2382 euim
249 2335 307 2378 rios
330 2322 477 2378 viventes.
520 2317 582 2376 Neu
603 2317 675 2376 baec
697 2317 787 2376 rerba
809 2319 843 2374 ire
866 2321 931 2394 ipso
954 2333 971 2374 a
993 2314 1081 2374 nobis
1105 2321 1177 2372 sunt
1191 2310 1295 2376 ebena,
1318 2309 1385 2386 quia

146 2425 184 2480 ire
207 2422 274 2496 ipso
297 2421 425 2478 uiuimus
448 2427 474 2478 et
496 2437 652 2478 moomnur
673 2427 702 2479 et
724 2436 842 2479 sumus.
888 2413 1094 2476 immutabiles
1116 2430 1234 2490 quoqne
1250 2408 1385 2482 dicimur,

147 2517 203 2578 ubi
227 2517 369 2596 scripturn
392 2525 454 2577 est:
474 2516 559 2578 tt'tttt
580 2537 636 2580 noe
659 2519 813 2600 seperabit
836 2535 855 2578 u
878 2520 1007 2579 curitute
1023 2514 1088 2576 dei.
1121 2511 1253 2590 [lenique
1276 2527 1384 2570 nomen

149 2623 277 2680 virtutis
307 2616 372 2683 aliis
400 2617 487 2680 etiam
515 2618 607 2680 rebus
629 2621 777 2680 tribuitur.
823 2619 895 2679 b'am
919 2635 1006 2678 eruca
1031 2623 1061 2674 et
1083 2613 1215 2674 bruchus
1238 2611 1331 2672 virtus
1354 2618 1384 2670 et

152 2718 271 2796 quidem
293 2719 388 2778 virtus
410 2737 514 2795 magna
537 2719 682 2780 dicuntur.
727 2721 809 2780 ldem
831 2719 918 2780 etiam
940 2737 1028 2798 saepe
1051 2717 1088 2776 de
1111 2715 1221 2794 populo
1241 2713 1382 2789 scriptum

155 2827 217 2888 est,
245 2825 293 2876 ut:
323 2817 454 2892 lipreeso
484 2825 529 2876 eet
559 2821 654 2878 omnis
683 2823 785 2878 virtus
811 2819 933 2908 Domini
953 2837 991 2878 em
1014 2829 1101 2876 terre
1125 2819 1257 2894 Aepppti.
1302 2811 1381 2873 tiliae

156 2917 229 2976 item
252 2914 397 2974 caelestes
419 2920 489 2972 sunt
509 2913 648 2973 virtutes:
671 2915 758 2984 lt'um,
773 2915 880 2991 inquit,
896 2915 1042 2975 Dominus
1056 2920 1203 2974 virtutum
1219 2915 1382 2982 uobiscum,

155 3024 322 3094 surreptor
350 3023 456 3072 noster
478 3012 560 3072 Deus
590 3011 688 3074 locod.
732 3013 846 3072 Similia
874 3013 952 3072 enirn
980 3013 1068 3072 etiam
1090 3013 1224 3070 Asterius
1245 3011 1383 3088 Sophiste

153 3115 253 3178 dictus
285 3111 424 3191 scripsit,
453 3131 529 3191 quae
557 3129 663 3188 nempe
691 3111 728 3172 ab
758 3113 802 3171 eis
825 3111 982 3180 didicerat,
1013 3121 1099 3188 atque
1120 3123 1187 3170 ante
1210 3129 1276 3170 eum
1297 3113 1381 3172 tirius

148 3217 217 3297 ipse
246 3231 382 3293 quoque,
412 3211 660 3291 quemadmodum
690 3231 779 3291 supra
809 3211 999 3272 dictumest.
1047 3211 1151 3274 l'enrm
1175 3211 1223 3270 ubi
1246 3209 1380 3294 Episcopi

147 3317 269 3378 illorum
303 3315 357 3376 bac
385 3313 415 3374 in
443 3332 476 3374 re
505 3313 725 3376 simulationem
753 3313 1043 3384 animadverterunt,
1078 3311 1235 3392 «ratemque
1258 3334 1324 3378 esse
1347 3323 1461 3392 mom,

148 3415 293 3480 cordibus
315 3415 475 3493 impiorum
496 3415 580 3476 mulo
604 3420 807 3493 tupitudinem,
825 3425 857 3476 ut
871 3415 911 3475 ait
926 3415 1095 3494 smpunm
1115 3417 1290 3479 sententiam
1307 3437 1375 3482 rur·

148 3535 204 3578 sus
235 3515 294 3594 ipsi
321 3533 355 3578 ex
378 3515 540 3595 Scripturis
570 3515 709 3592 colligere
741 3523 811 3576 sunt
838 3516 947 3586 coacti,
981 3525 1010 3576 et
1030 3535 1105 3595 quae
1125 3528 1209 3580 atttea
1233 3521 1375 3594 diruerent,

147 3617 252 3680 eadem
282 3616 457 3678 clarioribus
485 3615 585 3676 verbis
613 3615 780 3694 siguificare
802 3636 836 3676 ae
856 3614 983 3695 deniqne
1006 3617 1144 3690 scribere,
1167 3619 1190 3680 F
1193 3619 1272 3684 ilium
1297 3621 1375 3684 Patri

146 3735 219 3780 esse
241 3717 540 3790 consubstantialem,
563 3723 596 3776 ut
617 3715 728 3776 scilieet
749 3718 963 3796 significarent.
985 3717 1090 3780 Filium
1112 3738 1172 3780 non
1197 3730 1307 3783 mittum
1331 3723 1374 3784 si·

145 3819 260 3892 milem‚
284 3818 337 3878 sed
359 3818 482 3879 eandem
506 3835 570 3878 rem
592 3815 783 3878 similitudine
806 3837 873 3880 csse
895 3838 930 3880 ex
953 3819 1048 3888 Putre.
1071 3828 1157 3898 atque
1181 3831 1213 3883 ut
1235 3823 1374 3886 siruilitu·

147 3919 252 3981 dinem
281 3927 311 3978 et
337 3917 601 3978 immutabilitatem
623 3916 689 3978 Filii
718 3917 802 3978 eliam
833 3920 954 3980 omnino
978 3939 1045 3980 esse
1068 3922 1260 3984 ostenderent
1281 3921 1317 3984 ab
1340 3943 1374 3986 ee

146 4019 327 4091 imitatione,
348 4037 422 4097 quae
444 4017 474 4078 in
497 4017 585 4078 nobis
609 4037 676 4080 esse
698 4017 813 4086 dicitur.
835 4040 922 4100 qnam
946 4021 1062 4100 quidem
1079 4040 1134 4082 nos
1150 4034 1272 4103 propter
1288 4041 1373 4084 ntru-

147 4120 289 4182 detorum
311 4117 548 4180 observationem
571 4135 606 4180 ex
627 4121 734 4180 virtute
756 4123 976 4200 consequimur.
1013 4122 1144 4199 Namque
1167 4127 1244 4200 quod
1262 4123 1375 4198 spectet

148 4219 189 4284 ad
217 4238 360 4300 corpora,
388 4239 464 4298 quse
486 4219 565 4282 inter
586 4238 619 4282 sc
641 4227 711 4282 sunt
733 4221 857 4294 similia,
879 4221 927 4282 ille
948 4232 1027 4284 certe
1049 4220 1160 4280 distare
1184 4231 1213 4281 et
1234 4213 1335 4300 procul
1357 4227 1374 4268 o

185 4454 207 4488 s.
225 4439 281 4503 lieq.
299 4431 469 4499 ὑπυλὶπηται.
