3216 5048
76 332 82 336 .
201 269 263 334 230
511 295 519 306 ι
603 281 629 323 ε.
644 275 1034 326 ετιιιαιιιιεεαειεειεσοιι
1084 245 1089 256 ’

114 448 189 495 εστι.
200 425 339 517 ὀνόματί
359 447 421 497 σου
443 426 552 495 σῶσόν
572 429 653 511 με’).
686 426 758 494 'nal
781 424 900 493 πόλιν·
923 414 1017 493 οὑτοι
1038 424 1072 493 ἐν
1094 421 1229 511 όρμασι,
1252 421 1309 492 καί
1329 412 1426 492 οὑτοι

199 532 234 602 ἐν
255 532 393 611 ἵπποις,
422 524 517 617 ἡμεῖς
544 528 581 594 δὲ
603 527 637 595 ἓν
660 522 799 614 ὀνόματι
819 523 933 614 κυρίου
953 529 1037 620 θεοῦ
1059 522 1153 616 ἡμῶν
1173 525 1426 614 μεγαλονθὴσό-

198 635 335 721 μεθα’)·
357 632 412 698 καί
434 626 502 696 ὑπὸ
522 629 583 713 μὲν
604 632 670 696 τῶν
692 632 905 716 πατριαρχῶν
927 639 1175 718 προςεκονεῖτο,
1198 629 1276 714 περὶ
1299 629 1336 694 δὲ
1356 630 1426 694 τῶν

200 731 344 820 ἀγγέλων
375 737 574 819 γέγραπται·
606 733 661 798 καί
688 729 1007 819 προςνυνὴσότωσαν
1037 725 1126 817 αὑτῶ
1148 728 1271 808 πάντες
1293 725 1426 815 όγγελοι

200 837 284 913 θεοῦ
293 836 326 914 ³).
1333 883 1339 896 ,

285 943 336 1003 41.
380 934 586 1016 1’1ίί’όὲιιαί,
611 929 657 1014 ῶς
679 932 803 1018 ψάλλει
815 931 983 1019 Δαβίό.ίν
1004 935 1052 1020 τῷ
1075 932 1307 1019 ἑβδομηκοστῷ
1329 928 1425 1015 πρώ-

198 1063 246 1126 τῳ
267 1038 403 1124 ψαλμῷ,
426 1033 495 1123 πρὸ
515 1038 575 1101 τοῦ
596 1029 691 1124 ἡλίου
714 1035 862 1119 διαμένει
883 1033 923 1101 τὸ
945 1031 1050 1120 ὄνομα
1071 1029 1182 1113 αὑτοῦ,
1204 1030 1261 1100 καὶ
1281 1029 1425 1118 πρὸτῆς

200 1138 335 1227 σελήνης
356 1136 421 1216 οείς
441 1135 554 1223 γενεὰς
574 1139 692 1223 γενεῶν
699 1140 732 1217 ⁴),
755 1140 830 1216 πῶς
851 1135 1032 1222 ἐλάμβανεν
1055 1133 1073 1200 ὃ
1095 1129 1178 1218 εἶχεν
1201 1130 1253 1201 όελ
1273 1135 1329 1200 καὶ
1343 1135 1425 1220 πρὶν

110 1253 115 1266 ’
198 1243 313 1328 λαβεῖν
335 1241 391 1306 νῦν
414 1233 513 1322 αὑτός
546 1232 567 1324 ἡ
588 1241 663 1318 πῶς
684 1233 832 1323 ὑψοῦται
854 1233 872 1304 ὁ
894 1237 950 1304 καί
970 1235 1051 1323 πρὶν
1072 1232 1258 1324 ὑψωθῆναι
1278 1231 1424 1320 ὑψιστος

83 1341 88 1347 ’
199 1339 263 1425 ῶν,·
295 1336 316 1429 ἡ
338 1344 413 1420 ’πῶς
434 1340 531 1426 ἔλαβε
552 1338 591 1406 τὸ
613 1343 875 1426 προςευνείσθαι
896 1334 915 1404 ό
937 1340 992 1405 καί
1014 1337 1095 1424 πρὶν
1116 1334 1215 1404 τοῦτο
1237 1339 1294 1404 νῦν
1309 1337 1425 1423 λαβεῖν

169 1437 253 1530 wie}
277 1440 577 1531 προςκονοόμενοςς
609 1435 667 1508 οὑκ
694 1440 784 1508 ἔστιν
811 1440 963 1525 α’ίνιγμα,
997 1433 1082 1526 ἀλλὰ
1106 1439 1286 1527 μυστὴριον
1314 1443 1422 1536 θεῖον.

198 1543 254 1612 “ίν
277 1539 358 1632 ἀρχῇ
379 1532 419 1630 ἡν
442 1540 461 1609 ὑ
482 1541 588 1628 λόγος,
611 1546 665 1610 καὶ
689 1537 708 1607 ὁ
730 1541 828 1628 λόγος
848 1530 887 1628 ἡν
908 1538 1074 1626 πρὸςτὸν
1096 1539 1188 1621 θεόν,
1211 1542 1265 1606 καὶ
1288 1538 1370 1618 θεὸς
1383 1527 1425 1625 ἡν

199 1639 219 1710 ὑ
241 1643 377 1731 λόγος’),
402 1637 442 1709 δι’
467 1638 553 1731 ἡμᾶς
575 1643 612 1710 όὲ
634 1638 772 1729 ὑστερον
795 1631 892 1721 οὑτος
914 1637 1045 1727 όλόγος
1059 1638 1143 1728 σὰρξ
1157 1640 1425 1732 ἐγένετο,,καὶτὸ

198 1743 373 1828 λεγόμενον
402 1745 458 1808 νῦν
486 1739 707 1830 ὑπερύψωσεν
735 1740 773 1809 οὑ
802 1743 861 1829 τὴν
890 1738 1006 1810 οὑσίαν
1033 1747 1092 1808 τοῦ
1115 1742 1212 1829 λόγου
1234 1740 1425 1831 ὑψουμὲνὴν

198 1849 361 1930 σημαίνει,
384 1833 423 1928 ἡν
444 1842 506 1928 γὰρ
529 1839 580 1910 ἀεὶ
602 1847 656 1910 καὶ
679 1844 769 1912 ἔστιν
791 1839 848 1912 ἶσα
868 1847 951 1930 θεῷ,
976 1838 1060 1912 ἀλλὰ
1080 1848 1139 1932 τῆς
1160 1838 1425 1932 όνθρωπότὴτσς

115 1933 118 1944 ’
199 1942 289 2012 ἐστίν
316 1939 336 2030 ἡ
367 1938 510 2026 ὑψωσις.
555 1939 594 2012 οὑ
616 1923 795 2032 πρλνγόῖν
819 1945 948 2034 είρὴται
968 1949 1087 2026 ταῦτα,
1118 1946 1147 2014 εί
1167 1945 1213 2034 μὴ
1235 1941 1292 2014 ὅτε
1312 1951 1425 2032 γέγονε

198 2045 283 2133 σὰρξ
314 2041 333 2113 ὁ
365 2045 477 2132 λόγος,
510 2045 568 2114 ίνα
595 2051 726 2133 γένηται
748 2045 906 2136 φανερόν,
931 2043 985 2114 ότι
1005 2046 1044 2113 τὸ
1067 2047 1271 2115 ἐταπείνωσε
1291 2046 1364 2114 ’καί
1383 2046 1424 2114 τὸ

196 2142 418 2234 ὑπερύψωσεν
440 2129 499 2216 {aa
519 2151 578 2214 τοὺ
601 2143 818 2235 ἀνθρωπίνου
840 2151 985 2235 λέγεται*
1008 2138 1048 2214 οὑ
1068 2147 1130 2235 γάρ
1152 2147 1225 2216 ἐστι
1245 2149 1285 2216 τὸ
1306 2173 1425 2226 ταπει-

197 2248 270 2331 νόν,
299 2247 494 2317 τούτουκαὶ
517 2247 557 2316 τὸ
577 2247 762 2337 ὑψωθῆναι
783 2244 823 2318 ῶν
846 2251 912 2338 εἴη,
945 2249 1002 2318 καί
1023 2249 1053 2318 εί
1075 2247 1132 2317 διὰ
1152 2249 1211 2336 τὴν
1234 2248 1425 2338 πρόςλὴψιν

196 2353 256 2438 τῆς
277 2350 397 2438 σαρκὸς
417 2351 457 2418 τὸ
480 2351 682 2420 ἐταπείνωσε
703 2358 894 2438 γέγραπται,
911 2350 1010 2439 όὴλόν
1025 2351 1115 2420 ἐστιν
1130 2343 1185 2417 ότι
1197 2354 1252 2418 καί
1267 2350 1307 2419 τὸ
1322 2347 1425 2438 ὑπερ-

195 2451 315 2536 όψωσε
345 2449 394 2520 δι’
419 2449 519 2542 αὑτήν
547 2454 627 2522 ἐστι.
672 2453 789 2520 τούτου
817 2452 879 2539 γὰρ
907 2442 947 2540 ἡν
975 2452 1086 2543 ὑνόεὴς
1113 2447 1131 2519 ὃ
1160 2449 1345 2539 ἅνθρωπος
1367 2453 1426 2520 όια

197 2551 237 2619 τὸ
259 2552 418 2620 ταπεινὸν
439 2556 498 2640 τῆς
520 2554 641 2642 σαρκὸς
661 2556 714 2621 καὶ
737 2556 796 2620 τοῦ
818 2553 977 2622 θανάτου.
1010 2554 1084 2622 ἐπεὶ
1106 2544 1164 2621 οὑν
1186 2553 1280 2623 εἰκῶν
1302 2550 1348 2622 ῶν
1362 2557 1424 2621 τοῦ

196 2651 327 2740 πατρὸς
353 2655 408 2722 καὶ
438 2650 609 2734 ἀθάνατος
630 2648 676 2722 ῶν
700 2651 718 2721 ὑ
740 2654 838 2741 λόγος
859 2655 957 2741 ἔλαβε
977 2655 1036 2744 τὴν
1056 2659 1116 2723 τοῦ
1139 2653 1258 2724 όοόλου
1277 2654 1420 2741 μορφήν,

196 2757 251 2864 W
273 2751 430 2840 ὑπέμεινε
451 2750 492 2823 όί
517 2751 604 2844 ἡμᾶς
623 2757 636 2798 ¹
641 2751 686 2835 ῶς
709 2755 893 2842 ἅνθρωπος
914 2755 948 2824 ίν
969 2760 1009 2845 τῇ
1031 2757 1150 2825 ἑαυτοῦ
1172 2753 1266 2852 σαρκί
1280 2753 1337 2821 τὸν
1352 2753 1421 2820 θά-

198 2889 312 2941 νατον,
341 2852 381 2926 ἵν’
407 2855 513 2937 οὑτως
534 2857 651 2925 ἑαυτὸν
672 2853 757 2943 ὑπὲρ
770 2853 871 2944 ἡμῶν
894 2857 951 2925 διὰ
971 2862 1031 2925 τοὺ
1053 2857 1203 2926 θανάτου
1225 2860 1422 2944 προςενίγκῃ

62 2971 74 3022 .’
196 2967 245 3052 τῶ
267 2966 388 3045 πατρί·
418 2959 475 3028 διὰ
503 2962 601 3026 τοῦτο
622 2957 679 3026 καί
700 2951 747 3038 ῶς
768 2957 953 3046 ἄνθρωπος
974 2955 1015 3028 δι’
1039 2955 1200 3049 ἡμᾶςκαὶ
1223 2954 1307 3044 ὑπὲρ
1328 2953 1422 3046 ἡμῶν

174 3079 178 3085 “
197 3067 328 3150 λέγεται
348 3057 642 3148 ’ὑπεροψοῢσθαα
665 3056 705 3127 ἵν’
730 3056 840 3147 ῶςπερ
855 3064 902 3150 τῷ
917 3061 1055 3148 θανάτῳ
1071 3057 1172 3128 αὑτοῦ
1188 3059 1312 3139 πάντες
1328 3055 1426 3146 ἡμεῖς

195 3158 433 3247 ΙΙοἰπεθόνομεν
456 3163 490 3231 ίν
513 3165 660 3249 Χριστῷ,
685 3158 790 3242 οὑτως
811 3161 845 3230 ἐν
868 3157 956 3250 αὑτῷ
975 3165 1025 3251 Ιτῷ
1040 3165 1178 3249 Χριστῷ
1201 3161 1305 3230 πάλιν
1327 3156 1424 3250 ἡμεῖς

195 3260 493 3351 ὑπεροψωθῶμεν,
523 3263 556 3331 ίκ
583 3289 619 3331 τε
645 3266 711 3330 τῶν
740 3267 861 3349 νεκρῶν
888 3264 1090 3351 ἐγειρόμενοι
1115 3267 1169 3331 καί
1193 3263 1241 3342 είς
1262 3258 1423 3350 οόρανοὺς

197 3359 423 3451 όνερχόμενοι,
455 3361 540 3432 ἔνθα
561 3363 753 3450 πρόδρομος
774 3359 858 3450 ὑπὲρ
879 3359 972 3452 ἡμῶν
995 3366 1146 3455 είςὴλθεν
1164 3360 1346 3453 Ἰησοῦς),
1364 3359 1423 3431 οὑκ

195 3466 245 3546 είς
266 3461 431 3533 ἀντίτυπα
451 3467 518 3554 τῶν
541 3459 712 3552 ἀληθινῶν
719 3515 728 3546 ,
758 3460 827 3533 ἀλλ’
852 3466 900 3546 είς
922 3461 1020 3544 αὑτὸν
1043 3467 1100 3534 τὸν
1122 3463 1262 3553 οὐρανὸν
1285 3470 1341 3534 νῦν
1363 3464 1422 3550 ἐμ-

152 3605 153 3609 =
179 3571 406 3656 .ψανισθῆναι
426 3570 473 3654 τῷ
496 3567 667 3654 προςώπῳ
688 3571 747 3634 τοῦ
768 3569 852 3635 θεοῦ
870 3563 959 3654 ὑπὲρ
981 3565 1072 3653 ὑμῶν
1081 3572 1113 3649 τ).
1146 3568 1175 3636 εί
1197 3568 1234 3635 δὲ
1257 3571 1313 3635 νῦν
1335 3562 1421 3654 ὑπὲρ

193 3665 287 3755 ἡμῶν
310 3667 357 3748 εἰς
379 3663 479 3736 αὑτὸν
498 3667 559 3736 τὸν
582 3663 721 3754 οὐρανὸν
743 3669 894 3755 είςὴλθεν
917 3665 934 3736 ὑ
957 3669 1113 3762 ζίριστός,
1136 3675 1246 3736 καίτοι
1259 3671 1314 3736 καί
1338 3665 1422 3754 ἰπρὸ

193 3768 313 3837 τούτου
334 3769 391 3838 καί
412 3764 464 3839 ἀεὶ
486 3769 597 3858 κύριος
618 3763 665 3838 ῶν
686 3773 741 3838 καί
762 3770 960 3858 δημιουργὸς
973 3774 1039 3840 τῶν
1055 3764 1212 3858 οὐρανῶν,
1228 3765 1313 3858 ὑπὲρ
1328 3765 1423 3857 ἡμῶν

267 3957 291 4020 1)
309 3960 372 4010 ΡεεΙ.
393 3962 425 4012 54
444 3956 604 4028 [53.1,xx.],
623 3960 647 4011 3.
734 3961 759 4020 2)
778 3961 841 4011 ΡεεΙ.
855 3951 888 4014 λθ
906 3955 960 4026 [19.
978 3957 1065 4027 1.Χλ.],
1084 3961 1108 4012 8.
1188 3960 1214 4021 3)
1233 3959 1294 4011 ΡεεΙ.
1314 3959 1346 4012 97
1366 3953 1421 4025 [96.

196 4023 285 4093 Lm,
304 4026 328 4076 7.
347 4037 371 4078 ει
390 4029 462 4080 Ηεὺτ.
482 4029 506 4090 1,
524 4029 548 4080 θ.
618 4029 645 4088 4)
663 4028 726 4079 ΡιιΙ.
745 4029 778 4080 72
796 4025 849 4096 [71.
868 4026 955 4096 Lxx.]‚
977 4029 1014 4080 Π.
1034 4030 1057 4081 ό.
1127 4027 1153 4092 ό)
1172 4030 1239 4080 Ιοεσ.
1257 4029 1279 4093 1,
1300 4029 1341 4078 1.’
1392 4025 1421 4089 ό)

196 4094 272 4145 Ηελιτ.
291 4093 315 4156 6,
334 4095 376 4146 2⁰.
444 4098 471 4158 7)
485 4097 561 4148 flebr.
579 4095 604 4158 9,
624 4095 664 4147 24.

226 4244 249 4279 ε.
267 4229 366 4282 Gobler.
385 4239 409 4284 ει
426 4233 531 4282 Felekm.
547 4232 568 4281 1.
585 4225 646 4286 καλε
661 4214 739 4280 οὑτοι
752 4225 794 4280 ίν·
867 4249 888 4283 ε.
906 4233 1006 4293 δεςπετ.
1030 4233 1086 4294 Reg.
1112 4231 1211 4284 Gohler.
1236 4223 1341 4283 Felekm.
1356 4229 1378 4278 1.
1397 4237 1423 4280 ει

191 4287 307 4364 ἅρμασι.
341 4299 394 4354 Μαι
417 4315 476 4352 σιω.
502 4313 587 4350 omnes
609 4297 677 4348 θεοῦ
695 4291 780 4365 ἡμῶν.
833 4299 857 4351 5.
874 4300 988 4350 ominum
1004 4291 1043 4352 είς
1059 4308 1114 4349 amn
1130 4291 1242 4364 γενεάς,
1261 4300 1301 4348 ubi
1319 4297 1421 4358 Seguer.

189 4365 270 4416 Βσίιίο
288 4366 405 4418 (ΞοωωεΙ.
424 4366 492 4417 θεοῦ
509 4361 596 4434 ὑμῶν,
616 4368 741 4418 mendose.
832 4375 855 4418 ει
874 4369 930 4430 Reg.
947 4365 1048 4432 γενεᾶς.
1084 4367 1142 4417 lbid.
1162 4369 1261 4423 Senuer.
1282 4366 1338 4427 Res.
1354 4364 1423 4415 Gub-

203 4445 206 4450 ·
226 4434 250 4483 h.
269 4433 406 4486 Goblerian.
430 4445 454 4488 ει
471 4435 608 4488 ΡτΙοΙιαιεσ.
625 4437 647 4486 1.
670 4419 781 4518 ἄγγελοι
832 4435 916 4486 brim.
935 4428 1309 4501 εειαω.1.πσςέιᾰμραυε.
1335 4431 1421 4508 Pele}-

186 4500 266 4552 θεοῦ.
288 4497 335 4552 καί
349 4497 439 4568 Aufili
452 4499 536 4570 λέγει·
554 4497 608 4574 πρὸ
628 4501 676 4554 τοῦ
694 4500 778 4565 ἡλίου.
831 4517 896 4555 man.
912 4503 935 4552 ὁ.
960 4499 1018 4556 πῶς
1040 4495 1125 4566 ἔλαβε.
1166 4501 1211 4553 Alii
1236 4511 1260 4552 ει
1282 4500 1340 4550 edili
1362 4509 1423 4552 msc
