3176 5058
429 341 577 386 sersroos
592 341 630 382 os
645 340 787 384 mennrrs
802 340 946 384 memnon
962 341 1080 384 sunoor.
1327 328 1368 392 85

138 503 215 557 trem
240 511 312 578 rere
339 492 458 555 Patrem
487 500 517 552 et
537 489 641 554 Filium
673 509 743 552 rere
769 489 874 554 Filium
903 501 932 552 et
958 491 1100 571 Sphitum
1133 503 1266 569 sanctum
1298 509 1453 558 veronese.

137 595 283 678 Spiritum
306 603 452 666 sanetum,
477 600 509 654 ut
530 600 560 654 et
573 591 716 654 Dominus
731 602 846 667 noster,
870 611 936 654 eom
959 611 1031 655 sues
1047 593 1210 674 discipulos
1225 595 1262 657 ad
1276 613 1366 676 prae-

138 695 299 759 dicandum
321 695 469 770 mitteret,
492 693 547 755 ait:
576 691 690 758 licam
713 695 813 756 docete
836 712 935 756 ornnes
957 707 1073 774 gentes,
1103 697 1294 776 baptizantes
1316 717 1367 762 eos

137 801 172 860 ia
194 801 318 860 nominc
339 794 442 857 Petris
464 805 493 856 et
515 793 588 857 l'r'le'e'
607 805 636 856 et
657 795 794 876 Spiritus
818 799 925 857 sancti.
970 795 1012 858 lle
1039 797 1145 876 quihus
1169 797 1257 860 etiam
1280 817 1366 860 asse-

140 915 280 960 veramus
313 914 370 957 nos
392 895 431 956 ita
453 895 564 957 sentire
585 913 619 956 sc
640 903 726 956 antea
748 893 882 956 sensisse
904 903 935 955 et
956 915 1051 976 usque
1072 897 1109 959 ad
1131 907 1257 972 mortem
1279 899 1368 962 fidem

142 999 232 1060 istam
260 1015 329 1059 esse
360 997 609 1076 propugnaturos.
653 995 847 1056 hnathemate
879 995 1003 1074 iusuper
1034 999 1215 1076 percutimus
1248 1019 1368 1064 omnem

143 1098 265 1180 impiam
287 1097 443 1159 haeresim.
486 1097 566 1159 flacc
588 1117 621 1158 ex
647 1097 736 1158 corde
758 1105 789 1158 et
810 1097 908 1158 animo
932 1115 1050 1176 semper
1073 1100 1219 1174 sensisse,
1250 1121 1286 1164 ex
1307 1121 1366 1182 quo

143 1197 348 1278 nosmetipsos
370 1197 594 1276 cognoscimus,
627 1207 715 1276 etque
743 1215 821 1259 nnnc
849 1216 884 1258 er
914 1197 1034 1260 veritate
1062 1199 1173 1261 sentire
1202 1208 1233 1261 et
1259 1201 1367 1276 diocrc,

145 1317 246 1361 coram
268 1298 329 1360 Deo
351 1299 555 1378 omnipotente
578 1308 607 1361 et
622 1297 748 1360 homino
770 1307 876 1359 nosue
892 1297 960 1360 lesu
976 1297 1095 1361 Christo
1118 1309 1271 1375 testamur,
1293 1319 1367 1380 pos-

146 1418 308 1479 sumusque
328 1400 507 1480 argumentis
530 1399 616 1460 vohis
639 1399 798 1461 ostendere
821 1408 851 1462 et
871 1399 1068 1479 persuadere,
1091 1419 1148 1464 nos
1171 1402 1258 1463 etiam
1280 1420 1369 1482 prse-

146 1501 239 1561 teritis
262 1501 443 1582 temporibus
468 1503 507 1564 ita
530 1500 694 1586 credidisse
720 1509 751 1562 et
772 1499 920 1562 docuisse.
1027 1571 1032 1580 ,

228 1911 260 1970 4.
305 1905 367 1968 llac
389 1925 404 1968 a
427 1905 516 1968 nohis
539 1905 673 1986 exposita
696 1905 754 1967 lide
776 1907 847 1969 nulli
869 1915 932 1968 erat
954 1907 1172 1968 contradicendi
1195 1907 1288 1978 locus,
1316 1905 1370 1968 sed

134 2009 256 2091 primus
279 2007 345 2086 ipse
367 2007 523 2088 piissimus
546 2016 651 2069 noster
665 2007 830 2087 Imperator
851 2009 1017 2069 rectissima
1039 2027 1118 2080 esse,
1142 2027 1216 2087 quae
1231 2008 1279 2069 ills
1295 2027 1369 2068 con·

133 2107 269 2183 tinebat,
299 2115 347 2170 est
367 2117 512 2183 testatus,
542 2108 644 2189 sicque
671 2128 705 2170 se
737 2127 855 2189 quoque
878 2109 988 2170 sentiro
1011 2109 1168 2170 confessus
1192 2117 1253 2182 est,
1282 2117 1370 2186 atque

135 2230 247 2274 omnes
270 2219 319 2272 est
339 2211 525 2286 cohortatus,
557 2219 591 2272 ut
617 2211 694 2272 hanc
721 2210 968 2291 amplecterentur
994 2207 1081 2269 tidem
1109 2208 1215 2286 hisque
1237 2207 1371 2268 subscri·

135 2315 247 2376 herent
269 2319 300 2372 et
320 2311 503 2373 assentirent
524 2311 687 2392 dogmatis,
719 2330 777 2372 una
806 2317 920 2370 tantum
941 2309 1053 2370 adiecta
1075 2327 1147 2368 voce
1171 2309 1371 2370 consubstan-

140 2415 245 2484 tialis,
269 2429 356 2490 quom
379 2413 501 2474 eandem
523 2413 590 2493 ipse
611 2414 651 2476 ite
674 2421 722 2475 est
742 2412 971 2490 interpretatum
998 2425 1105 2487 nempe
1126 2427 1186 2470 nou
1209 2405 1371 2470 secundum

142 2530 306 2592 corporum
338 2511 509 2574 affectiones
538 2513 614 2576 hanc
634 2533 736 2576 vocem
761 2511 1030 2577 consubstantialis
1053 2529 1119 2572 esse
1142 2508 1370 2588 intelligendam,

143 2713 268 2790 sistere,
292 2733 347 2776 nec
369 2715 448 2778 eninr
470 2717 533 2778 iicri
555 2711 659 2796 pesse,
686 2725 719 2778 ut
740 2724 844 2778 notura
867 2713 1033 2794 intelligens
1056 2721 1086 2776 ct
1107 2711 1283 2793 incorporea
1304 2729 1369 2773 rna-

144 2811 294 2892 teriaeque
318 2833 422 2894 expers
446 2835 607 2896 corporeae
629 2816 714 2879 alicui
736 2815 884 2880 affectioni
907 2815 1088 2889 subiiciatur,
1116 2816 1170 2875 sed
1191 2833 1240 2874 res
1262 2812 1369 2874 huius·

146 2910 228 2972 modi
249 2915 370 2974 nonnisi
393 2913 498 2974 divinis
521 2923 609 2992 atque
624 2916 870 2995 inexplicabilibus
886 2915 1050 2978 rationibus
1066 2935 1134 2978 esse
1149 2913 1369 2992 concipiendas.

145 3010 189 3070 lta
213 3009 333 3088 quidem
357 3010 524 3072 disserebat
545 3013 781 3091 sapientissimus
803 3026 833 3078 et
853 3016 1095 3096 religiosissimus
1117 3015 1298 3094 Imperator,
1327 3013 1369 3074 illi

143 3116 247 3174 autern
276 3111 314 3172 ob
343 3110 468 3172 huiusce
496 3111 594 3184 vocis,
627 3113 902 3191 consubstantialis,
937 3117 1168 3179 additamentum
1197 3119 1371 3192 sequentem

145 3211 302 3274 formulam
325 3229 541 3292 composuere:

561 3399 649 3450 ithus
668 3401 698 3450 ΙΝ
717 3401 836 3452 8ῘΝοΒο
855 3403 952 3452 sutis.

273 3516 427 3578 Credimus
450 3515 480 3578 in
503 3535 595 3578 unum
616 3516 719 3590 heum,
742 3519 858 3580 Patrem
882 3520 1125 3598 omnipotentem,
1148 3519 1278 3582 omnium
1294 3517 1369 3580 risi-

207 3615 311 3678 bilium
342 3625 372 3678 et
399 3617 590 3679 invisibilium
623 3619 811 3692 effectorem,
845 3629 875 3680 et
897 3619 938 3688 ‚in
967 3639 1056 3680 unum
1086 3620 1242 3682 homiuum
1271 3621 1372 3692 lesum

206 3717 375 3790 Christum,
404 3715 511 3790 Filium
532 3717 602 3792 Dei,
631 3719 761 3800 genitum
792 3739 827 3780 ex
848 3720 935 3781 Patre
957 3721 1158 3797 unigenitum,
1187 3721 1244 3782 hoo
1266 3731 1311 3781 est
1333 3739 1370 3782 ex

204 3819 373 3883 substantia
394 3818 507 3892 Patris,
537 3818 628 3882 henne
651 3839 686 3882 ex
709 3819 787 3894 llere,
815 3819 914 3882 lumen
937 3839 972 3882 ex
994 3821 1120 3893 lumine,
1153 3820 1245 3894 licum
1268 3837 1369 3882 verum

136 4000 327 4086 ἑμαρτίρατο
373 4005 425 4054 llos
452 4005 574 4056 Theodor.
602 4015 625 4057 et
652 4007 731 4084 Gelas.
782 3997 926 4069 ie'yotco‘
913 3998 1068 4086 cpocr‘cecc.
1104 4007 1216 4054 Socrntes
1237 4001 1311 4070 λέγοι
1329 3999 1369 4056 τό.

136 4057 406 4152 συγκατατίθεσθαι
427 4074 484 4122 thid.
493 4082 547 4123 eote
557 4087 732 4140 coarguerem
784 4073 843 4122 lhid.
863 4088 907 4136 pro
927 4063 980 4120 οὔτ’
1002 4086 1052 4120 our
1069 4072 1149 4124 Gelas.
1168 4065 1237 4124 oues.

135 4149 254 4196 Socrates
271 4135 323 4190 καί
339 4139 405 4189 oddlt
423 4141 683 4206 omimorssequenti.
702 4141 730 4191 lt.
816 4141 840 4190 h
858 4131 1117 4220 Serretesrgpocrisee.
1154 4139 1204 4190 llos
1223 4131 1369 4191 idemeics·

138 4214 196 4264 ibid
215 4212 343 4262 Theodcr.
355 4207 731 4274 procvppovsirbehetcupe-
779 4200 830 4272 βῆς
847 4222 892 4271 pro
910 4198 1109 4286 εὐσεβέστατος.
1145 4209 1203 4258 ltere
1223 4209 1368 4258 thidemtte-

138 4279 265 4347 φρονεῖν.
783 4275 857 4324 leuius
877 4275 953 4339 Gyric.
972 4270 1006 4324 τά
1025 4268 1268 4327 additauteruteids
1288 4275 1368 4323 Theo-

171 4348 341 4399 astemus,
365 4341 485 4392 Theodec.
505 4342 625 4394 etGeles.
644 4335 731 4422 ἧρμῆ·
781 4343 881 4392 doretos
900 4358 954 4392 rere
974 4345 1045 4394 habet
1064 4337 1229 4391 τὰτοιαῦτα
1248 4336 1368 4405 διεφιλο-

135 4425 224 4470 reccs,
246 4419 272 4464 nt
291 4409 504 4461 etcditiollornm.
524 4403 603 4472 llegff
591 4405 729 4488 ερμὴνευε.
781 4402 873 4488 σόφει.
909 4411 961 4461 lior
979 4413 1092 4462 Socrates
1117 4412 1205 4460 omittit
1225 4407 1270 4466 τῆς
1286 4419 1368 4472 upot-

170 4499 193 4546 g.
213 4480 330 4534 Gelestae
356 4477 433 4539 Cprlc
457 4473 563 4541 λέγοιτο
588 4477 626 4542 τῷ
643 4471 729 4542 πατρὶ
779 4471 873 4536 dr‘euc
895 4479 934 4554 qni
953 4479 1016 4529 idem
1035 4476 1370 4542 prosequentititolohabet

137 4541 297 4616 ὀμοοῦσιος
335 4543 457 4594 Theodec
476 4552 499 4595 et
518 4543 590 4595 editio
610 4545 728 4597 Gommel.
780 4552 873 4596 tontum
891 4539 923 4594 ed
941 4538 1068 4612 μάθημα
