3176 5058
213 293 272 358 ¹24
605 305 630 348 s.
646 297 799 348 ιττιαιιιι
813 303 1036 348 ammaon

14 531 16 536 ,
123 474 200 520 m.
210 454 293 544 ζωὴν
316 454 350 522 ἐκ
372 453 470 541 ζωῆς·
492 453 548 518 καί
568 450 608 517 τό
628 451 688 538 μέν
708 445 952 534 άποσχοινίξειν
973 451 1028 518 καί
1050 451 1191 536 διαιρεῖν
1212 442 1349 528 ἀύτούς
1369 447 1428 514 τόν

208 557 305 644 λόγον
327 551 398 622 άπὸ
418 557 477 622 τοῦ
500 555 584 621 θεοῦ
606 546 735 639 όναιρεί
754 553 858 638 λέγων
878 547 978 631 αύτὸς
991 546 1180 638 άδιαίρετον
1194 551 1248 618 καί
1264 546 1426 635 άμείωτον

207 659 266 748 τῆν
294 656 416 744 τριάδα
442 655 489 736 τίς
514 651 644 740 μονάδα
672 655 1015 741 συγκεφαλαιούσθαι,
1044 653 1083 719 τὸ
1112 653 1149 719 δέ
1171 655 1275 738 λέγειν
1297 645 1425 730 αύτούς,

209 757 384 846 άλλότριον
407 750 489 824 εἶναι
510 755 569 824 τόν
589 753 662 822 υίὸν
683 757 742 842 τῆς
762 758 822 822 τοῦ
843 753 972 840 πατρὸς
993 749 1122 833 ούσίας,
1153 751 1304 840 άντικρος
1326 761 1428 818 πατεῖ

210 864 312 948 λέγων
340 855 519 944 όμσούσιον
551 851 636 924 εἶναι
657 858 716 922 τοῦ
738 855 867 941 πατρὸς
887 857 946 922 τόν
966 855 1047 922 υίόν.
1093 849 1143 943 ἐφ’
1168 843 1196 941 ᾧ
1217 856 1271 922 καί
1292 852 1427 937 θαυμά-

209 987 296 1031 σειεν
318 960 361 1031 άν
382 985 434 1039 τις
454 958 511 1046 τὴν
534 953 702 1026 ἀναίδειαν
722 961 789 1025 τῶν
810 959 988 1044 δυσσεβῶν,
1012 960 1087 1035 πῶς
1107 962 1297 1035 Διονυσίου,
1320 952 1359 1022 δν
1374 955 1427 1020 λέ-

208 1085 321 1151 γουσιν
344 1058 502 1148 ὁμόδοξον
525 1059 670 1128 Ι’ἑαυτῶν
693 1054 788 1140 εἶναι,
810 1060 962 1144 λέγοντος
984 1054 1161 1143 όμοούσιον
1179 1056 1241 1124 τὸν
1263 1054 1344 1134 υίόν,
1368 1051 1426 1121 αύ-

208 1168 260 1234 τοί
283 1169 511 1250 περιέρχονται
533 1155 578 1240 άς
598 1160 747 1239 κώνοπες
768 1163 1056 1247 περιβομβοῦντες,
1081 1155 1126 1238 ὥς
1148 1154 1207 1225 σύν
1221 1153 1334 1244 ὀρθῶς
1347 1180 1427 1242 γρα-

207 1265 320 1353 ψάσης
340 1268 399 1352 τῆς
420 1262 560 1332 συνόδου
581 1261 620 1328 τὸ
643 1257 829 1346 όμοούσιον.
868 1262 897 1330 εί
917 1261 978 1347 γὰρ
999 1260 1179 1339 Διονύσιός
1200 1258 1289 1327 ίστιν
1312 1253 1427 1336 αύτοῐς

209 1369 322 1456 φίλος,
356 1365 400 1452 μὴ
430 1360 662 1452 άρνείσθωσαν
689 1361 732 1430 τά
757 1365 817 1428 τού
846 1359 1049 1450 ὁμόφρονος·
1082 1361 1112 1428 εί
1134 1363 1170 1429 δέ
1191 1361 1361 1447 νομίζουσι
1381 1358 1425 1446 μῆ

208 1465 321 1556 ὀρθῶς
343 1468 516 1556 είρῆσθαι,
545 1469 620 1543 πῶς
651 1463 709 1530 τόν
731 1466 828 1530 τούτο
851 1466 987 1550 λέγοντα
1007 1462 1186 1530 Διονύσιον
1207 1463 1426 1547 ”θρυλλούσιν

208 1567 254 1648 ὥς
279 1569 322 1635 τὰ
349 1564 458 1635 αὐτῶν
486 1568 690 1654 φρονοῦντας
724 1563 870 1649 μάλιστα
894 1561 951 1644 ,ὅτι
979 1559 1057 1632 οὐδέ
1079 1563 1114 1632 ίκ
1135 1569 1301 1652 παρέργου
1323 1565 1426 1630 ταῦτα

209 1673 310 1756 λέγων
338 1676 507 1758 φαίνεται,
541 1664 625 1734 ἀλλά
651 1665 813 1752 πρότερον
842 1664 944 1744 άλλας
971 1665 1152 1745 ἐπιστολάς
1178 1665 1310 1752 γράψας
1330 1663 1427 1743 ἆτοὺς

208 1773 268 1856 μὲν
300 1769 531 1857 κατειρηκότας
558 1761 659 1835 αὐτοῦ
689 1762 734 1848 τῆς
761 1767 808 1854 μὴ
836 1768 986 1853 λέγοντος
1008 1763 1186 1850 όμοούσιον
1206 1765 1265 1834 τόν
1285 1766 1358 1832 υίόν
1378 1769 1426 1852 τῷ

209 1874 311 1957 πατρί
335 1871 490 1955 διελέγχει
512 1868 743 1951 ψευδομένους,
766 1867 843 1946 τοὺς
861 1869 897 1936 δέ
912 1866 1104 1952 νομίζοντας
1117 1863 1218 1934 αύτὸν
1234 1869 1337 1954 λέγειν
1358 1877 1428 1953 ’γε

209 1971 304 2060 νητὸν
336 1969 394 2037 τὸν
421 1970 517 2056 λόγον
550 1968 808 2056 παρακρούεται,
843 1966 896 2036 ὅτι
932 1968 977 2059 μὴ
1014 1966 1120 2050 ούτως
1158 1966 1203 2049 ὡς
1238 1971 1426 2054 νομίζουσιν

209 2071 398 2162 ἐφρόνησεν,
422 2067 490 2140 ἀλλ’
516 2071 545 2140 εί
566 2073 620 2139 καί
641 2069 701 2151 τὰς
722 2073 827 2151 λέξεις
849 2073 964 2158 εἴρηκε,
988 2071 1045 2138 διὰ
1066 2070 1165 2136 τούτό
1180 2095 1283 2159 φησιν
1306 2072 1427 2158 εἰρηκέ-

207 2201 278 2256 ναι,
312 2173 398 2262 πρός
419 2173 458 2240 τὸ
478 2173 580 2259 μόνον
603 2173 718 2253 δείξαι,
751 2169 805 2239 ότι
824 2173 869 2260 μὴ
893 2169 912 2238 ό
933 2172 1044 2260 πατήρ
1067 2172 1156 2240 ἔστιν
1179 2167 1247 2239 ἀλλ’
1273 2168 1291 2239 ό
1313 2172 1385 2252 υίὸς
1408 2168 1426 2240 ό

206 2275 245 2344 τὸ
272 2276 405 2365 γενητὸν
432 2278 488 2342 καί
515 2273 646 2342 κτιστύν
667 2278 720 2342 καί
744 2275 884 2358 ποιητὸν
907 2273 1125 2358 ἐνδυσάμενος
1146 2278 1257 2358 σῶμα,
1291 2273 1344 2341 διδ
1372 2277 1426 2343 καί

206 2383 405 2466 γεγενῆσθαι
425 2379 478 2445 καί
502 2380 724 2464 πεποιῆσθαι
737 2379 792 2444 καί
815 2375 969 2444 ἐκτίσθαι
991 2376 1120 2460 λέγεται
1142 2371 1159 2441 ὁ
1183 2375 1261 2455 υἱός.

122 2500 198 2544 vm.
291 2488 342 2548 20.
384 2475 517 2562 Ἀμέλει
539 2477 654 2563 ἐπειδὴ
675 2475 891 2564 επροελήφθη
912 2476 1043 2564 γράψαι
1063 2477 1122 2556 τὰς
1143 2477 1299 2558 τοιαύτας
1313 2479 1425 2560 λέξεις,

206 2590 279 2658 τοῖς
299 2582 359 2664 μὲν
377 2575 564 2662 Ἀρειανοῒς
583 2577 693 2663 μακρὰ
714 2575 831 2665 φράζει
843 2585 978 2664 χαίρειν,
1002 2578 1095 2665 παρὰ
1110 2579 1146 2646 δὲ
1159 2583 1226 2647 τῶν
1241 2575 1426 2648 ἀκουόντων

207 2681 395 2768 συνείδησιν
415 2673 546 2765 άγαθῆν
568 2673 714 2758 άπαιτεῒ,
736 2677 776 2744 τό
798 2680 945 2765 δυςχερλς
964 2674 986 2764 ἢ
1006 2679 1090 2763 τάχα
1107 2683 1163 2747 καί
1185 2682 1224 2748 τὸ
1245 2677 1426 2767 άπερίδρα-

206 2803 283 2847 κτον
303 2784 370 2847 τῶν
392 2781 594 2868 ζητουμένων
616 2780 894 2868 προβαλλόμενος,
916 2781 1036 2869 ἵναμὴ
1058 2781 1118 2860 τάς
1139 2783 1242 2862 λέξεις
1263 2776 1345 2848 άλλά
1365 2780 1425 2869 τὴν

208 2881 358 2948 διάνοιαν
387 2884 466 2948 ’τοῦ
487 2882 673 2970 γράφοντος
693 2889 845 2970 κρίνωσι,
879 2885 933 2949 καὶ
954 2877 1093 2968 μάλισθ’
1118 2879 1198 2950 όταν
1219 2883 1427 2951 τὰπλεῖστα

204 2987 353 3071 μαρτυρῇ
375 2987 415 3071 τῆ
437 2983 554 3050 τούτου
577 2982 743 3072 φρονήσει.
775 2983 878 3072 ἔφησε
898 2987 977 3069 γοῦν
998 2987 1052 3051 καί
1075 2979 1189 3063 αὐτός·
1212 2981 1265 3052 ὅτι
1286 2987 1351 3050 τῶν
1366 2985 1425 3069 μὲν

204 3085 364 3154 τοιούτων
392 3081 438 3165 ὥς
467 3081 682 3172 άχρειοτέρων
709 3085 745 3166 ἐξ
770 3085 955 3173 ἐπιδρομῆς
982 3081 1078 3154 είπον
1109 3085 1152 3152 τά
1173 3085 1426 3173 παραδείγματα

203 3185 243 3254 τὸ
271 3184 376 3276 φατόν
402 3185 537 3255 καὶτὸν
558 3188 716 3274 γεωργόν·
748 3197 821 3266 τοῖς
843 3187 878 3254 δὲ
900 3191 1200 3274 ΙΙπροςφυεστέροις
1223 3188 1450 3274 ἐνδιέτριψα.

204 3291 258 3356 καί
287 3291 389 3357 πλέον
418 3291 595 3374 διεξῆλθον
623 3290 701 3372 περὶ
728 3291 795 3354 τῶν
817 3283 1058 3376 ἀληθεστέραν.
1104 3285 1182 3356 όδέ
1202 3293 1303 3356 τούτο
1323 3291 1425 3374 λέγων

205 3391 367 3456 δείνωσιν
395 3385 618 3475 ἀληθέστερον
648 3383 733 3454 εἶναι
760 3387 799 3454 τό
827 3389 932 3474 λέγειν
954 3384 1064 3457 άΐδιον
1084 3393 1138 3458 καί
1162 3389 1196 3457 ἐκ
1215 3393 1276 3456 τοῦ
1298 3389 1426 3476 πατρὸς

204 3487 263 3554 τόν
283 3487 366 3569 υίύυ,
389 3485 476 3573 ἤπερ
497 3487 645 3575 γενητόν·
668 3487 702 3554 ίκ
722 3487 841 3555 τούτου
862 3490 922 3574 μέν
943 3489 1004 3576 γάρ
1026 3491 1064 3556 τό
1087 3490 1274 3576 σωματικόν
1294 3494 1353 3557 τοῦ
1368 3517 1426 3558 κυ-

205 3593 279 3676 ρίου
301 3594 504 3676 οημαίνεται,
527 3588 564 3668 ἐξ
584 3588 713 3656 ἐκείνων
736 3589 773 3657 δέ
793 3589 832 3656 τό
854 3584 964 3658 άΐδιον
986 3595 1044 3678 τῆς
1063 3594 1227 3681 θεότητος
1247 3588 1357 3660 αὐτοῦ.
1390 3592 1425 3659 ἐν

204 3689 336 3768 τούτοις
356 3693 435 3776 γοῦν
456 3693 510 3758 καί
532 3683 694 3778 η’λέγχθαι
713 3687 791 3778 παρ’
816 3687 917 3759 αὐτοῦ
939 3692 1017 3772 τοὺς
1039 3694 1288 3780 ἐγκαλέσαντες,
1312 3690 1359 3774 ὥς
1378 3693 1424 3781 μῆ

205 3793 355 3878 λέγοντος
377 3786 478 3858 αὐτοῦ
500 3787 679 3877 δμοούσιον
700 3795 759 3858 τοῦ
781 3792 917 3880 πατρός,
941 3796 1193 3882 διαβεβαιοῦται
1215 3793 1273 3862 ούκ
1295 3793 1423 3874 άπλάς,

204 3886 289 3960 άλλὰ
309 3892 393 3979 μετὰ
416 3893 606 3983 φρονήσεως
627 3896 680 3961 καί
703 3889 906 3976 ἀποδείξεως
928 3890 1085 3984 άληθούς,
1108 3899 1227 3986 λέγων·
1251 3898 1281 3966 εί
1302 3900 1355 3965 καί
1378 3896 1424 3984 μῆ

203 3993 261 4084 τῆν
284 3997 371 4076 λέξιν
392 3995 512 4083 ταύτην
534 3983 628 4082 εὖρον
650 3993 684 4064 έν
705 4005 780 4076 ταῖς
800 4007 954 4086 γραφαῖς,
979 3993 1047 4064 ἄλλ’
1072 3997 1109 4079 ἐξ
1128 3993 1236 4066 αὐτῶν
1258 4002 1324 4068 τῶν
1345 4024 1426 4085 γρα·

203 4100 278 4186 φάν
304 4096 362 4164 τόν
384 4101 461 4164 νοῦν
483 4097 688 4184 συναγαγών,
718 4097 818 4184 ίγνων
841 4094 894 4166 ότι
915 4098 987 4179 υίὸς
1009 4093 1055 4166 ὢν
1076 4103 1130 4168 καὶ
1153 4099 1250 4187 λόγος
1272 4095 1310 4169 ού
1334 4102 1425 4181 ξένος

237 4245 477 4336 ι.(1ο11ι.ριύτούρΙ
515 4253 568 4304 Mox
593 4253 691 4306 Τιυιίο.
716 4255 785 4333 culp.
837 4256 934 4334 Τιὀιίυ.
955 4257 999 4305 les.
1019 4256 1058 4334 Ιζγ.
1077 4257 1095 4305 ί.
1113 4250 1148 4304 τά
1166 4247 1245 4305 αύτά.
1284 4257 1336 4307 Mox
1354 4256 1425 4308 w.

203 4317 595 4454 Ιελιτδλίλδιίσδιάγλλίελελίίλίνωνι
633 4323 689 4384 Μ·
714 4323 784 4373 Bm.
835 4319 956 4442 μαδωδλδ
974 4315 1151 4453 λοχίτλιυήυ.
1178 4391 1247 4443 (ΣοΙίν.
1275 4392 1321 4442 les.
1346 4391 1385 4442 Fr.
1404 4390 1424 4442 1.

235 4457 258 4508 b.
277 4457 375 4508 Tauria.
396 4457 464 4509 colb.
484 4459 530 4508 Ιιι.
549 4447 649 4505 atvar.
794 4491 798 4496 -
836 4457 898 4508 Εδὶιί
916 4473 972 4508 τωο
991 4451 1053 4512 τούς
1069 4454 1122 4525 μὲν
1139 4443 1197 4507 ούν.

236 4541 256 4575 ο.
275 4526 331 4588 λος.
357 4527 386 4576 δε
412 4541 479 4577 more
496 4521 654 4591 θρυλοῦσιν.
692 4525 784 4576 Ibidem
870 4541 892 4576 e.
911 4525 1007 4576 Ττοτίυ.
1033 4528 1101 4578 eon».
1125 4527 1172 4577 Ιιυ.
1187 4517 1329 4592 γεννητόν
1354 4539 1424 4576 mon·
