3220 5046
576 295 686 340 cnoro
702 295 723 340 ι.
739 297 855 342 contat
868 297 1007 342 sulinos.
1104 349 1110 362 ¹
1332 283 1395 348 ult
1464 269 1468 283 ⁸

166 461 242 514 trem
263 433 429 530 spachin,
464 465 553 526 quam
575 447 762 510 non-lactum
783 443 899 510 dicere'
934 448 1014 512 llaec
1035 447 1113 513 euim
1136 448 1226 512 dictio
1249 449 1281 510 in
1302 449 1481 514 sectiones

166 552 330 634 Scripturio
352 567 415 611 non
437 553 544 618 exstet,
567 555 805 628 suspectamque,
829 559 930 630 utpote
953 552 1072 624 soriam,
1095 549 1184 614 habet
1200 551 1395 632 significatio-

168 674 246 724 nem,
270 655 309 715 ito
332 660 366 714 ut
387 649 611 736 interpretmtis
634 649 763 712 animum
785 652 930 714 ‹listralmt
943 653 1133 734 multiplicem
1149 653 1179 714 in
1195 673 1330 718 sensum.
1360 657 1398 717 m

166 777 224 820 vox
245 754 343 820 Patris
364 749 490 830 simplex
512 758 560 812 eet
580 761 668 830 atquc
690 751 720 812 in
735 751 843 813 (lirinis
858 751 1152 832 Scripturisnsitatn,
1173 757 1327 836 magisque
1341 775 1395 819 re-

107 843 116 864 '
168 859 249 920 rituti
271 854 427 931 congruit,
450 851 608 914 etlilium
630 853 770 914 duntaxat
790 851 945 931 significat.
987 853 1099 918 Deinde
1120 857 1292 922 vocabulum
1315 877 1394 920 ncn-

171 957 240 1022 locti
262 976 277 1016 c
301 952 483 1026 Gentilibus,
507 951 558 1033 qui
578 953 686 1016 Filium
706 953 857 1034 ignorent,
880 961 929 1016 est
950 955 1159 1034 excogitatum:
1179 961 1274 1022 Patris
1296 968 1396 1024 autem

173 1057 346 1120 rocabtdurn
367 1056 404 1118 ab
426 1055 494 1135 ipso
509 1055 636 1118 Domino
658 1066 765 1119 nostro
789 1065 836 1132 est
857 1055 989 1136 agnitum
1011 1065 1042 1120 et
1061 1056 1197 1120 bonellcii
1217 1060 1282 1122 loco
1304 1049 1393 1126 adbit

170 1177 355 1224 concessum.
400 1157 552 1237 Siquidem
575 1159 641 1238 ipse
662 1177 724 1220 non
745 1157 868 1238 ignarus
890 1157 975 1221 cuins
997 1158 1172 1232 eratfilius,
1194 1160 1304 1224 aiebat:
1334 1164 1395 1244 lieo

169 1267 202 1324 ln
225 1261 332 1332 Patre,
362 1270 391 1323 et
410 1259 507 1322 Potor
526 1264 560 1322 in
580 1279 627 1322 ore
648 1272 709 1333 est,
743 1267 788 1322 et:
817 1265 870 1342 qui
894 1262 969 1324 uidit
988 1279 1050 1332 otc,
1085 1261 1162 1324 cidit
1183 1259 1321 1334 Putrem,
1352 1271 1397 1326 et:

171 1363 234 1443 lico
257 1373 287 1425 ct
310 1363 403 1424 Peter
423 1379 518 1424 neum
540 1380 655 1424 tumus.
700 1361 853 1442 Nusquam
875 1371 973 1425 eutem
989 1362 1055 1442 ipse
1069 1363 1189 1426 Patrem
1210 1363 1400 1426 non-lactum

169 1465 313 1547 appellnt:
342 1481 397 1525 nec
425 1481 492 1524 cum
520 1481 577 1526 nos
596 1475 697 1525 'crare
719 1464 834 1537 docuit,
864 1463 950 1526 diruit:
980 1483 1047 1526 cum
1069 1481 1142 1525 vero
1164 1465 1271 1538 oretis,
1300 1463 1399 1537 dicite,

167 1565 250 1628 Deus
272 1566 455 1638 non-ineto3
485 1565 538 1626 sed
560 1565 679 1645 potius,
710 1566 878 1628 Gemuere
902 1571 1014 1640 oratii,
1044 1567 1145 1639 dicite,
1169 1567 1264 1630 Potor
1284 1577 1398 1640 noster,

167 1674 221 1750 qui
239 1686 270 1729 cs
298 1669 331 1728 in
359 1665 460 1729 coelio.
505 1666 549 1728 Eo
582 1667 670 1729 etiem
698 1687 844 1730 summam
871 1675 992 1732 nostrae
1027 1668 1094 1730 lldei
1123 1667 1273 1748 pertinere
1296 1669 1398 1743 voluit,

167 1787 236 1832 cum
262 1787 320 1830 nos
349 1767 439 1830 iussit
466 1767 610 1848 baptizari
632 1789 693 1832 uon
717 1772 747 1832 in
768 1771 890 1832 nomine
911 1772 979 1834 lacti
1002 1779 1031 1832 et
1052 1770 1214 1834 non-iacti
1241 1791 1337 1852 neque
1366 1773 1484 1840 inens

167 1870 291 1932 nomine
312 1871 454 1932 creatoris
477 1879 507 1932 et
528 1871 572 1933 rei
594 1879 719 1946 creatae,
742 1871 797 1934 sod
819 1872 849 1934 in
871 1872 994 1935 nomine
1014 1873 1111 1936 Patris
1134 1883 1164 1934 et
1184 1872 1251 1936 Filii
1273 1881 1302 1935 et
1324 1873 1395 1955 spi-

169 1973 245 2034 ritus
267 1971 369 2034 seneti.
413 1973 475 2036 Nos
498 1973 594 2048 eninr,
623 1972 671 2052 qui
695 1973 773 2036 inter
793 1993 843 2035 res
865 1975 956 2036 iactas
985 1991 1192 2048 numeramur,
1221 1973 1260 2036 ito
1289 1975 1396 2038 initiati

169 2075 228 2136 iam
250 2075 391 2138 efficimur
412 2073 474 2150 lilii,
497 2082 528 2138 el
549 2093 615 2138 cum
631 2075 727 2138 Patris
751 2093 860 2138 nomen
882 2077 1124 2156 pronunciemus,
1148 2095 1183 2136 ex
1198 2075 1256 2138 hoe
1275 2077 1397 2140 nominc

169 2175 295 2240 Verbum
317 2195 448 2258 quoqne,
470 2178 550 2256 qnod
572 2176 603 2240 in
626 2177 713 2240 Patre
736 2186 792 2250 est,
816 2177 1016 2257 agnoscimus.
1061 2178 1174 2240 Vanum
1202 2177 1300 2255 itaque
1327 2177 1396 2238 illo-

167 2295 233 2340 rum
255 2290 393 2340 conatum
415 2297 484 2340 esse
505 2279 537 2340 in
559 2279 614 2340 bac
635 2280 764 2341 dictione
786 2281 947 2342 non-lacti
970 2279 1158 2352 adhibenda,
1179 2290 1302 2356 eamque
1325 2277 1398 2348 nihil

168 2387 287 2458 praeter
308 2397 420 2440 merom
442 2380 572 2457 speciem
594 2380 714 2456 babere,
735 2381 893 2460 probatum
915 2379 1080 2442 luculenter
1102 2388 1158 2442 est.

257 2581 307 2644 35.
350 2577 412 2640 lum
434 2581 471 2641 dc
493 2599 546 2653 eo,
568 2582 647 2661 qnod
670 2581 709 2644 illi
732 2581 896 2663 inquirunt,
919 2589 1019 2644 utrum
1041 2581 1164 2644 verbum
1186 2582 1224 2644 sit
1247 2579 1397 2654 mutabile,

173 2699 424 2762 superuacaneum
448 2692 495 2744 est
517 2683 676 2764 disputare.
722 2685 874 2764 Siquidem
899 2683 971 2746 sotis
994 2684 1116 2746 omnino
1140 2683 1248 2757 luerit,
1273 2683 1397 2762 siquae

171 2783 208 2844 ab
237 2784 280 2845 eis
309 2783 448 2846 dicuntur
475 2783 541 2862 ipse
568 2785 757 2859 exscribens,
792 2805 880 2865 quam
910 2787 999 2866 impia
1029 2787 1069 2848 sit
1096 2785 1215 2848 illorum
1245 2784 1396 2848 temeritas

170 2883 362 2946 ostendero..
384 2885 465 2947 Haec
486 2885 565 2946 enim
587 2895 667 2957 sunt,
692 2905 766 2964 quae
786 2887 942 2966 nugatorie
957 2888 1149 2965 interrogant.
1184 2887 1281 2959 „Num
1303 2886 1397 2948 libero

172 2984 353 3064 „praeditus
375 2997 420 3048 cst
442 2986 566 3048 arbitrio
587 2986 632 3046 rel
654 2985 741 3048 non?
783 2987 827 3048 lm
851 2986 1001 3048 uoluntate
1022 3006 1077 3066 pro
1101 2988 1147 3048 sui
1171 2987 1283 3048 arbitrii
1306 2986 1399 3046 liber-

172 3093 260 3160 „lute
283 3087 467 3162 bonusest,
497 3097 528 3150 et
555 3087 581 3150 si
604 3087 673 3148 velit
694 3095 795 3165 potest
817 3087 941 3159 mutari,
971 3105 1037 3149 curn
1066 3085 1198 3148 mutabili
1221 3087 1401 3158 situatum,

170 3188 253 3261 „rel
273 3197 307 3250 ut
331 3188 406 3268 lepis
436 3199 466 3252 et
493 3189 604 3268 liguum
631 3189 755 3250 liberam
782 3207 843 3250 non
872 3187 958 3250 babet
994 3187 1226 3268 voluntatem‚in
1249 3194 1402 3264 utromque

172 3299 313 3370 „portem
344 3309 378 3352 se
404 3291 542 3353 morendi
569 3299 600 3352 et
630 3288 820 3369 vergendi?“
864 3289 905 3351 Eo
934 3289 1037 3369 utique
1066 3297 1097 3350 et
1118 3287 1216 3350 dicere
1239 3296 1268 3349 et
1290 3285 1402 3350 sentire

169 3433 290 3507 ἇγένητε.
329 3445 418 3506 lnglic
437 3437 523 3510 πάτερ
543 3437 622 3510 ἡμῶν
640 3434 759 3507 ἇγίνητε.
813 3443 853 3494 οΙίἰ
879 3451 902 3492 et
926 3443 998 3491 editio
1024 3433 1141 3494 Commcl.
1170 3432 1310 3507 dyrrn'rou.
1350 3439 1401 3490 linx

169 3511 438 3562 Editiorerocommcl.
449 3515 521 3564 etelll
531 3503 760 3577 atympbytmne.
812 3513 912 3572 Segucr.
931 3505 1064 3560 δέδεικται
1080 3504 1167 3577 μηδὲν
1182 3501 1399 3575 πλέονίχουσαίὶ

169 3578 276 3634 l'eleltm.
297 3581 320 3630 b.
339 3571 475 3644 ἆγέννηττ.
811 3573 900 3644 μόνον
944 3573 1086 3628 erronice.
1125 3579 1203 3630 Ceteri
1228 3593 1283 3628 vero
1302 3587 1325 3628 et
1343 3579 1399 3628 editi

209 3661 231 3706 g.
250 3647 290 3696 Sic
317 3647 415 3710 Seguer.
451 3652 478 3697 tt
502 3649 542 3698 alii
568 3657 590 3697 et
614 3647 670 3697 editi
689 3635 756 3694 dlld
811 3641 857 3694 καί
897 3592 1069 3706 odiremur
1086 3637 1186 3712 ἔχουσα
1204 3635 1400 3712 decimumoct-

169 3706 256 3781 πάτερ
274 3707 353 3792 {uma
371 3724 417 3766 etc.
453 3716 527 3764 Paulo
546 3725 602 3779 post
618 3717 718 3778 Sefloer.
737 3723 761 3765 ct
812 3727 865 3763 τασ
877 3730 920 3764 ον.

170 3781 258 3840 nigros
277 3779 405 3842 ηθίλησε,
424 3778 555 3838 senecae.
590 3784 635 3834 nni
662 3793 686 3833 et
703 3784 760 3834 editi
846 3785 866 3833 t.
887 3783 927 3834 Sic
945 3783 1087 3845 Seguerinn.
1105 3781 1203 3840 Goblcr.
1222 3789 1245 3829 st
1263 3781 1366 3832 Felelm.
1378 3781 1401 3831 l.

171 3838 304 3908 ἠθέλησεν
322 3841 352 3896 od
371 3844 503 3904 κελεύσας,
814 3859 840 3902 ut
866 3861 889 3900 et
924 3851 1033 3912 legerunt
1061 3850 1211 3899 Omnibonus
1239 3857 1262 3897 et
1287 3849 1403 3900 Noouios.

207 3919 229 3965 b.
259 3919 315 3980 neg.
342 3927 367 3966 et
384 3917 489 3968 lclclm.
508 3919 531 3968 5.
551 3909 700 3982 ἄγεννητοῦ
717 3911 763 3966 τοί
813 3919 857 3968 Alii
876 3919 973 3968 crediti
992 3911 1141 3982 ἄτρεπτος;
1160 3916 1284 3966 mendose.

169 3984 311 4048 γεννητοῦ.
347 3987 468 4048 lngllean.
481 3988 536 4035 item
548 3983 687 4049 γεννητοῦ.
718 3986 761 4035 ttit
848 3985 929 4036 l.·Sic
948 3987 1088 4047 Seouerion.
1108 3985 1204 4032 Gohler.
1223 3983 1402 4034 ereetumt.

170 4067 227 4100 tero
241 4061 265 4102 et
283 4053 356 4102 editio
375 4053 492 4104 Commel.
512 4043 645 4116 ἆγενὴτου
658 4045 704 4100 καί
720 4065 763 4116 γε·
816 4053 860 4102 niti
878 4062 957 4102 nutem
977 4062 1001 4102 et
1018 4053 1074 4102 editi
1094 4042 1169 4109 bobr
1186 4047 1345 4118 προαιρέσει
1354 4036 1403 4098 οὖν

170 4118 264 4178 rotari.
303 4121 354 4169 blox
373 4123 473 4181 Seguer.
493 4122 591 4171 Goblcr.
616 4129 639 4171 et
658 4121 762 4170 Felclm.
814 4114 884 4168 κατὰ
902 4111 942 4167 τό.
978 4120 1030 4170 ldcx
1048 4118 1145 4170 Gobler.
1165 4127 1188 4169 et
1207 4113 1404 4168 l'elcltm.l.xcl

174 4187 195 4236 1.
215 4182 327 4236 κτίστου
343 4181 389 4235 xci
406 4183 569 4254 κτίσματος,
604 4189 646 4237 ubi
665 4189 762 4238 Gobler.
815 4179 848 4236 od
867 4181 990 4236 δύναται.

171 4263 197 4304 et
215 4255 320 4304 Felclrm.
342 4257 363 4305 l.
389 4256 581 4306 circumflectunt
606 4255 714 4310 ultimam
740 4257 763 4306 in
850 4271 881 4305 nr.
901 4257 942 4306 Sic
959 4257 1057 4315 Sogoor.
1077 4262 1101 4303 et
1117 4253 1189 4314 editi,
1208 4261 1279 4317 atque
1298 4253 1329 4302 its
1346 4252 1405 4313 legit
1430 4249 1439 4266 ⁸

169 4321 291 4372 κτιοτοῦ.
326 4324 374 4372 Sed
386 4325 486 4400 perinde
498 4325 542 4382 eal,
561 4337 615 4374 nam
636 4332 764 4386 utrumque
814 4323 930 4373 Nunnius.
957 4323 1010 4372 'titi
1035 4315 1072 4375 ult·
1090 4313 1176 4374 ἄνθος
1192 4313 1238 4368 καί
1255 4313 1350 4375 ξύλον,
1378 4325 1404 4367 ut

171 4391 287 4439 scribiurr
303 4401 451 4450 κτιστηςοι
467 4386 584 4450 κτίστης.
615 4390 659 4440 ttit
670 4399 694 4440 st
707 4391 763 4440 editi
815 4399 839 4440 ct
857 4391 1008 4440 omnibonus
1026 4390 1092 4450 legit.
1129 4390 1203 4438 Panlo
1228 4395 1284 4449 poet
1302 4387 1402 4460 Sernes:

173 4447 303 4506 ἄκτίστοο
320 4453 366 4506 καί
383 4454 540 4525 κτίσματος.
816 4457 914 4508 Gobler.
938 4465 962 4508 et
987 4457 1091 4506 Felcltm.
1113 4457 1134 4504 l.
1153 4463 1176 4502 et
1195 4453 1219 4502 5.
1244 4461 1267 4500 ot
1286 4453 1341 4513 lleg.
1358 4463 1405 4498 και

208 4527 224 4574 l.
248 4526 305 4589 lice.
324 4535 348 4577 ct
367 4527 472 4578 Fclclm.
491 4527 515 4577 5.
540 4517 699 4590 ἆγεννὴτου.
736 4524 765 4573 n
816 4519 914 4588 ῥίπτειν,
951 4524 1012 4572 Editi
1032 4519 1113 4572 etalii
1132 4513 1310 4584 unicolori».
