2872 5046
352 247 699 296 enumeret-erumna
714 248 837 294 annunt.
1138 233 1199 300 877

11 417 159 482 nquam
198 417 289 462 unum
324 398 365 460 sit
390 415 500 478 eorptrs
528 398 699 472 antherum,
732 399 811 478 quud
840 408 986 482 quatenus
1007 401 1135 481 Spiritus
1158 412 1286 466 estu-dt·

11 522 109 582 ceps
138 500 300 582 spirituale
322 499 444 587 intelligi
466 501 607 572 ostendit,
631 509 897 580 qrntenueautem
920 502 950 564 in
972 502 1105 582 putentia
1120 503 1199 566 duu-

11 655 12 664 ,
54 604 201 666 animae
228 601 385 673 immanet,
406 601 533 668 animnle
554 603 627 668 illud
648 602 785 666 declarat.
829 604 888 666 Cur
909 611 1026 678 autem,
1058 583 1145 668 si'ita
1166 623 1201 671 aa

21 705 142 766 habet
172 712 209 768 ut
236 722 289 764 res
318 702 433 776 uiuitis,
463 721 525 766 non
554 705 645 768 hunno
670 711 783 769 tantum
804 704 912 770 dir-itur
934 704 1086 779 Christus,
1115 703 1199 784 quasi

11 827 42 868 rs
85 805 223 884 quidam
251 806 359 878 heure,
395 805 445 890 qui
475 806 512 868 de
534 806 622 868 caelis
644 807 810 878 advenerit,
844 807 898 868 sed
921 816 948 868 et
971 807 1048 872 lilius
1069 805 1200 871 huminis

11 928 42 970 rs
74 905 160 972 est?
208 905 241 969 Si
262 905 352 987 igitur
373 906 406 970 iu
426 913 506 970 terre
526 907 622 969 leetns
645 915 693 967 est
715 906 961 979 illustrandis,
989 908 1059 972 lieet
1079 925 1140 971 nun
1163 926 1198 976 ex

11 1031 70 1074 ine
99 1009 176 1084 uiri,
201 1009 255 1072 sed
278 1028 314 1071 ex
335 1007 448 1088 Spiritu
471 1015 574 1072 saneto
597 1017 685 1070 uatus
708 1007 758 1081 ait,
781 1007 960 1086 Protuplaati
982 1009 1032 1086 qui
1055 1028 1131 1073 unus
1155 1017 1202 1076 eet

11 1132 42 1174 ιι
79 1111 173 1177 filius
203 1109 392 1189 intelligetur.
435 1109 538 1188 Neque
560 1109 639 1172 enim
661 1119 779 1188 praeter
798 1108 960 1180 ddamum,
988 1108 1038 1186 qui
1060 1127 1096 1170 ex
1118 1120 1196 1174 terra

27 1214 125 1278 alius
149 1212 300 1292 quispiam
322 1211 488 1290 descriptus
505 1218 560 1297 ⁴est
579 1211 681 1284 humo,
705 1210 754 1290 qui
776 1210 807 1272 in
830 1208 910 1272 eaelo
932 1209 1031 1280 luerit,
1055 1216 1088 1270 ut
1109 1219 1139 1272 et
1161 1229 1197 1274 ex

10 1319 39 1378 is
69 1332 200 1393 eorpus
220 1313 328 1376 haheat
348 1313 497 1384 Christus,
520 1320 549 1376 et
570 1313 648 1375 lilius
669 1311 801 1375 huminis
824 1312 865 1374 sit
886 1329 922 1373 en
943 1309 1001 1372 alio
1023 1309 1192 1376 ahldarnu.

11 1421 165 1496 ,prepter
187 1413 352 1478 Matthaeus
375 1413 494 1492 quidem
516 1412 609 1477 lilium
622 1412 771 1476 Abraham
793 1420 823 1473 et
843 1411 935 1474 David
957 1411 1039 1476 illurn
1061 1411 1203 1474 describit

11 1517 137 1578 nudum
169 1532 304 1588 earnem.
326 1514 423 1580 Lusus
454 1532 524 1576 rere
547 1531 614 1576 eum
635 1514 714 1576 Adue
737 1523 768 1574 et
788 1514 843 1575 Dei
864 1513 970 1578 Filium
994 1521 1122 1576 enarret
1166 1513 1199 1578 Si

11 1639 57 1682 ue
83 1615 322 1694 Evangelinruru
344 1615 482 1696 dlauipuli
505 1615 590 1688 estis,
612 1633 650 1677 ne
671 1613 834 1694 loquamini
858 1613 1003 1678 aduersus
1024 1615 1117 1680 neum
1141 1615 1200 1680 ini·

11 1709 126 1789 atem.
162 1713 408 1796 sed'Srrdptares
437 1732 544 1795 resque
573 1723 672 1795 gestes
700 1716 865 1782 seehmini.
912 1715 998 1798 Quod
1029 1716 1055 1778 si
1083 1727 1202 1796 praeter

20 1837 110 1898 quae
135 1817 355 1895 seriphum,
378 1816 433 1881 alin
455 1817 536 1896 tuqui
557 1818 589 1878 in
611 1815 710 1881 anime
734 1817 789 1892 sit,
812 1835 865 1880 eur
886 1816 1044 1882 adversum
1066 1835 1124 1880 une
1146 1816 1200 1882 de-

13 1923 91 1992 atis,
118 1917 178 1998 qui
199 1917 276 1983 nulla
299 1918 400 1982 audire
417 1919 468 1983 ¹vel
490 1917 590 1998 eloqui
615 1919 798 1982 sustinemus
821 1925 940 1998 praeter
961 1937 1005 1990 ea.
1029 1937 1104 1997 qnae
1120 1918 1197 1982 aeri-
1305 1943 1308 1950 ¹

23 2019 134 2086 sunt?
149 2071 153 2078 .
167 2037 235 2086 cum
256 2019 401 2086 hominu
422 2019 515 2082 dieat:
543 2019 580 2082 Sr'
598 2023 775 2083 manseritis
797 2023 830 2081 in
851 2037 991 2084 aermnae
1011 2037 1094 2092 men,
1122 2037 1193 2082 esre

11 2128 47 2186 τι·
69 2125 182 2186 err'ta'e.
1190 2169 1195 2178 .

41 2229 76 2290 9,
127 2224 202 2296 Quo
229 2228 315 2299 pnetn
343 2219 433 2299 igitur
461 2228 512 2282 aut
532 2219 650 2282 Fideles
676 2227 727 2280 aut
748 2218 908 2287 Christiani
928 2217 1118 2292 habeamini,
1148 2219 1198 2300 qui

14 2347 55 2390 ue
80 2321 256 2390 seeundum
277 2319 365 2382 uerha
386 2320 557 2398 seripturis
577 2319 730 2391 inpeditis,
759 2336 856 2397 neque
876 2318 968 2382 rehus
990 2319 1083 2396 gestie
1105 2318 1193 2387 tidem

11 2429 98 2498 retia,
129 2422 187 2486 sed
213 2419 328 2484 audetis
351 2438 400 2494 ea,
428 2439 504 2499 quae
525 2439 615 2500 supra
635 2429 773 2482 nrturem
793 2427 879 2493 sunt,
909 2419 1056 2484 delinire?
1098 2421 1282 2484 Num-ran.

11 2530 31 2588 d
57 2539 181 2605 parunt
210 2521 295 2586 uehis
323 2532 367 2586 eat
393 2521 538 2588 muhrtna
557 2541 620 2585 essa
643 2523 830 2592 desinitur,
855 2533 884 2586 et
907 2540 963 2586 rur
984 2521 1106 2586 malasti
1125 2527 1197 2590 estis

11 2623 124 2692 maiae?
169 2621 251 2688 Nnnn
270 2623 299 2687 si
325 2623 377 2702 qul
401 2623 561 2706 Prophetis
590 2641 651 2685 nen
679 2622 869 2688 erediderunt
897 2623 1084 2688 condemnati
1117 2631 1198 2700 suut,

11 2738 75 2792 tntu
105 2713 202 2803 mspt's
229 2725 278 2804 qui
307 2743 367 2786 nun
396 2724 576 2791 crediderint
597 2723 656 2806 ipsi
676 2723 827 2788 hominu?
873 2723 991 2791 nterim
1024 2741 1099 2802 quae
1131 2723 1199 2804 ipse

13 2832 57 2894 uit
80 2837 112 2890 et
134 2843 211 2904 quea
231 2826 297 2904 ipse
317 2826 461 2890 arbitratu
482 2845 538 2890 suu
562 2826 622 2905 egit
643 2825 680 2888 nd
702 2826 924 2904 abrogationem
939 2824 1055 2904 peceati
1069 2830 1100 2888 et
1113 2813 1209 2887 rner·'

11 2987 12 2990 ,
37 2947 92 2992 cur
115 2926 175 2992 aiio
198 2935 228 2988 et
249 2926 369 2990 diverso
390 2928 480 2992 mode
503 2945 643 2993 enarme
664 2933 716 2988 eut
737 2925 867 3004 eoghnre
888 2923 1031 2988 audetis?
1075 2924 1107 2988 Si
1122 2941 1197 2988 enn-

11 3048 88 3092 unur
109 3043 189 3095 earn.
212 3033 242 3086 et
262 3027 330 3106 ipse
350 3027 538 3092 eouiitehitur
558 3035 627 3101 uda,
650 3027 677 3090 si
691 3043 845 3107 negamus,
870 3025 980 3104 etipse
996 3021 1197 3102 nosuegehit.

16 3132 104 3194 tidem
127 3126 171 3189 illi
193 3144 255 3194 nnn
276 3127 429 3203 hebemus,
452 3129 501 3192 ille
522 3129 618 3192 tidelis
635 3137 744 3201 manet,
765 3127 900 3207 seipsum
916 3125 995 3188 eniur
1014 3141 1123 3203 negare
1141 3141 1197 3188 ne·

11 3235 40 3296 it.
87 3231 242 3302 Quaenam
264 3228 353 3308 igtur
373 3229 544 3298 huiusmodi
564 3239 663 3292 vestm
678 3230 824 3292 immensa
834 3225 968 3299 stultitia,
989 3237 1020 3288 ut
1034 3223 1198 3304 loquamini

11 3355 43 3396 ae
65 3330 176 3410 scripte
196 3348 260 3394 non
281 3338 366 3404 runt,
395 3339 424 3394 et
451 3331 500 3394 illa
529 3331 683 3404 suadetis,
718 3347 794 3409 quae
816 3327 911 3392 aliene
934 3334 1007 3392 sunt
1027 3344 1043 3388 e
1065 3322 1197 3405 pietate?

11 3435 87 3498 anim
108 3447 230 3497 munem
248 3429 398 3496 [tirhritnti
419 3431 698 3496 enmubatautielem
722 3430 822 3494 disere
842 3429 976 3502 audetis,
1006 3443 1070 3492 nou
1090 3425 1215 3492 adver-¹
1238 3469 1248 3484 .

11 3546 69 3600 rtee
102 3534 133 3597 in
158 3531 306 3611 duplieern
332 3551 385 3594 une
414 3533 555 3598 inuidisse
575 3533 775 3613 inpietatem.
819 3530 932 3594 ideireo
966 3527 1046 3594 enirn
1067 3528 1103 3590 in
1120 3527 1197 3592 hane

11 3634 150 3700 utentiarn
171 3633 300 3698 numum
321 3633 494 3713 effudistis,
522 3643 555 3696 ut
581 3634 627 3697 rel
649 3652 769 3696 runem
794 3631 909 3716 negatis
931 3631 978 3694 rel
998 3629 1029 3694 in
1051 3629 1196 3694 lleiteteru

13 3857 28 3906 i.
46 3856 79 3904 lta
92 3851 263 3914 Saguntinus,
281 3863 352 3914 quem
370 3852 446 3901 renuti
464 3865 560 3911 enatans.¹
610 3853 633 3902 in
645 3865 700 3914 ,que
719 3859 745 3900 nt
762 3859 786 3900 et
803 3852 827 3900 in
846 3850 917 3900 editis
934 3839 1009 3914 αὐτῷ
1027 3847 1102 3898 deest.
1130 3847 1195 3897 lutra

11 3925 38 3972 ¹iti
55 3917 147 3986 λέγειν.
185 3915 258 3966 Panlo
283 3924 338 3980 poet
356 3918 516 3968 Gnhlerinnus
535 3925 558 3967 et
609 3917 709 3979 Sepuer.
735 3919 833 3968 Gohler.
855 3926 878 3967 et
896 3917 1000 3966 Felehm.
1021 3915 1043 3965 l.
1062 3907 1196 3981 ἑτέρωνῆ
1274 3949 1277 3954 .

11 3989 112 4040 iiekuul.
131 3977 173 4037 dat
188 3975 212 4034 εἰ
228 3975 311 4049 ὑμεῖς.
348 3984 400 4034 linx
418 3985 558 4045 Seguntiae.
598 3979 697 4049 ,λέγειν
714 3975 739 4043 ἢ.
1024 4039 1032 4060 ‚

11 4057 76 4106 ubter,
93 4051 226 4109 Feltini.
245 4058 268 4102 et
287 4052 391 4102 Graecae
408 4051 557 4115 Striptten·
643 4054 658 4102 i.
683 4051 781 4104 Gobter.
800 4057 823 4100 et
841 4049 946 4100 l'etetnr.
959 4049 980 4100 l.
1001 4041 1094 4100 αυτόν.

11 4116 132 4173 sinenda.
169 4119 229 4169 nutri
247 4111 316 4166 ἔστι.
643 4120 664 4168 Ιι.
683 4119 782 4181 Sepuer.
799 4111 954 4181 γινομένην.
988 4117 1079 4166 ibidem
1097 4117 1196 4176 Sepuer.

18 4205 37 4250 g.
54 4191 86 4240 lta
103 4189 234 4251 Sannerien.
254 4185 352 4237 notter.
371 4193 394 4235 et
411 4184 518 4238 nstrum.
533 4186 554 4234 l.
608 4185 706 4236 Gohler.
725 4185 828 4236 Felehm.
841 4185 863 4234 1.
878 4175 1193 4246 ιιΑιιιΙΛὴνάπᾶτησιν.

11 4257 43 4304 tiri
65 4271 115 4306 rere
134 4247 160 4306 ai
172 4247 247 4320 ,μήτε
270 4252 328 4306 τοῖς
350 4265 401 4317 γιγ
421 4247 555 4318 appatuere
606 4253 669 4304 Editi
686 4267 744 4304 rere
760 4259 785 4303 et
801 4253 841 4304 etii
859 4245 910 4310 ripn
927 4243 1096 4310 ἀπάντησιν,
1123 4247 1194 4298 dubia

11 4317 141 4387 ιιθόμιιιιι,
156 4316 222 4389 μήτε
241 4321 298 4375 seir
313 4333 378 4386 raro
431 4331 555 4373 ennaea-
606 4320 686 4372 testie.
1124 4375 1131 4392 ‚

11 4388 97 4441 ιῦντις.
642 4388 657 4437 Ι.
676 4387 774 4449 sepner.
795 4387 892 4442 Gabler.
911 4395 939 4440 et
949 4385 1052 4437 Felehm.
1064 4383 1085 4434 l.
1102 4375 1194 4458 ’frer-

22 4454 43 4502 h.
60 4457 97 4508 Sie
116 4471 194 4526 enum
212 4471 273 4512 ιιιιι.
290 4466 388 4525 praeter
404 4456 510 4512 Feletn.
522 4455 557 4518 2,
606 4449 700 4542 sardii
719 4448 795 4521 ἡμεῖς
811 4451 861 4504 τὸν
874 4443 1022 4518 inmanius
1033 4443 1191 4516 dpreaaarer.
