3214 5048
551 247 659 294 onusto
676 249 708 294 n.
724 249 989 296 comministros.
1307 239 1367 304 381

139 407 198 480 eit,
220 422 297 467 non:
333 403 395 484 iiqo
418 419 486 464 snm
507 409 615 476 cresto,
638 401 692 464 sed
714 409 842 464 tontum:
875 401 1025 468 Dominus
1048 407 1164 466 creavit
1183 423 1230 468 nse
1251 409 1454 469 ontttoomsn.

141 513 264 572 vinnm
283 522 413 570 snorum
435 506 468 565 in
492 520 586 584 opero
608 521 674 576 sue,
697 521 758 564 non
780 512 879 566 cutem
902 513 934 566 ot
954 523 1054 568 essem
1068 523 1118 566 me
1132 505 1250 581 crearit,
1273 525 1369 588 neque

130 609 220 690 qnod
243 607 339 672 simite
361 605 486 667 habeam
509 622 607 666 rernm
629 613 793 668 creatorum
814 605 992 686 principium
1014 617 1065 670 eut
1086 609 1240 690 originem.

228 713 279 775 ts.
323 707 389 770 Non
412 705 641 768 concisurum
663 707 721 768 hoc
742 708 773 768 in
794 707 861 768 loco
890 717 1024 772 usturam
1048 729 1119 772 snae
1141 711 1300 776 tinctoris
1325 713 1456 774 retusus.

142 821 295 876 aeternnm
326 827 559 889 germanumque
588 807 635 870 sui
663 807 760 888 ipsios
788 828 824 870 ex
854 809 940 870 Putre
962 821 1061 874 ortum
1083 813 1249 878 Solomonis
1271 813 1369 878 vesto

142 913 327 995 significarit,
349 911 404 972 sed
425 909 520 971 sciam
543 909 754 972 humanitatem
777 920 808 972 et
830 919 998 990 susceptam
1022 913 1115 974 nostri
1137 916 1228 993 gratio
1243 918 1367 998 dispen-

144 1015 291 1078 sationem
312 1011 464 1076 inteiiexit.
508 1009 600 1084 Hinc,
624 1019 657 1072 ut
676 1011 735 1072 iarn
759 1011 879 1088 monui,
901 1030 960 1074 nen
984 1011 1074 1074 dixit:
1105 1009 1251 1078 Res'sum
1271 1027 1368 1090 creato

143 1118 189 1180 vei
211 1117 350 1179 Creatori
379 1115 452 1178 rsus
480 1132 564 1188 sum,
598 1107 650 1176 s‘ed
680 1121 793 1176 mum
824 1119 949 1178 crescit.
995 1113 1147 1196 Siquidem
1175 1133 1224 1176 res
1244 1127 1368 1190 orestes,

144 1220 211 1300 quie
234 1225 361 1281 οτοοιοιυ
383 1215 494 1278 hebent
515 1223 660 1290 notorem,
682 1235 699 1276 e
722 1234 845 1278 numero
867 1235 967 1280 rernm
990 1218 1133 1278 indecoro
1148 1223 1219 1278 sunt
1233 1223 1263 1276 ct
1277 1217 1369 1278 nessi

144 1321 297 1393 dimotur,
331 1318 512 1398 omninoque
545 1327 678 1390 erectum
710 1327 837 1380 crentur.
880 1321 917 1382 tr
949 1319 1014 1382 sois
1046 1318 1137 1382 dicn‘o
1169 1323 1283 1380 mouit
1311 1335 1372 1378 non

144 1420 315 1484 necessario
338 1431 470 1494 patrnam
492 1420 537 1482 vel
560 1427 658 1482 ortum
681 1419 844 1500 significet,
874 1422 928 1484 sed
955 1420 1066 1502 aliquid
1097 1419 1175 1482 eliud
1198 1419 1274 1482 cirea
1297 1437 1371 1493 rens,

146 1523 184 1586 de
205 1541 261 1603 qus
284 1522 424 1602 ieqcitur,
445 1522 510 1586 tieri
533 1521 640 1596 innuit,
662 1539 718 1584 uec
731 1522 859 1604 proinde
875 1523 916 1598 id,
938 1524 1017 1603 quod
1033 1523 1140 1585 dicitnr
1154 1521 1260 1594 orem,
1283 1507 1371 1584 οϋοιο

144 1629 248 1687 netcrt
270 1634 300 1686 ct
321 1623 487 1686 subeuntis
508 1631 639 1686 ereetum
660 1633 715 1686 est
761 1625 848 1699 Quod
877 1625 994 1706 quidem
1018 1625 1176 1688 discrimen
1198 1641 1260 1686 non
1281 1624 1371 1703 ipon-

142 1733 205 1790 tnm
228 1733 275 1788 est
296 1724 411 1788 divinoe
433 1724 620 1806 Scriptnrsc,
651 1745 727 1808 quac
755 1727 792 1789 de
822 1728 929 1790 creetis
951 1728 1041 1789 rebus
1070 1727 1125 1788 cit:
1169 1725 1298 1808 impieta
1324 1739 1372 1789 est

144 1839 231 1892 terro
255 1832 399 1890 creeterd
427 1833 496 1900 tud,
527 1835 571 1890 et:
605 1833 673 1908 s'pm
707 1841 851 1892 creature
880 1832 1026 1911 conpererit
1047 1841 1075 1892 et
1098 1827 1290 1892 condolescit.
1334 1827 1369 1888 ln

142 1928 315 2011 Apocalypsi
336 1941 456 2010 quoqne
478 1929 633 1996 scribitur:
661 1930 700 1994 iit
721 1943 843 1996 mortuo
865 1941 910 1994 eet
933 1935 1026 1994 tertio
1043 1949 1121 2011 porr
1145 1941 1367 2002 ereotnrorstnr,

145 2051 219 2113 qnos
247 2041 336 2093 erent
363 2036 395 2094 in
417 2035 510 2104 mori,
543 2037 662 2095 animos
697 2033 879 2096 debentium.
923 2033 970 2096 nu
1003 2033 1075 2094 item
1102 2031 1225 2093 Pontus:
1266 2031 1369 2094 tunm

144 2143 288 2212 creotnro
316 2132 374 2220 Dpi
400 2134 479 2195 tono
508 2143 567 2206 ert,
601 2145 631 2196 et
658 2133 737 2196 ortu
766 2135 975 2208 reiieiendstm,
1004 2135 1083 2216 qnod
1112 2151 1178 2195 nim
1198 2135 1371 2211 pretiorum

143 2240 259 2300 notione
285 2237 470 2316 percipitur.
514 2234 551 2295 Et
573 2235 603 2295 in
625 2234 700 2296 iibro
722 2235 890 2314 Sepientiee
918 2233 1041 2312 legitur:
1078 2233 1118 2294 Et
1139 2232 1296 2312 Sapientis
1318 2239 1372 2294 rso

146 2340 333 2400 cessurnicts'
354 2335 512 2407 torrissem,
536 2347 571 2397 ut
587 2337 801 2398 dominaretur
819 2339 981 2405 creaturis,
1004 2351 1080 2414 quoe
1094 2351 1113 2394 o
1129 2347 1157 2398 te
1171 2335 1272 2412 scctue
1290 2345 1373 2395 runt

144 2439 232 2512 Quod
254 2445 352 2499 sutem
374 2454 425 2498 res
447 2436 532 2510 istce,
555 2453 630 2517 quoe
651 2443 804 2499 creaturae
828 2445 907 2509 sunt,
929 2435 1024 2498 nean
1046 2433 1191 2508 dicentm,
1213 2433 1243 2496 id
1265 2449 1372 2496 rursm

144 2536 310 2602 altomuro
332 2538 400 2601 iicet
421 2538 548 2614 discere,
570 2539 654 2602 cuins
676 2555 785 2620 nempe
808 2539 881 2602 haec
902 2545 972 2600 sunt
995 2536 1098 2599 verbs:
1126 2537 1194 2610 Qui
1213 2545 1312 2600 nutent
1329 2535 1370 2600 ed

143 2643 230 2705 initio
254 2639 392 2704 homines
414 2643 538 2713 munit,
561 2641 729 2704 moscnlsnn
750 2653 779 2706 et
800 2642 944 2721 fenicem
963 2641 1038 2720 [ecit
1058 2656 1119 2702 eos.
1151 2636 1235 2700 idem
1250 2655 1371 2717 ipsoque

144 2743 299 2804 coufirmat
320 2743 449 2823 Moyses,
471 2744 521 2822 qui
544 2741 575 2804 in
597 2743 717 2806 moneo
741 2744 781 2806 ita
801 2744 948 2824 toqoiror:
982 2741 1175 2821 Interroqote
1197 2741 1270 2812 dies,
1294 2755 1369 2822 quse

142 2848 264 2924 priores
287 2854 315 2905 te
336 2846 436 2923 [octos
459 2857 546 2916 sont,
577 2865 596 2906 o
619 2847 680 2914 die.
709 2863 768 2926 qno
795 2844 879 2906 Deus
909 2845 1055 2906 hominem
1084 2845 1253 2903 crescitis
1275 2852 1371 2912 terro,

145 2955 174 3007 et
197 2945 235 3006 od
257 2961 404 3005 sommum
428 2942 551 3006 metm.
585 2943 622 3004 Et
642 2943 751 3006 Paulus
775 2943 900 3023 epistole
924 2943 959 3002 sd
974 2942 1172 3002 colossenses
1193 2941 1238 3002 sic
1254 2939 1371 3006 scribit:

149 3045 279 3118 Qni.sst
300 3048 396 3124 imopo
418 3041 476 3105 Dei
499 3043 679 3117 r'notsttttts,
708 3047 929 3125 primopcnitns
959 3045 1055 3106 omnis
1085 3051 1262 3111 erecturum
1296 3057 1371 3118 qno-

147 3149 229 3206 niam
251 3149 282 3206 in
304 3149 370 3226 ipso
395 3155 497 3206 creoto
519 3155 592 3208 snut
615 3149 725 3217 omnio,
748 3164 823 3226 quoe
845 3149 877 3208 in
900 3144 989 3207 coelis
1007 3152 1079 3204 sunt
1095 3153 1123 3204 et
1137 3159 1213 3224 quoe
1226 3143 1260 3202 in
1275 3151 1371 3210 terre,

146 3245 276 3310 efflidr'o
299 3257 328 3310 et
349 3246 522 3318 invisibilis,
547 3249 611 3309 sive
635 3245 750 3309 Tironi
770 3251 833 3308 sine
855 3246 1083 3310 Domiuotiones
1098 3247 1161 3306 cies
1177 3240 1372 3320 incorpores

145 3351 208 3411 sios
228 3347 415 3424 Potestque:
446 3352 547 3411 munio
566 3367 624 3430 per
645 3353 746 3431 ipsum
768 3357 797 3410 et
819 3351 851 3409 tn
873 3350 940 3429 ipso
963 3354 1066 3409 erecto
1088 3355 1168 3416 snut,
1191 3355 1220 3408 et
1242 3347 1306 3422 ipse
1327 3353 1373 3404 ert

146 3463 215 3514 onte
237 3454 346 3513 cntnio.

145 3663 207 3736 περὶ
228 3663 280 3735 μὲν
304 3665 366 3718 τῶν.
403 3669 463 3720 ΕοΙίιί
487 3679 511 3720 οι
528 3669 568 3720 etii
585 3665 731 3735 περὶτῶν.
782 3662 951 3722 δέὂττίοοο.
977 3669 1039 3718 Editi
1057 3677 1080 3718 er
1099 3668 1139 3718 iiii
1157 3657 1202 3715 ἀπ’
1215 3657 1301 3732 ἀρχῆς
1316 3656 1372 3732 γὰρ

146 3737 220 3786 Ponto
238 3745 293 3800 post
310 3738 411 3800 Sequor.
426 3744 448 3786 et
459 3737 513 3800 Req.
534 3733 686 3794 συνωδίνει,
706 3748 732 3789 οι
782 3731 797 3786 ὃ
815 3733 916 3791 κτίσας.
942 3738 982 3788 Sic
994 3745 1073 3786 rotem
1088 3738 1189 3786 hebetur
1207 3735 1277 3785 ilorci
1298 3733 1336 3788 10.
1348 3733 1371 3784 6.

146 3803 216 3854 trehet
227 3805 359 3868 Scriptum.
396 3803 440 3853 titt
459 3813 483 3854 rt
501 3805 556 3854 editi
574 3799 730 3856 συνωδίνει.
783 3797 837 3854 int
857 3799 886 3854 δὲ
904 3797 990 3870 ἀρχῆς
1006 3799 1126 3858 κτίσεως.
1149 3803 1247 3865 Vntqats
1262 3805 1293 3853 tt
1304 3803 1370 3852 initio

179 3887 200 3933 p.
220 3863 424 3934 &guermundum
440 3866 485 3918 καὶ
503 3863 518 3918 ὅ
537 3869 650 3926 Παῦλος.
686 3873 732 3924 Atti
784 3882 857 3924 nutem
877 3881 1002 3924 ereotnroe.
1260 3887 1262 3892 ·

145 3946 168 3988 et
185 3939 242 3988 editi
259 3933 353 3992 tuditis
369 3931 415 3987 καὶ
432 3935 546 3992 Παῦλος.
817 3941 833 3992 Ι.
851 3935 987 4006 προτέρας
1010 3941 1078 3989 deest
1102 3939 1124 3988 in
1150 3939 1247 3989 notter.
1267 3936 1371 3986 Feicim.

178 4006 203 4056 h.
225 4007 323 4070 Sequor.
347 4001 393 4055 nai
410 3999 440 4056 ἰν
458 4004 491 4074 τῇ
508 4001 604 4070 ooqiq.
641 4007 731 4056 ibidem
786 4008 809 4057 t.
827 4017 851 4056 et
868 4009 891 4058 4.
927 4009 1023 4070 ttiieg.
1042 4001 1178 4072 προτίροτ
1194 3999 1243 4059 τὰς
1259 3999 1371 4070 γενομέ-

145 4073 208 4123 idem
232 4082 255 4122 et
279 4073 383 4125 Feicim.
408 4076 433 4126 i.
452 4083 476 4126 et
493 4075 517 4125 5.
534 4065 733 4127 κατεσκεύασας
783 4089 833 4128 νας
849 4069 985 4142 προτέρας
1002 4087 1060 4123 σου.

144 4131 301 4206 Μθοτποο.
819 4157 851 4192 m.
869 4144 940 4194 (ioht.
957 4151 982 4193 et
999 4143 1103 4192 Feiotm.
1124 4142 1145 4192 t.
1163 4135 1208 4190 τοὶ
1225 4132 1241 4189 i
1259 4133 1372 4191 nudior.

178 4209 193 4257 i.
212 4209 311 4272 Sequor.
330 4219 354 4260 et
371 4209 476 4260 neroum.
494 4210 518 4260 t.
535 4221 633 4274 ysyerq
656 4204 732 4258 iren.
785 4209 859 4259 tidem
879 4225 932 4260 mm
950 4218 974 4260 et
991 4211 1129 4272 Sequerisn.
1149 4209 1221 4259 Bssii.
1239 4207 1330 4269 nuptie.
1348 4217 1372 4255 et

144 4275 196 4324 iios
214 4277 313 4340 sepner.
327 4287 351 4327 et
362 4279 417 4340 tieg.
436 4273 506 4342 λέγει
523 4270 569 4326 stoi
586 4221 733 4334 migades.
785 4279 887 4328 Fetoim.
907 4279 931 4328 4.
951 4276 999 4326 τοῦ
1017 4274 1145 4328 decincti
1158 4267 1285 4342 ἀοράτου.
1309 4273 1371 4322 dditi

144 4343 207 4392 notu
224 4353 248 4394 et
266 4345 306 4394 eiii
323 4339 370 4394 sot
386 4347 506 4396 omittunt
784 4343 833 4393 τοῦ
851 4344 918 4394 θεοῦ
936 4336 1065 4410 ἀοράτου,

180 4411 202 4459 i.
226 4411 324 4462 Gobisr.
349 4419 371 4462 st
394 4414 498 4464 Feicim.
520 4414 542 4462 i.
560 4405 730 4476 revincire.
819 4427 842 4462 o.
862 4415 960 4476 Sequor.
971 4409 1004 4462 toi
1018 4426 1046 4464 re
1064 4404 1093 4462 tr
1111 4410 1168 4462 τοῖς
1184 4401 1311 4477 ciperon
1326 4399 1372 4452 utri

145 4475 222 4528 iidem
240 4487 264 4528 et
280 4481 379 4542 sepner.
397 4480 570 4532 sinarcumi.
589 4471 633 4530 ἅτ(
648 4472 734 4548 ἀρχῆς
785 4473 829 4530 ἰπὶ
845 4479 902 4548 γῆς.
