2822 5030
352 251 700 298 murmurmurmur
715 251 803 297 ιιιιιιι
818 253 850 298 u.
1144 237 1206 302 lltlll

1 407 77 470 edio
102 405 213 469 tollunt
233 402 263 465 in
286 401 448 483 perniciem
470 411 557 477 eunt,
590 421 657 466 oum
680 410 711 467 et
731 397 801 466 'rere
821 403 985 467 incarnatio
1006 406 1082 468 tacte
1104 412 1135 466 et
1154 419 1294 468 ve-r.so.

10 529 47 572 ¹·s
73 508 152 580 risa,
174 507 267 586 gratie
289 523 408 585 quoque
430 505 605 567 testimonio
628 504 819 585 comprobate
840 505 939 568 luent.

61 717 95 774 t.
143 708 203 771 Cur
234 705 334 787 itaque
369 706 491 786 argutiis
526 705 818 794 sophismatibusque
845 705 1047 771 contenditis?
1084 707 1150 780 Qua
1171 708 1209 770 de

8 829 66 872 usa
89 807 280 871 simulatione
301 805 436 882 utimini,
466 815 498 868 et
518 825 610 886 quare
632 808 727 887 pelam
750 827 811 870 nou
834 809 947 882 dicitis,
982 828 1050 873 enm
1072 825 1207 886 nonas-

13 921 75 974 mte
100 911 180 972 servi
202 911 297 971 torma
319 909 472 972 homiuem
493 911 603 972 lactum
624 909 737 984 luisse,
760 909 812 972 sed
834 910 917 988 quasi
939 911 1091 974 hominem
1113 929 1207 992 eppa-

12 1011 104 1075 isae‘l
148 1011 191 1074 lla
213 1010 322 1091 quippe
345 1020 391 1073 est
408 1011 650 1090 interrogationis
679 1017 794 1073 vestrm
817 1009 1009 1089 significatio,
1041 1031 1098 1091 que
1125 1014 1207 1075 irau-

1 1115 117 1176 ulenter
144 1113 209 1192 ipse
237 1124 268 1174 et
294 1112 361 1192 ipse
389 1112 495 1174 iterato
516 1111 624 1175 dicitis.
668 1112 799 1192 ideoque
826 1130 914 1174 verae
935 1111 1130 1174 incarnationi
1152 1119 1190 1176 ad

0 1217 90 1278 rsari
113 1214 240 1277 studetis
268 1232 384 1294 nosque
405 1213 560 1277 calumniis
584 1213 778 1294 oppugnatis,
801 1213 972 1301 dicitisque:
1000 1211 1145 1276 Homines
1166 1213 1304 1277 illimes.

1 1321 81 1379 'eunt
103 1315 254 1378 Christum
276 1333 345 1378 asse
367 1315 528 1388 hominem,
551 1317 601 1395 qui
621 1316 701 1379 Deus
723 1315 818 1378 lactus
841 1315 890 1379 sit
933 1315 1045 1394 Ecquid
1068 1313 1126 1375 sihi
1148 1313 1207 1377 vaelt

0 1419 63 1479 ud:
88 1417 127 1480 le
146 1421 301 1499 principio
318 1429 387 1480 erot
412 1417 546 1488 Verium,
569 1424 599 1478 et
620 1417 761 1480 Formam
782 1421 867 1480 serui
886 1421 1036 1500 occipiens
1051 1416 1147 1478 laetus
1161 1425 1209 1478 est

19 1538 87 1592 mo,
111 1537 199 1598 quam
221 1528 272 1582 aut
299 1519 467 1592 hominem,
489 1517 579 1592 aiunt,
602 1537 669 1581 cum
691 1518 754 1581 lieo
777 1518 963 1593 existentem,
985 1526 1036 1581 out
1056 1515 1207 1580 hominem

1 1640 39 1696 no
56 1620 275 1700 complicatum,
299 1629 349 1682 aut
363 1617 514 1682 homiuem
529 1637 585 1698 pro
606 1618 717 1681 mundo
739 1628 889 1682 mortuum
905 1628 936 1682 et
950 1620 1001 1700 qui
1015 1637 1084 1698 pers
1105 1617 1209 1682 mundi

5 1731 31 1794 t,
63 1731 114 1784 eut
137 1720 291 1784 hominem
313 1720 426 1801 peccati
447 1739 510 1784 non
532 1729 699 1800 expertem,
721 1729 772 1784 aut
792 1719 945 1783 hominem
964 1719 1084 1800 Angelis
1109 1719 1206 1799 impe·
1291 1743 1301 1760 ·

9 1832 100 1896 ntem,
125 1831 178 1884 aut
199 1821 361 1895 hominem,
384 1821 434 1901 qui
458 1839 475 1883 ι
497 1821 641 1884 creaturis
656 1821 807 1896 adoretur,
829 1830 880 1884 eut
893 1821 1056 1894 hominem,
1078 1821 1128 1901 qui
1142 1821 1207 1882 llo·¹

6 1927 75 1987 inns
100 1925 150 1998 sit,
174 1923 290 1986 dicente
310 1923 474 2004 Apostolo3
496 1922 612 1986 Paulus
627 1942 737 1987 seruus
751 1923 822 1986 lesu
839 1923 963 1995 Christi,
985 1931 1036 1986 aut
1056 1921 1207 1986 hominem

9 2027 164 2100 unitiatem,
197 2025 247 2104 qui
268 2024 413 2086 Dominus
437 2024 477 2085 sit
497 2023 624 2103 moriae,
653 2025 892 2098 anthemium,
923 2024 973 2104 qui
995 2025 1070 2087 haec
1089 2024 1206 2088 audiet:

7 2130 52 2190 ede
75 2149 93 2191 o
117 2129 236 2191 deutris
257 2129 346 2198 oreis,
369 2133 421 2186 aut
441 2125 605 2198 hominem,
627 2125 678 2205 qni
698 2134 841 2187 venturus
864 2125 913 2197 sit,
936 2125 1132 2187 otmundum
1154 2125 1206 2187 iu-

1 2228 78 2322 poeti
108 2230 190 2290 llaec
212 2236 258 2288 est
280 2227 381 2289 lutoso
403 2235 501 2288 restra
522 2227 691 2297 subversio,
718 2245 776 2304 qua
798 2225 934 2288 homines
955 2225 1065 2305 potatis
1087 2233 1118 2287 et
1138 2225 1206 2288 ine·

3 2331 90 2408 istis.
134 2331 317 2406 loterrogate
340 2344 411 2406 ergo
433 2325 578 2400 ludaeos,
613 2335 647 2387 ut
679 2345 746 2388 eum
778 2327 852 2388 haec
883 2325 951 2406 ipse
981 2325 1071 2388 verbe
1103 2333 1205 2388 contre

5 2431 129 2506 ¹rristum
152 2436 181 2490 et
202 2436 304 2490 contra
326 2426 436 2490 Christi
458 2425 562 2488 fideles
584 2427 621 2490 ab
643 2427 702 2490 illis
723 2427 837 2508 prolata
856 2426 1021 2500 audieritis,
1044 2426 1204 2489 erubesca-

6 2537 28 2587 ¹³.
72 2527 183 2590 Discite
204 2546 323 2610 quoque
345 2529 381 2591 ab
404 2528 468 2590 aliis
491 2527 657 2603 haereticis,
681 2529 732 2610 qui
753 2529 856 2592 eadem
878 2547 953 2610 qnae
968 2547 1022 2590 ros
1041 2527 1204 2609 loquuntur

5 2602 9 2631 ι
32 2629 172 2692 sentiunt.
216 2630 251 2694 ln
273 2629 403 2693 medium
418 2629 600 2694 adducentur
621 2629 720 2711 itaque
741 2631 958 2694 haereticorum
980 2631 1127 2709 dogmate,
1151 2649 1203 2691 re-

1 2749 40 2818 ru
55 2733 210 2808 sententia,
233 2732 303 2795 fidei
317 2741 439 2796 nostrae
453 2732 541 2804 ratio,
564 2731 713 2812 Evangelii
728 2732 872 2807 delinitio,
887 2731 1099 2812 Apostolorum
1113 2749 1203 2810 prae·
1277 2747 1281 2755 ’

13 2833 97 2906 ontio,
118 2833 334 2912 Prophetarum
356 2833 560 2896 testimonium
584 2843 614 2896 et
634 2843 770 2915 peractae
785 2833 979 2898 oeconomiae
991 2850 1079 2896 verus
1095 2830 1203 2894 modus

5 2950 104 3012 eraque
124 2933 212 2996 ratio.

1 3143 2 3148 ’
65 3137 95 3197 d.
137 3133 326 3214 Respondete
347 3135 447 3214 igitur,
469 3153 526 3215 qua
548 3137 664 3199 radone
685 3135 783 3200 dicitis
796 3137 891 3199 Deum
907 3129 946 3198 ex'
956 3135 1079 3197 Nerea-et
1093 3134 1203 3196 lectum

1 3235 83 3326 risse,
103 3233 264 3316 Deitatiqua
285 3237 403 3300 initium
426 3237 571 3300 existendi
594 3239 675 3300 iuxta
688 3237 811 3300 Paulum
826 3237 1067 3300 Samosetensem
1085 3234 1200 3297 adscri-

2 3335 67 3408 itis‚
95 3343 146 3398 aot
170 3338 268 3400 carnis
294 3337 517 3416 generationem
538 3339 652 3418 negatis
674 3339 754 3401 iuxta
774 3337 957 3401 Marcionem
978 3325 1009 3398 et
1028 3335 1103 3399 ahos
1125 3336 1199 3398 hae·

1 3427 100 3509 eticae,
122 3455 175 3500 neo
194 3437 224 3500 in
248 3439 367 3502 statutis
388 3439 571 3519 Evangeliois
592 3439 740 3513 inceditis,
762 3439 817 3502 sed
838 3437 925 3502 radda
948 3455 985 3500 ex
1005 3435 1125 3519 proprie
1150 3435 1199 3498 lo·

3 3535 31 3596 ui
53 3537 215 3601 sententie?
258 3540 330 3603 Ideo
352 3541 432 3604 enim
455 3541 553 3604 dicitis
575 3542 669 3606 Deum
691 3560 727 3604 ex
741 3541 859 3622 Virgine
880 3547 982 3604 natum
1004 3557 1073 3602 esse
1088 3557 1123 3601 ac
1137 3555 1198 3600 non

1 3645 75 3698 teum
96 3644 125 3698 et
143 3637 292 3704 hominem
312 3643 394 3705 iuxta
415 3641 619 3723 lirengelicam
640 3643 852 3717 definitionem,
873 3661 912 3706 ne
933 3643 961 3706 si
982 3641 1080 3704 caruis
1103 3657 1196 3719 gaue-

1 3736 125 3802 etionem
146 3740 356 3820 confiteamini,
385 3745 480 3823 ipsam
502 3745 665 3810 naturalem
687 3744 841 3808 admittere
863 3743 1024 3826 cogamini,
1047 3760 1106 3824 qua
1126 3759 1198 3806 eane

20 3991 42 4039 d·
61 3991 156 4068 §litto
171 3987 215 4041 *αἶ
230 3985 311 4042 πάλιν
328 3987 360 4042 td
377 3987 409 4044 ἒν
425 3985 503 4062 dulgi-
648 3997 672 4048 Ιι.
690 3997 725 4049 Ιιι
742 3989 833 4056 inette.
852 3997 953 4059 Segncr.
972 3997 1071 4049 Gohlcr.
1084 3995 1201 4048 etl’elclr·

21 4073 41 4107 a.
59 4074 73 4118 η
91 4054 235 4126 ἄνθρωπον
250 4059 317 4126 degi.
336 4064 443 4125 Segosa!
613 4065 694 4116 manni
706 4065 728 4115 l.
762 4067 825 4115 Editi
843 4080 898 4116 raro
915 4060 1030 4130 γένεσιν.
1066 4062 1199 4115 ltoxlimil.

21 4126 36 4174 l.
54 4127 146 4178 Gobtar.
168 4137 191 4180 et
207 4130 309 4182 ielclrn.
322 4129 343 4180 l.
354 4123 431 4198 παρὰ
447 4129 504 4180 τῶν
517 4121 561 4180 ἆλ-
612 4127 676 4188 coire
693 4124 788 4186 ἄλλοις
805 4130 862 4182 ru‘r
879 4125 1031 4200 αι’ρειιιιιῖν.

0 4217 2 4282 p
26 4186 193 4274 ναῖςετικῶν
214 4190 248 4246 ιὰ
272 4192 408 4265 δόγματα.
445 4198 497 4249 llos
514 4200 560 4250 Sa-

13 4273 52 4308 ιιι,
69 4271 102 4312 η,
118 4255 183 4314 „51st
199 4256 268 4332 ὕμιν,
646 4235 661 4284 i.
684 4227 733 4282 acri
754 4235 823 4286 decet
846 4234 869 4284 in
893 4233 991 4286 Gobler.
1009 4240 1033 4282 et
1050 4229 1154 4281 Felclm.
1175 4229 1197 4280 l.

12 4329 370 4470 ιιιιιι
383 4333 560 4458 ‘terrun
610 4299 784 4448 ilitio:
800 4292 1199 4432 huattinuit:

21 4475 75 4540 pepp
91 4465 155 4519 deest
169 4469 193 4522 in
209 4471 304 4536 &anan
375 4497 379 4504 ·
610 4449 664 4492 ²⁰⁶¹

21 4573 23 4580 .
35 4553 53 4606 gp
