3176 5058
428 313 572 358 errsross
588 313 625 358 on
640 315 783 358 narraris
799 315 943 359 nicaense
959 315 1076 358 arnoni.
1327 303 1367 364 ts

139 463 217 528 aliod
245 475 324 527 certe
352 485 367 526 a
396 463 487 524 rebus
518 465 602 526 lactis
629 475 658 526 et
685 465 721 526 ab
743 467 879 528 omnihus
903 486 972 528 ease
992 467 1151 536 dicendum
1175 477 1233 529 est.
1277 469 1452 531 crinem.

137 566 218 628 enirn
241 577 287 628 est
310 568 418 645 imago,
442 565 507 624 eius
530 574 559 625 et
580 565 790 645 proprietatem
813 577 842 628 et
863 568 1085 631 similitudinem
1108 569 1209 642 babet,
1237 571 1312 632 adeo
1336 581 1368 632 ut

137 668 189 748 qui
209 668 329 730 Patrem
351 667 540 726 non-iactum
563 675 593 726 et
613 667 845 746 omnipotentem
868 670 1006 748 appellat,
1041 671 1067 732 is
1091 672 1120 733 in
1143 673 1315 732 non-laeto
1339 681 1369 732 et

139 769 348 849 omnipotente
368 767 457 827 buius
480 767 609 828 Verbum
631 773 661 826 et
682 768 865 845 sapientiam,
887 789 959 847 qliae
981 771 1044 850 ipse
1067 781 1115 834 est
1127 773 1229 846 Filius,
1252 771 1366 834 intelil-

140 879 198 950 gat.
243 871 354 930 Verum
376 868 486 946 egregii
508 867 551 928 illi
573 873 660 946 atqvve
682 867 718 926 ad
739 867 917 945 impietatem
939 872 1083 948 proclives
1098 874 1233 936 homiues
1255 893 1366 936 nomon

141 969 291 1042 non-laeti
315 969 534 1048 excogitavere,
558 987 618 1029 non
641 975 674 1028 ut
695 967 787 1030 ileum
810 969 1005 1043 honorarent,
1027 974 1080 1032 sed
1102 987 1134 1036 ut
1154 975 1269 1054 signum
1293 995 1365 1038 svaae

143 1089 212 1150 erga
236 1069 418 1132 Salvatorem
441 1069 662 1132 malevolentiae
684 1069 869 1132 exhiberent.
915 1069 946 1130 Si
970 1071 1047 1132 enim
1070 1073 1122 1133 ilci
1144 1075 1239 1136 bonor
1260 1087 1289 1137 et
1311 1097 1364 1140 ve·

140 1171 257 1234 neratio
281 1172 338 1233 illis
360 1191 446 1233 curae
467 1172 588 1243 luisset,
622 1173 716 1234 satius
740 1190 813 1233 sane
835 1179 899 1232 erat
919 1172 1165 1252 praestabatque,
1187 1175 1253 1235 ibes
1274 1179 1365 1240 ileum

140 1274 261 1335 Patrem
288 1291 446 1352 agnoscere
480 1283 509 1334 et
536 1274 649 1346 dicere,
683 1293 772 1354 quam
805 1293 873 1336 eum
901 1273 1074 1336 huiusmodi
1104 1275 1223 1336 nomine
1254 1295 1367 1339 vocare.

143 1375 218 1438 Cum
241 1376 319 1438 enim
341 1373 382 1436 illi
402 1374 496 1436 Deum
517 1378 717 1438 non-lactum
740 1375 904 1456 appellant,
933 1375 1015 1438 illum
1038 1395 1074 1436 ex
1098 1376 1187 1437 rebus
1211 1377 1312 1446 laetis,
1339 1385 1371 1438 ut

142 1475 330 1556 supradixi,
360 1476 528 1538 effectorem
556 1485 668 1539 tantum
691 1477 809 1550 dicunt,
839 1485 871 1538 ut
898 1476 1012 1538 scilicet
1035 1476 1162 1538 Verbum
1184 1495 1303 1557 quoque
1325 1479 1371 1538 lo-

142 1583 224 1640 etum
246 1595 314 1640 esse
335 1577 512 1656 significent,
534 1577 614 1657 quod
636 1578 754 1658 quidem
777 1577 936 1658 plurimum
960 1577 1034 1658 ipsis
1057 1578 1179 1642 arridet.
1224 1579 1282 1652 Qui
1299 1597 1370 1640 vero

140 1679 234 1742 ileum
256 1681 373 1741 Patrem
394 1679 539 1754 nominat,
565 1680 665 1742 statim
687 1681 717 1741 in
739 1679 790 1740 illo
812 1679 917 1742 Filium
939 1697 1057 1759 quoque
1077 1679 1213 1758 intelligit
1233 1699 1290 1742 neo
1311 1679 1369 1742 du-

139 1780 236 1844 bitare
257 1789 371 1862 potest,
393 1781 465 1860 quin
487 1780 513 1843 si
536 1780 627 1842 Filius
650 1781 765 1856 existat,
793 1801 842 1844 res
864 1783 957 1844 factm
980 1799 1083 1844 ornnes
1106 1801 1162 1862 per
1181 1781 1288 1844 Filium
1309 1781 1370 1842 sint

141 1889 267 1944 uectae.

230 1985 280 2046 31.
323 1983 423 2063 ltaque
444 1983 551 2046 melius
573 1983 708 2045 veriusve
729 1984 827 2056 luerit,
850 1983 945 2046 ileum
965 2003 1001 2045 ex
1022 1984 1096 2045 Filio
1115 1983 1285 2063 significare
1308 1982 1367 2043 Pa-

143 2093 277 2164 tremque
299 2083 411 2159 dicere,
440 2103 528 2164 quem
557 2103 624 2146 euro
652 2103 688 2145 ex
717 2084 790 2146 solis
821 2084 961 2163 operibus
989 2086 1188 2146 non-lactum
1210 2083 1367 2164 appellare.

140 2185 215 2249 Nam
238 2185 267 2248 id
290 2185 409 2266 quidem
431 2203 541 2248 nomeu
564 2205 654 2265 opera
676 2205 712 2248 ex
734 2186 787 2247 Ilei
809 2186 959 2248 volontate
988 2205 1042 2265 per
1063 2185 1192 2248 llerhom
1223 2187 1297 2246 laeta
1319 2183 1368 2244 in·

140 2283 235 2362 dieat,
264 2287 360 2349 Patris
389 2293 487 2349 autem
520 2305 630 2348 nomen
652 2287 807 2368 proprium
830 2307 865 2348 ex
887 2287 951 2349 eius
975 2287 1140 2350 substantia
1161 2288 1252 2348 letum
1274 2284 1368 2362 signi.-

141 2391 221 2452 duat.
265 2389 415 2461 Quantum
446 2397 545 2448 autem
579 2396 624 2448 est
656 2388 836 2449 discriminis
867 2388 997 2449 Verbum
1027 2387 1105 2448 inter
1133 2393 1163 2448 et
1190 2404 1239 2448 res
1268 2388 1368 2454 lactas,

142 2497 260 2552 unum
282 2497 312 2549 et
333 2487 459 2568 amplius
481 2488 580 2549 dillert
593 2489 685 2550 ileum
700 2489 817 2552 Patrem
840 2489 937 2551 dicere
960 2499 989 2550 et
1010 2489 1199 2550 non-iactum
1213 2487 1369 2567 appellare.

141 2591 210 2654 Hoc
232 2590 310 2653 enim
332 2606 442 2651 nomen
463 2589 493 2650 in
509 2589 670 2672 seripturis
685 2609 746 2652 non
769 2597 864 2652 exsut
884 2598 1112 2670 suspectumrpre
1135 2597 1190 2662 cst,
1212 2607 1246 2650 ae
1260 2587 1369 2648 variam

23 2707 30 2720 ·
142 2691 233 2756 babet
261 2691 514 2772 significationem.
563 2693 600 2753 ht
627 2691 754 2772 simplex
780 2701 827 2754 est
859 2691 936 2752 aliud
966 2711 1091 2762 nornen,
1125 2689 1308 2768 habeturque
1339 2687 1370 2748 in

145 2794 327 2873 Scripturis,
359 2813 392 2855 ac
420 2793 532 2854 veritati
561 2793 655 2872 magis
688 2801 736 2854 est
762 2801 1011 2866 consentaneum,
1044 2811 1139 2872 eoque
1167 2791 1250 2852 solus
1279 2787 1371 2850 Filius

147 2893 336 2973 significatur.
378 2895 535 2954 Praeterea
556 2909 667 2954 nomen
688 2893 848 2955 non-iacti
870 2913 886 2955 a
909 2893 1070 2968 Gentibus,
1103 2891 1154 2971 qui
1174 2891 1282 2953 Filium
1310 2903 1455 2950 nonnam.

150 2991 349 3070 cognoscunt,
377 2995 531 3054 inventum
552 3001 616 3064 est3
648 3001 677 3054 at
698 2993 794 3054 Patris
822 3013 931 3056 nomen
958 2993 995 3056 ab
1022 2995 1088 3072 ipso
1110 2991 1237 3056 Domino
1266 2999 1370 3054 nostro

148 3091 307 3176 probatum
331 3101 361 3154 el
382 3094 481 3154 datum
504 3101 558 3154 est.
602 3093 670 3172 lpse
692 3095 785 3170 enim,
807 3096 856 3176 qui
879 3104 958 3158 certe
981 3095 1065 3156 euius
1087 3093 1165 3156 iilius
1186 3103 1280 3168 essm,
1309 3109 1370 3154 non

148 3193 309 3270 nesciebat,
333 3195 389 3257 ait:
412 3194 474 3276 Epo
498 3199 529 3256 ἐπ
551 3193 660 3268 Putre,
686 3205 714 3258 et
735 3194 827 3258 Potor
849 3201 881 3259 r’n
903 3214 948 3258 mc
971 3205 1030 3268 est,
1060 3204 1104 3256 et:
1137 3195 1199 3268 Qui
1218 3197 1298 3258 uidet
1318 3213 1365 3256 mr

145 3297 229 3360 videt
250 3309 278 3360 et
297 3297 429 3369 Patrem,
453 3305 497 3358 el:
520 3296 582 3378 Epo
606 3307 634 3359 et
655 3295 749 3360 Potor
770 3318 866 3362 onum
887 3316 1003 3360 sumus.
1046 3295 1132 3358 Nullo
1149 3307 1244 3358 autem
1260 3297 1289 3358 io
1304 3295 1371 3358 loco
1421 3299 1427 3308 '

103 3461 109 3468 ,
143 3400 265 3462 Patrem
286 3399 351 3478 ipse
374 3400 573 3460 non-laetum
601 3406 696 3460 vocat.
743 3399 822 3471 Quin
852 3399 939 3460 eliam
968 3417 1034 3460 cram
1064 3417 1120 3460 nos
1149 3417 1234 3462 orare
1262 3395 1370 3468 docuit,

143 3519 211 3562 non
232 3499 318 3560 dixit:
340 3499 414 3560 Gurn
436 3500 543 3572 oratis,
566 3499 669 3561 dicite:
692 3499 771 3562 Deras
794 3503 965 3575 non-lacte,
990 3500 1043 3562 sed
1064 3501 1181 3582 potius:
1206 3501 1279 3562 Cum
1301 3516 1370 3560 ora·

145 3599 261 3673 verilis,
284 3600 384 3662 dicite:
411 3600 505 3664 Potor
531 3615 640 3665 nostor
667 3605 720 3682 pol
746 3619 776 3662 cr
805 3605 837 3662 r'n
864 3601 965 3664 eoelr'a.
1009 3601 1134 3663 Nostrae
1164 3619 1282 3682 quoque
1304 3599 1372 3661 fidei

144 3711 234 3781 eaput
257 3703 360 3764 eodem
383 3702 475 3765 voluit
496 3709 641 3781 spectare.
685 3701 746 3764 Nee
773 3703 851 3764 enim
881 3721 937 3765 nos
966 3705 996 3765 in
1018 3703 1139 3766 nomine
1160 3700 1320 3765 noo-lacti
1342 3709 1372 3761 et

141 3801 216 3866 lacti
238 3802 283 3865 vel
304 3803 335 3864 in
357 3803 478 3865 nomine
499 3805 671 3866 non-creati
693 3812 724 3865 et
741 3803 831 3866 creati
845 3803 987 3886 baptizari
1002 3805 1101 3874 iussit,
1124 3805 1176 3866 sed
1198 3803 1228 3864 io
1251 3801 1371 3864 nomine

140 3893 246 3968 Patris
269 3903 383 3998 vet-Filii
416 3911 446 3966 et
467 3903 597 3983 Spiritus
619 3905 721 3966 sancti.
767 3905 809 3966 lta
833 3904 911 3966 enirn
932 3923 989 3966 nos
1012 3905 1118 3967 initiati
1140 3923 1208 3966 rere
1231 3903 1372 3964 efficimur

139 4005 201 4070 filii
223 4003 287 4078 nei,
310 4011 340 4066 et
360 4003 454 4067 Patris
476 4023 584 4068 nomeu
606 4005 838 4085 pronunciantes
861 4024 896 4066 ex
918 4006 976 4068 boe
997 4005 1117 4068 nomine
1134 4003 1272 4078 Verbum,
1294 4003 1373 4084 quod

137 4109 174 4170 in
200 4104 288 4167 Patre
310 4113 371 4180 est,
398 4105 615 4186 cognoscimus.
659 4106 744 4168 Licet
772 4126 862 4186 porro
890 4107 1045 4186 proprium
1075 4104 1121 4168 sui
1144 4105 1237 4185 ipsius
1260 4113 1373 4184 patrem

138 4205 288 4290 appellari
311 4206 466 4278 concedat,
495 4223 556 4267 non
585 4216 683 4268 umen
705 4207 814 4270 idcirco
837 4225 894 4268 nos
916 4225 983 4270 cmn
1004 4205 1078 4268 Filio
1101 4207 1262 4269 secundum
1285 4213 1373 4266 natu-

178 4408 202 4444 a.
222 4391 263 4442 Sic
287 4393 344 4456 ilar.
380 4393 425 4442 atti
454 4401 532 4443 sotem
560 4403 584 4442 er
611 4392 667 4443 editi
695 4391 735 4457 rol
822 4409 843 4442 e.
862 4392 974 4456 Sieileg.
1010 4395 1054 4444 llll
1073 4398 1193 4442 autemst
1212 4381 1347 4440 edltllxsl.

140 4461 271 4536 omittount.
822 4460 845 4508 d.
864 4459 904 4510 Sic
922 4461 979 4524 lleg.
1014 4464 1042 4512 ht
1060 4460 1100 4510 alii
1118 4467 1141 4510 et
1159 4459 1216 4509 editi
1234 4449 1298 4509 dede
1315 4445 1376 4520 eiri-

179 4530 205 4578 b.
224 4541 239 4586 η
259 4525 364 4578 deletum
383 4535 420 4579 est
437 4527 461 4577 in
480 4527 553 4590 llario
572 4527 663 4577 codice.
787 4529 859 4586 vrri.
