3174 5082
178 292 198 354 6
698 306 871 351 rnmrsrro.
974 321 984 337 ·

177 435 291 533 menta,
320 456 426 538 quibus
456 454 601 536 imprimis
629 455 765 517 monachi
792 455 975 518 Benedictini
998 474 1033 517 ex
1055 453 1282 534 congregatione
1304 453 1399 516 senui

176 557 269 620 Mauri
286 576 356 619 suas
367 563 484 636 patrum
501 555 646 617 editiones
662 565 887 640 exornaverunt.
914 556 988 617 Pars
1004 554 1123 635 quidem
1139 556 1317 636 optimarum
1332 553 1398 616 edi-

178 658 292 720 tionum
304 655 526 720 .Parisieusium
559 654 677 718 saeculo
707 657 867 736 praeterito
895 655 926 718 in
957 655 1040 718 ltalia
1067 653 1199 718 venetiis
1227 662 1257 717 et
1277 654 1399 729 Patavii,

176 759 250 819 aliae
271 775 368 839 nuper
380 757 502 819 Parisiis
524 757 599 837 typis
622 775 744 818 recusae
766 765 846 830 sunt,
869 757 922 820 sed
943 755 1075 836 exempla
1091 757 1215 835 repetita
1229 773 1290 818 non
1304 755 1399 817 multo

176 857 303 921 minoris
331 857 500 919 venduntur
527 873 614 938 quam
642 858 798 939 archetypa
826 875 882 920 nee
910 857 1024 920 facilius
1053 856 1198 918 studiosis
1228 857 1264 917 ad
1292 873 1399 918 manus

54 1019 58 1028 ,
176 959 308 1020 veniunt.
351 957 549 1021 Bibliothecae
571 965 668 1021 autem
687 969 807 1039 'patrum
829 977 904 1038 quae
930 957 1130 1038 appellantur,
1161 957 1241 1019 velut
1266 956 1400 1036 locuple-

178 1058 294 1122 tissima
317 1058 513 1133 Gallandiana,
535 1075 596 1122 non
619 1058 855 1138 complectuntur
875 1067 975 1140 patres
998 1059 1138 1133 maiores,
1160 1075 1295 1139 quorum
1310 1075 1400 1136 opera

177 1159 312 1243 pluribus
335 1160 534 1223 voluminibus
558 1143 827 1234 consurrectio
849 1159 913 1221 aliis
938 1159 1003 1220 eius
1025 1159 1143 1237 generis
1165 1156 1400 1232 collectionibus,

177 1279 252 1342 quae
273 1261 386 1325 nostris
409 1260 593 1342 temporibus
615 1261 770 1324 inchoatae
791 1269 862 1322 sunt
883 1269 912 1322 et
932 1257 1129 1340 particulatim
1151 1257 1270 1320 vendes
1285 1255 1428 1321 haben?¹

178 1370 236 1437 tur,
266 1363 375 1444 scripta
401 1363 564 1443 dogmatica
587 1362 706 1424 illorum
729 1361 869 1424 ecclesiae
895 1377 1017 1438 graecae
1039 1357 1245 1438 theologorum
1268 1367 1400 1428 autnon

175 1463 382 1544 reperiuntur,
409 1473 459 1524 aut
480 1463 569 1524 latine
590 1471 704 1524 tantum
727 1460 911 1522 exhibentur.
955 1459 1005 1521 Sic
1026 1459 1211 1524 Bibliotheca
1233 1479 1323 1524 suero
1340 1481 1401 1542 pa·

177 1573 261 1626 traam
283 1563 424 1626 ecclesiae
444 1582 633 1644 graccorum,
657 1579 745 1641 mam
767 1561 833 1623 Car.
855 1560 926 1622 Ero.
948 1560 1107 1622 Richterus
1129 1559 1248 1641 Lipsiae
1262 1581 1290 1625 a.
1308 1563 1400 1627 1826.

177 1661 266 1724 edere
287 1663 403 1742 coepit,
433 1682 493 1726 uon
522 1663 597 1726 ultra
625 1663 741 1724 tertiam
769 1669 883 1742 partem
905 1661 1065 1724 Clementis
1086 1662 1166 1723 Alex.
1190 1679 1282 1742 opera
1303 1663 1400 1725 mnu:

176 1770 298 1827 nentem
318 1764 476 1844 processit,
499 1772 529 1824 et
549 1763 734 1826 Bibliotheca
752 1773 879 1842 patrem
900 1763 1039 1826 eeclesiae
1062 1763 1235 1839 catholicoe,
1258 1767 1312 1843 qui
1330 1773 1402 1828 cate

180 1863 316 1927 Orientis
339 1876 368 1929 ct
392 1865 558 1928 Occidentis
579 1865 708 1927 schisma
734 1865 927 1944 nonerunt,
958 1863 1066 1926 oxonii
1089 1863 1124 1925 ab
1147 1883 1174 1926 a.
1200 1865 1291 1932 1838.
1312 1879 1400 1928 sum·

177 1962 257 2028 tibus
283 1964 405 2028 Parleri
434 1979 541 2028 excusa
567 1983 662 2045 paene
691 1973 752 2027 tota
780 1971 896 2026 consui
929 1964 1049 2044 scriptis
1083 1965 1252 2045 exegeticis.
1295 1966 1402 2028 insunt

81 2063 93 2086 ⁹
175 2064 255 2126 enim
278 2075 345 2130 octo
368 2066 413 2129 vel
435 2083 541 2138 novem
562 2065 779 2144 voluminibus,
808 2083 883 2146 quae
904 2065 1000 2128 adhuc
1022 2075 1268 2145 comparuerunt,
1298 2067 1399 2147 Augu-
1427 2055 1432 2063 ’

178 2165 248 2228 stiui
271 2167 488 2242 confessiones,
515 2167 719 2247 chrysostomi
741 2165 879 2229 homiliae
901 2166 932 2227 in
953 2167 1130 2230 llatthaeuro
1160 2176 1247 2246 atque
1274 2167 1305 2230 in
1333 2167 1399 2248 epi·

158 2265 272 2330 ¹stolas
294 2267 375 2330 Petili
398 2269 434 2330 ad
457 2267 626 2330 Corinthios
649 2277 679 2330 et
700 2269 736 2330 ed
757 2265 910 2330 Romanos
933 2285 948 2328 a
971 2267 1003 2328 F.
1026 2268 1138 2330 Fieldio
1161 2267 1268 2342 editae,
1297 2268 1399 2330 Thec-

177 2367 272 2431 doreti
295 2371 527 2433 commentarios
549 2369 579 2432 in
595 2369 676 2432 Pauli
698 2369 850 2449 epistolas.
888 2368 971 2442 Quae
986 2385 1056 2429 vero
1071 2366 1194 2430 Parisiis
1210 2368 1246 2430 ab
1262 2388 1289 2431 a.
1306 2371 1399 2436 1829.
1417 2367 1418 2370 ’
1540 2401 1543 2414 r

149 2453 289 2546 'prodiit
311 2469 452 2556 Collectic
475 2471 585 2533 selecto
606 2489 648 2532 es.
678 2471 818 2533 ecciesiae
841 2479 969 2550 petrum
998 2467 1194 2550 complectens
1225 2474 1402 2552 anmoins-

177 2571 255 2632 eimo
276 2586 371 2649 opere
394 2581 457 2633 tam
479 2571 644 2650 depenntico
666 2579 696 2632 et
715 2569 861 2642 morolio,
893 2579 957 2633 tam
984 2569 1172 2650 apologetico
1199 2581 1229 2634 ct
1251 2577 1400 2646 oratorio,

177 2667 261 2730 cuius
283 2668 449 2748 plusquam
471 2679 588 2732 centum
612 2678 642 2732 et
663 2671 781 2750 triginta
802 2670 950 2736 volumius
973 2688 1043 2732 cura
1065 2677 1095 2730 et
1116 2669 1305 2734 suttona.
1318 2672 1400 2736 Gaii·

175 2765 225 2831 lau
246 2777 276 2830 et
296 2769 333 2831 ll.
357 2769 392 2832 N.
416 2769 447 2831 S.
471 2769 590 2832 Guillcn
618 2769 696 2832 edita
718 2780 796 2845 sunt,
826 2789 860 2834 ea
883 2789 943 2834 non
965 2788 1103 2850 graecum
1126 2777 1248 2846 textum,
1279 2773 1333 2836 sed
1353 2773 1400 2836 la·

177 2867 265 2942 tinas,
288 2887 362 2949 quae
384 2870 555 2945 exstabant,
578 2871 837 2950 interpretationes
859 2872 1038 2953 scriptorum
1061 2871 1209 2953 origenis,
1237 2873 1400 2948 Athanasii,
1448 2935 1454 2944 ,

176 2967 293 3044 Basilii,
321 2967 456 3050 Gregorii
477 2969 548 3034 Nar.
571 2971 755 3054 aliorumque
776 2973 907 3052 praehet.
951 2973 1052 3054 Neque
1073 2973 1162 3037 altera
1182 2975 1318 3038 collectio
1340 2973 1399 3036 Pa·

176 3068 325 3146 niciensis,
347 3089 422 3152 quae
444 3071 639 3156 Petreioqiae
661 3093 772 3140 corsus
795 3077 959 3157 completus
981 3077 1166 3152 inscribitur,
1194 3077 1309 3158 copiam
1332 3074 1402 3138 iacit

175 3167 294 3252 legendi
312 3183 414 3254 patres
436 3192 570 3254 graecos,
593 3192 683 3254 quum
699 3173 795 3238 editor
810 3177 909 3238 eiust.
922 3178 955 3239 P.
967 3178 1063 3255 Migne
1078 3180 1161 3238 solos
1176 3177 1283 3236 latinos
1299 3183 1400 3254 patres

177 3273 399 3352 scriptoresque
421 3275 639 3337 ecclesiasticos
662 3275 825 3336 secuudum
848 3275 1035 3336 saeculorum
1061 3274 1168 3354 quibus
1191 3275 1327 3338 vixerunt
1346 3295 1400 3338 or-

176 3369 276 3432 dinem
298 3373 375 3450 typis
398 3373 497 3436 denuo
519 3372 731 3436 exscribendos
753 3381 851 3434 curet:
874 3372 905 3433 iu
919 3391 976 3451 qua
990 3392 1080 3452 opera
1095 3389 1174 3434 nunc
1186 3373 1328 3452 evulgatis
1341 3393 1400 3438 no·

175 3471 296 3555 nagima
318 3471 436 3534 circiter
456 3473 546 3537 tomis
560 3491 663 3553 ,usque
685 3473 721 3534 ad
744 3471 894 3534 saeculum
916 3489 1030 3534 nouum
1044 3489 1223 3552 progressus
1239 3483 1295 3538 est.
1332 3475 1400 3548 Quo

177 3568 267 3648 igitur
288 3571 418 3635 rariores
441 3581 512 3635 eunt
532 3573 679 3637 editiones
708 3573 888 3652 scriptorum
911 3589 986 3652 quos
1009 3571 1158 3634 nominari
1186 3579 1217 3634 et
1237 3574 1400 3653 pretiosio-

176 3687 237 3745 res,
259 3687 345 3750 quam
368 3680 402 3736 ut
422 3693 438 3735 a
459 3673 610 3755 plerisque
632 3691 747 3748 eorum,
769 3673 820 3754 qui
841 3671 1051 3736 accuratiorem
1074 3674 1243 3752 dogmatum
1265 3674 1401 3736 notitim

176 3769 252 3850 ipsis
267 3789 301 3832 ex
317 3771 447 3837 lonhbus
463 3773 582 3838 haurire
602 3775 702 3850 velint,
724 3773 837 3855 acquiri
857 3773 976 3853 possint
996 3774 1042 3835 vel
1057 3759 1202 3853 conquiri,
1224 3781 1253 3836 et
1266 3791 1326 3853 quo
1341 3771 1400 3834 mi-

176 3887 234 3933 nus
257 3871 322 3934 tleri
343 3855 470 3954 unquam
491 3884 602 3956 potest,
624 3883 659 3936 ut
679 3894 783 3954 magua
799 3874 946 3936 volumina
961 3891 1051 3952 parvo
1066 3873 1254 3936 venditentur
1269 3883 1299 3936 et
1312 3873 1400 3936 iatius

178 3969 374 4050 divulgantur,
397 3991 433 4036 eo
449 3976 565 4054 aegrius
579 3975 703 4059 isumus
718 3993 756 4037 ne
778 3974 922 4038 delectum
944 3973 1063 4054 quidem
1083 3971 1227 4036 librorum
1248 3976 1401 4055 potiorum

175 4065 346 4138 institutum
361 4091 439 4148 esse,
461 4076 511 4154 qui
523 4075 704 4138 desiderium
715 4075 898 4154 integrorum
911 4091 1033 4155 operum
1045 4075 1262 4156 propemodum
1274 4076 1400 4157 expleat.

177 4159 366 4254 deprolecto
383 4172 482 4236 mirari
501 4175 580 4249 licet,
602 4175 683 4254 quod
697 4173 774 4237 inter
789 4181 834 4236 tot
847 4176 928 4238 viros
945 4175 1061 4250 doctos,
1083 4175 1179 4256 quiin
1200 4176 1320 4257 scriptis
1343 4195 1400 4256 pa·

179 4282 258 4336 trum
271 4273 308 4335 ad
321 4273 553 4352 frequentiorem
568 4283 598 4336 et
612 4274 776 4336 faciliorem
791 4291 878 4336 usum
894 4275 1109 4338 uenerorenuis
1132 4294 1254 4355 operam
1270 4277 1401 4340 colloca-

180 4381 294 4449 serunt,
309 4391 398 4436 nemo
413 4373 449 4436 ad
462 4373 519 4436 hos
531 4373 600 4436 tidei
613 4372 796 4436 orthodoxae
809 4381 910 4455 patres
924 4395 959 4439 ac
974 4382 1113 4451 statores,
1128 4395 1253 4456 quoram
1270 4385 1402 4442 sanctam

178 4475 333 4540 cohortem
347 4475 429 4540 ducit
441 4473 629 4552 Athanasius,
645 4473 754 4540 claudit
767 4475 898 4540 loannes
913 4477 1123 4555 Damasceuus,
1139 4477 1269 4546 mimum
1284 4479 1402 4544 ridetur
