3220 5046
563 310 671 354 enarro
688 310 709 354 ι.
725 311 841 354 conone
854 311 992 354 uranos.
1327 302 1385 364 147

155 471 246 538 ment,
268 471 356 544 atque
379 459 581 524 detestandam
603 459 750 524 baeresim
765 459 913 542 appellent
927 459 1066 540 bonam);
1088 461 1174 526 robis
1197 463 1385 530 hortantibus
1395 481 1472 524 eaor.

154 566 357 628 necessarium
386 563 456 624 darni
489 561 619 622 thoracis
640 563 783 626 nefandae
804 563 927 626 huiusce
955 563 1088 628 haeresis
1116 565 1201 630 sinus
1230 566 1385 648 explicare,

154 677 242 748 atque
265 666 330 730 eius
353 662 494 728 stultitiae
515 663 679 741 patefacere
702 665 858 737 foetorem,
881 666 984 744 utqui
1005 667 1168 745 proculab
1190 686 1224 732 ea
1239 677 1311 732 suot
1333 689 1384 734 re-

154 770 242 842 moti,
266 785 331 830 eam
352 764 446 844 magis
468 760 565 824 adhue
586 762 708 842 fugiant,
731 764 781 841 qui
803 769 900 826 autent
922 764 958 826 ab
981 785 1014 826 ca
1036 768 1152 848 decepti
1172 772 1309 846 luerunt,
1333 790 1384 835 re-

156 870 303 948 sipiscant
330 865 501 945 apertisque
523 863 622 926 cordis
645 862 739 924 oculis
761 863 939 942 intelligant,
970 869 1215 942 quemadmodum
1244 872 1384 935 tenebrae

158 987 221 1030 non
244 975 313 1030 suat
332 967 382 1028 lux
404 985 459 1028 nec
480 965 666 1028 mendacium
688 963 804 1037 veritas,
829 964 867 1026 ita
880 965 1018 1026 arianam
1039 968 1184 1032 haeresim
1199 972 1307 1036 bonam
1322 975 1380 1037 mi·
1390 990 1414 1034 r.
1422 991 1467 1032 roa.

159 1071 240 1132 nime
263 1087 346 1138 esse,
375 1069 466 1130 immo
489 1086 559 1130 vero
582 1085 653 1140 eos,
683 1067 733 1145 qui
754 1065 882 1128 Arianos
905 1065 1089 1130 Christianos
1110 1081 1229 1144 vocant,
1257 1076 1381 1140 multum

156 1172 291 1250 prolecto
313 1169 454 1250 valdeque
477 1188 585 1243 errare,
607 1178 745 1248 tanquam
768 1169 818 1248 qui
840 1187 896 1232 nec
910 1168 1079 1248 Scripturas
1100 1168 1226 1248 legerint
1245 1193 1298 1236 neo
1312 1179 1383 1256 quid

153 1271 196 1334 sit
218 1272 461 1336 christianismus
484 1281 514 1334 et
536 1265 720 1334 Christianae
741 1269 896 1351 religionis
918 1271 992 1332 fides
1015 1271 1139 1333 omnino
1162 1273 1264 1336 sciant.

239 1579 269 1640 2.
314 1575 392 1650 Quid
420 1575 497 1638 enim
526 1575 623 1638 simile
650 1575 798 1636 haeresim
826 1575 904 1641 inter
933 1583 964 1636 et
990 1587 1100 1640 rectam
1127 1579 1265 1658 piamque
1293 1579 1382 1642 tidem

152 1679 438 1750 animadverterunt,
461 1687 494 1738 ut
514 1677 670 1757 nugatorie
692 1685 878 1750 assererent,
906 1677 980 1740 nihil
1001 1677 1067 1740 illos
1090 1679 1158 1742 rodi
1180 1679 1305 1744 dicere?
1348 1681 1381 1744 st

153 1779 192 1842 ita
216 1789 275 1853 est,
303 1779 361 1842 illis
389 1797 461 1842 sane
490 1779 576 1840 liceat
597 1778 737 1858 Calphem
759 1778 960 1842 Christianum
980 1799 1169 1862 nuncupare,
1197 1783 1380 1864 proditorem

153 1881 255 1944 ludam
283 1882 360 1944 inter
380 1881 540 1962 dpostolos
569 1899 740 1954 numerare,
769 1882 948 1944 contendere
979 1882 1053 1944 nibil
1081 1901 1134 1946 eos
1162 1886 1231 1948 mali
1259 1887 1378 1961 recisse,

153 1985 201 2064 qui
229 1984 392 2046 Barabbam
419 2001 492 2064 prae
522 1983 675 2044 Salvatorc
704 1983 869 2062 petierunt,
897 1985 1097 2064 Hymenaeum
1125 1994 1156 2048 et
1181 1987 1378 2050 Alexandrum

152 2096 290 2167 tanquam
318 2093 398 2148 recte
426 2085 588 2147 sentientes
618 2083 839 2159 commendare,
872 2087 1076 2168 affirmansque
1103 2087 1279 2167 Apostolum
1305 2091 1378 2152 laisa

151 2187 209 2250 illis
231 2187 390 2250 effinxisse.
435 2189 543 2250 Verum
558 2205 646 2248 nemo
663 2186 847 2250 Christianus
870 2187 928 2250 ista
948 2189 993 2250 rel
1015 2189 1118 2251 audire
1132 2189 1267 2262 voluerit,
1288 2207 1376 2254 nemo

152 2309 230 2363 euru,
253 2291 304 2370 qui
325 2290 398 2352 haec
419 2289 497 2352 ausit
518 2289 626 2358 dicere,
650 2307 721 2350 sana
743 2298 842 2352 mente
864 2308 933 2352 esse
954 2291 1110 2370 putaverit.
1148 2290 1306 2354 Enimvero
1321 2309 1376 2372 pro

151 2391 269 2454 Christo
289 2391 377 2454 Arios
399 2390 458 2454 illie
480 2400 535 2464 est,
559 2393 602 2452 uti
624 2391 802 2454 llaniebaeis
818 2391 1017 2452 lilanicbaeus.
1049 2389 1192 2452 Similiter
1206 2409 1261 2470 pro
1276 2391 1378 2472 Moyse

152 2493 252 2555 aliisae
272 2493 342 2556 uiris
365 2494 481 2556 Sanctis
502 2494 606 2556 neseio
629 2511 715 2572 quem
731 2493 882 2568 Sotadqm,
904 2493 954 2572 qul
972 2491 1046 2572 ipsis
1063 2491 1228 2554 Gentilibus
1249 2492 1376 2557 ludibrio

152 2605 214 2670 est,
245 2606 274 2660 et
295 2595 384 2660 liliam
405 2594 583 2658 llerodiadis
605 2604 792 2676 repererunt.
835 2595 967 2675 Namque
996 2602 1026 2656 et
1046 2593 1125 2656 illius
1148 2595 1258 2658 fractos
1281 2596 1375 2658 clloc-

149 2696 338 2776 minatosque
359 2715 458 2758 mores
479 2698 565 2759 brius
588 2697 707 2760 'lhalias
729 2715 847 2776 quoque
875 2697 941 2777 ipse
969 2696 1127 2760 scribendo
1157 2696 1288 2760 imitatus
1317 2705 1375 2771 est,

148 2807 181 2860 et
202 2798 290 2860 huius
312 2797 469 2860 saltatricis
492 2797 679 2860 saltationem
701 2800 764 2861 suis
786 2799 818 2860 in
832 2797 989 2860 bominum
1011 2797 1174 2860 maledictis
1196 2799 1329 2860 saltando
1346 2807 1376 2860 ct

147 2898 280 2960 ludendo
304 2905 351 2956 est
372 2896 544 2969 aemulatus,
571 2897 645 2959 adeo
667 2907 700 2958 ut
721 2899 770 2976 qui
792 2899 823 2958 iu
846 2899 1016 2959 huiusmodi
1038 2899 1184 2960 haeresim
1207 2899 1374 2972 inciderint,

149 3005 254 3060 mente
275 2995 488 3058 conturbentur
509 3005 540 3056 et
560 2996 722 3074 desipiant,
751 3006 781 3060 et
807 3015 917 3058 nomen
938 2998 1055 3060 llomini
1077 2998 1189 3076 gloriae
1207 3009 1323 3060 mutent
1344 2999 1375 3060 in

149 3096 375 3162 similitudinem
398 3095 533 3176 imaginis
555 3097 757 3177 corruptibilis
779 3098 926 3170 hominis,
948 3117 982 3160 ac
1003 3097 1130 3176 denique
1152 3116 1206 3177 pro
1229 3098 1374 3161 Christia-

149 3201 198 3262 nis
221 3197 321 3260 Ariani
343 3196 550 3272 nominentur,
581 3199 696 3278 hocque
724 3217 796 3261 suae
816 3197 976 3278 impietatis
998 3197 1126 3258 babeant
1146 3197 1270 3277 insigne.
1313 3197 1375 3260 Nec

151 3301 230 3362 enim
252 3299 371 3380 seipsos
394 3307 539 3362 conentur
560 3300 735 3376 defendere,
770 3319 824 3362 nec
851 3300 930 3379 quod
958 3300 1017 3362 illis
1047 3298 1159 3380 probro
1188 3307 1236 3362 est
1262 3299 1292 3361 in
1313 3319 1373 3368 ,eos

149 3513 272 3571 ἀκοῦσαι.
307 3521 359 3572 llos
376 3521 468 3584 Anglio.
497 3521 568 3573 basil.
587 3522 692 3572 Felclrm.
711 3521 735 3573 2.
787 3517 836 3583 dne
853 3517 935 3588 Κρής,
956 3515 1149 3604 Μαρωνείτης,
1169 3515 1366 3590 δαιμονισθείς,

152 3599 176 3640 et
193 3591 216 3639 5.
244 3585 332 3654 λέγειν
358 3587 456 3650 τοῦτο,
485 3582 619 3654 ι’γιαίνειν
642 3583 678 3637 ἄν
694 3604 735 3644 τις
788 3584 982 3658 ιάμβογράοος
998 3593 1103 3670 rypodes
1121 3583 1244 3654 opidanus
1261 3583 1369 3651 ἧτοινι·

150 3655 250 3705 τοῦτον
267 3655 326 3710 τοῖς
344 3651 446 3723 φρεσὶν
462 3649 601 3720 ὑπολάβοι.
627 3659 733 3709 Sicltem
786 3655 897 3713 vaidoue
913 3655 1042 3723 διολεκεῳ
1057 3649 1170 3725 ἰοινιιιῇ.
1205 3661 1369 3712 secernere.

151 3725 248 3775 Gobler.
268 3732 292 3774 ct
309 3725 413 3774 l'elclun.
435 3725 456 3774 l.
484 3725 527 3774 scd
545 3724 645 3774 τοῦτον
662 3729 734 3776 omit·
787 3733 872 3789 tensis,
893 3729 1022 3788 Meranda,
1041 3727 1222 3789 daemoniacus,
1242 3729 1370 3780 lamborum

148 3800 210 3842 tant
246 3795 346 3854 Segoer.
359 3790 440 3840 τοῦτο
458 3788 554 3872 λέγειν.
573 3785 692 3857 ὑγιαίνει
700 3787 735 3842 ἄν
785 3799 884 3861 scriptor
901 3797 1027 3859 composuit
1045 3795 1155 3856 Plrlyuous
1173 3795 1251 3855 (idest
1267 3799 1369 3856 scamas)

148 3873 191 3913 ror
207 3859 268 3914 ταῖς
285 3853 387 3942 φρεσὶν
403 3851 542 3937 ὖιξολαβοι.
578 3857 735 3926 depurata
786 3867 834 3914 aiae
854 3865 965 3914 Cinaedoa
984 3865 1050 3914 lenia
1068 3863 1175 3913 dialecto.
1213 3863 1246 3912 lle
1265 3863 1311 3914 isto
1330 3865 1368 3913 ol-

150 3927 263 3983 τοῦτον,
282 3922 400 3991 opinioei
424 3941 459 3974 ειν
477 3926 652 3982 restaurate
669 3944 734 3996 ιερι-
786 3935 844 3982 timo
868 3944 948 3981 sermo
973 3931 1012 3980 hie
1029 3930 1139 3980 babetur.
1174 3925 1312 3994 [Praeterea
1331 3933 1368 3982 cd.

74 4023 76 4026 -
150 3989 195 4042 σὶν
210 3987 351 4058 ὑπολάβοι.
387 3995 448 4044 Editi
457 3990 544 4058 λέγειν
561 3995 661 4044 τοῦτον
676 3991 734 4061 dyr-
784 4013 858 4062 supra
878 4013 900 4061 p.
918 3998 959 4048 db.
979 4005 1029 4048 not.
1048 3993 1084 4061 la]

146 4063 236 4111 (ΜΨ
253 4057 289 4110 ‘7¹'
305 4075 347 4116 Μ’
364 4061 424 4116 ¹⁰35
441 4057 541 4128 ‘lomb'
558 4055 699 4126 ὑπολάβοι·
819 4083 840 4131 ιι.
860 4081 1000 4131 basiliensis
1016 4074 1163 4147 γενόμενος
1186 4089 1209 4131 et
1232 4081 1277 4132 alia
1297 4095 1368 4132 mono

175 4132 199 4208 j-
219 4133 317 4210 3⁰8⁰&
343 4130 440 4208 Gohlcr.
465 4138 489 4180 ‘¹
507 4131 613 4180 fflclm·
635 4133 656 4212 ¹5
674 4131 733 4214 ΖΨ·
782 4143 943 4215 γελώμενος.
977 4149 1069 4211 anglic.
1087 4142 1247 4215 γενόμενος.

147 4211 236 4258 acerne.
273 4201 314 4249 Sic
337 4205 408 4248 etrum
433 4199 584 4250 emendatum
605 4201 691 4262 legatur
708 4215 732 4251 ιο

147 4267 286 4327 huglicauo.
322 4267 397 4316 Porro
416 4264 477 4316 duos
495 4272 579 4332 poitas
598 4267 668 4318 huius
687 4283 731 4318 no·

148 4333 220 4383 minis
238 4341 412 4384 commemorat
421 4331 516 4392 Saldae.
534 4334 660 4398 dequibus
673 4336 732 4386 baso

147 4399 235 4451 babet:
249 4394 381 4458 Σωτάδης
395 4390 546 4460 Ἀθηναῖοι,
556 4397 732 4468 superinde
817 4417 848 4452 m.
867 4403 924 4464 lieg.
942 4397 1132 4469 diurqqpc'mr.
1160 4402 1211 4452 llos
1225 4401 1365 4462 Sequeriao.

144 4463 231 4533 μέσοι
252 4461 405 4534 κωμῳδίαι.
449 4471 547 4521 Sotades
576 4472 728 4530 Atheniensis,
781 4471 815 4520 bn
835 4471 874 4520 lie.
898 4471 995 4520 Gobler.
1020 4479 1043 4519 et
1067 4471 1172 4520 Felclrm.
1192 4468 1215 4518 l.
1232 4461 1282 4514 τὸν
1299 4465 1367 4516 νοῦν

142 4543 214 4600 paeto
239 4541 337 4589 comicae
355 4538 445 4588 medice
462 4539 601 4589 comoediae.
636 4531 731 4588 Σωιά-
779 4485 832 4586 aori
843 4536 959 4604 φρονεῖν
976 4527 1039 4600 παρ’
1061 4526 1075 4582 d
1094 4530 1137 4586 dei
1151 4533 1276 4601 φρονεῖν.
1300 4577 1312 4583 ,.

1112 4615 1165 4668 ld*

818 4234 834 4283 Ι.
853 4233 952 4296 chuer.
971 4233 1068 4286 (iohler.
1088 4243 1111 4286 οι
1120 4233 1224 4285 l'elelrm.
1237 4235 1259 4283 1.
1276 4231 1369 4299 μιμεῖ·

782 4313 829 4350 τοι
848 4309 871 4351 et
890 4315 944 4352 rnox
962 4297 1081 4354 θαλείας.
