3102 5042
735 89 746 120 Ι

525 251 633 296 onrrro
649 251 688 294 rr.
706 251 822 294 corruo
836 252 969 296 turonos.
1280 239 1342 302 665

201 408 254 472 36.
300 403 393 465 Suum
420 401 520 480 itaquo
549 419 681 463 errorem
709 403 797 464 otiam
826 401 953 479 corrigat
984 401 1091 464 Paulus
1114 403 1341 480 Sunonensis,
1351 419 1428 464 nom

117 507 214 570 divino
230 503 394 568 salvatoris
410 521 482 564 roco
503 501 600 564 audito
616 502 757 564 dicentis.
783 502 900 582 Corpus
915 522 1021 575 meum,
1044 523 1104 564 non
1120 514 1241 580 autom,
1245 507 1342 577 Chri-

118 617 251 684 „sstum
246 605 322 684 qni
346 604 421 666 alius
444 610 490 664 ost
511 622 527 663 n
551 622 614 675 mo,
643 604 691 683 qui
721 623 786 666 sum
809 603 952 678 Verbum,
980 604 1033 666 sod
1056 605 1106 684 qui
1129 605 1207 668 idem
1229 627 1345 670 mecum

118 720 202 784 „ost
226 717 256 770 ot
279 725 333 785 ogo
356 723 424 766 cum
447 723 494 764 so.
539 703 601 784 Ego
625 705 702 766 onim
726 705 853 766 Verbum
877 723 942 766 sunt
967 715 1165 784 unguentum,
1187 709 1268 787 ¹(ruod
1290 728 1343 771 au-

118 822 205 886 „tem
234 812 461 868 amennotum
486 811 547 878 est,
582 806 672 867 homo
696 815 758 879 ost3
790 815 969 886 quapropter
991 807 1102 870 Unctus
1126 808 1187 870 sive
1210 791 1346 882 Christus
1453 863 1455 866 .

119 913 215 986 „siue
237 927 283 970 me
304 906 427 970 minime
450 905 580 980 dicatur,
614 907 667 968 sod
696 909 745 986 qui
774 925 888 972 moourn
911 916 958 968 est
980 915 1009 968 et
1030 908 1061 968 in
1083 928 1141 988 quo
1166 929 1221 988 ego
1246 917 1345 972 sum.“

117 1015 219 1091 ltaque
240 1009 344 1070 missio
367 1009 416 1098 iila
432 1007 518 1068 Verbi
542 1007 703 1086 significato
726 1008 790 1071 eius
813 999 922 1070 indicat
937 1009 1176 1072 coniunctionem
1196 1031 1262 1073 cum
1278 1012 1347 1074 iesu
1423 991 1426 1000 Δ

122 1132 157 1176 ex
178 1112 267 1172 Maria
289 1118 439 1182 assumto,
463 1109 514 1187 qui
536 1109 670 1171 Salvator
692 1111 813 1183 dicitur,
842 1129 901 1171 non
925 1109 1009 1171 aliam
1033 1129 1104 1172 sane
1128 1111 1166 1172 ob
1188 1113 1345 1188 rationem,

120 1232 205 1294 quom
236 1213 317 1291 quod
344 1229 410 1272 cum
433 1211 494 1270 Deo
518 1209 616 1271 Verbo
646 1211 685 1270 sit
713 1212 896 1272 coniunctus
940 1211 1021 1272 idem
1043 1211 1169 1290 proinde
1191 1213 1274 1274 locus
1298 1214 1347 1276 ilie

118 1315 265 1396 significat
285 1320 372 1391 atque
394 1312 473 1372 huod
489 1310 593 1372 verba:
630 1312 694 1384 Qui
718 1317 799 1376 mr'sit
826 1331 871 1374 mo
892 1311 998 1385 Potor,
1028 1321 1056 1374 et
1077 1314 1100 1374 Α
1123 1333 1169 1376 mo
1196 1318 1261 1396 ipso
1284 1334 1347 1378 non

121 1419 199 1492 oeni,
222 1415 274 1477 sod
296 1414 388 1475 Potor
409 1431 455 1474 mo
476 1415 567 1474 misit.
614 1411 732 1474 Scilicet
753 1431 837 1474 suom
865 1431 931 1474 oum
953 1413 1074 1476 homine
1096 1415 1346 1490 coniunctionem,

123 1535 248 1598 quooum
269 1513 424 1576 invisibilis
447 1523 552 1576 natura
579 1533 634 1593 por
655 1513 799 1576 visibilem
828 1521 897 1575 nota
925 1514 1095 1576 hominibus
1123 1535 1190 1578 osso
1220 1527 1347 1596 poterat,
1421 1533 1423 1541 ·

124 1617 295 1680 missionem
316 1615 481 1696 appellarit.
527 1614 588 1681 Neo
610 1615 687 1676 onim
710 1616 773 1676 toea
796 1615 919 1676 mutavit
940 1612 1018 1677 lions
1046 1617 1100 1692 (uti
1122 1637 1178 1680 nos
1202 1618 1250 1698 qui
1273 1618 1347 1680 iocis

63 1743 69 1760 ⁸
122 1720 355 1795 abscondimur),
378 1735 445 1778 oum
467 1726 588 1778 nostrae
610 1717 762 1796 parvitatis
785 1725 903 1796 accepta
925 1717 1018 1796 figura
1040 1719 1071 1778 in
1087 1737 1175 1780 oaruo
1191 1720 1304 1782 exstitit
1319 1701 1349 1782 ot

119 1821 264 1902 apparuit.
309 1820 469 1892 Quomodo
493 1819 572 1880 enim
594 1818 623 1879 id
648 1817 693 1879 iili
709 1819 981 1897 possenaocidero,
1015 1821 1064 1898 qui
1094 1821 1206 1882 caelum
1235 1829 1264 1882 et
1285 1830 1348 1883 ter-

119 1941 183 1986 uum
205 1919 331 2000 impleti
386 1921 493 1982 Verum
515 1920 584 1982 iusti
606 1928 730 1999 propter
753 1921 816 1982 eius
840 1921 870 1982 in
893 1939 982 1984 carne
1003 1923 1200 2000 praesentiam
1225 1924 1348 1985 missio-

120 2026 169 2088 nis
192 2043 294 2086 rooom
318 2041 509 2101 usurpavero.
530 2059 534 2068 .
553 2022 621 2101 lpse
649 2021 738 2100 igitur
760 2031 807 2083 ost
828 2021 907 2083 Bous
929 2022 1074 2097 Verbum3
1102 2024 1191 2102 igitur
1213 2025 1348 2087 Christus

114 2134 169 2190 ost
189 2126 268 2188 Bous
291 2121 382 2186 horino
404 2143 441 2185 ox
462 2123 551 2184 Moris
572 2134 669 2206 natus.
713 2122 779 2184 Non
807 2123 881 2185 alius
911 2123 1029 2202 iuquam
1063 2124 1168 2203 aliquis
1191 2133 1238 2186 est
1260 2125 1348 2198 Chri-

120 2238 204 2299 stus,
233 2226 388 2288 sedunus
412 2225 540 2286 otidum
570 2234 630 2297 est,
660 2223 709 2302 qni
738 2232 805 2284 anto
828 2222 944 2283 soeculo
967 2240 1002 2284 ex
1023 2225 1110 2285 Patre
1133 2225 1214 2286 etin
1238 2226 1348 2287 ultimis

120 2329 226 2392 diebus
249 2347 287 2388 ex
308 2326 425 2403 Virgine
448 2333 569 2396 exortus
593 2334 649 2398 ost,
672 2323 720 2403 qui
744 2325 821 2385 idem
845 2332 930 2408 antus
953 2323 1028 2402 ipsis
1049 2325 1138 2386 utiam
1162 2325 1271 2387 sanctis
1286 2326 1347 2386 vir-

121 2431 237 2492 tutibus
260 2427 292 2488 in
314 2426 400 2487 oaolis
416 2435 486 2488 orat
506 2426 672 2499 invisibilis,
696 2443 776 2486 nuno
797 2433 893 2486 autem
917 2423 956 2484 ob
979 2443 1063 2486 suam
1086 2444 1151 2490 oum
1167 2426 1275 2488 visibili
1290 2427 1348 2488 ho·

124 2531 206 2592 mine
229 2527 464 2590 coniunctionem
486 2528 611 2590 visibilis
634 2535 681 2590 ost
703 2528 841 2600 edoctus,
872 2525 995 2590 visibilis
1017 2527 1137 2608 inquom
1160 2547 1220 2591 non
1244 2529 1349 2591 invisi·

123 2633 176 2696 bili
210 2629 376 2702 divinitate,
411 2630 464 2692 sed
498 2631 562 2710 ipsa
593 2629 743 2691 divinitate
775 2646 829 2706 por
858 2628 1018 2690 humanum
1052 2649 1161 2709 corpus
1195 2639 1350 2710 totumque

121 2733 275 2797 homiuem
297 2739 419 2810 ugente,
449 2751 538 2811 quom
568 2739 662 2793 totum
690 2730 841 2791 hominem
863 2730 994 2792 eiusdem
1018 2749 1117 2790 secum
1142 2731 1350 2794 coniunctione

122 2832 283 2898 renovarit.
327 2833 388 2913 ipsi
411 2833 509 2895 honor
531 2841 561 2894 ot
582 2831 725 2906 adoratio,
749 2831 798 2910 qui
821 2838 905 2894 autea
928 2841 956 2892 ot
977 2849 1056 2892 nunc
1078 2841 1107 2894 et
1128 2852 1247 2913 semper
1262 2835 1350 2898 ostiu

126 2936 250 2998 saecula.
294 2933 404 2996 Amen.

162 3120 247 3198 oRrg.
257 3121 390 3184 etSeguer.
403 3111 515 3186 ἀμείβει.
551 3119 596 3170 Atti
615 3127 638 3170 et
656 3120 714 3170 editi
798 3118 813 3166 i.
838 3067 924 3194 iiogius
943 3117 1031 3176 codex,
1050 3116 1150 3177 Seguor.
1169 3124 1192 3166 ot
1210 3116 1282 3168 dosii.
1301 3109 1349 3166 ἇν-

126 3177 241 3254 ἇμοὶβει.
764 3177 911 3249 θρωπεῖου.
947 3183 1024 3251 Ceteri
1044 3191 1066 3232 ot
1084 3185 1140 3234 editi
1159 3175 1348 3264 ἀνθρωπίνου.

158 3271 175 3323 f
195 3272 293 3325 Gobler
310 3265 545 3337 ἐπιδεικνυμένοις
764 3253 825 3302 lhid.
851 3250 947 3300 Gobter.
967 3245 1113 3301 editicium.
1133 3251 1155 3302 1.
1174 3249 1350 3304 οωιιωῃικαι

159 3379 181 3428 g.
200 3365 257 3428 Reg.
276 3367 373 3427 Seguer.
394 3365 498 3414 otBosii.
517 3349 615 3414 εἴθ’
584 3377 639 3414 ουν
663 3363 712 3414 Alii
763 3310 1029 3468 ὅλῖυξενεῇρωιῗέυῆν.
1067 3387 1158 3436 ibidem
1177 3389 1276 3450 Segner.
1295 3381 1348 3458 πρὸ

121 3449 180 3486 ⁰⁰³¹
198 3435 269 3484 ‘⁶¹⁰⁸
286 3417 393 3484 ‘im
363 3448 420 3483 ⁰¹²⁹·
762 3441 805 3516 ἦν.
843 3456 898 3504 ite.
916 3453 1014 3535 προῆν.
1052 3455 1077 3504 in
1096 3457 1142 3504 dno
1162 3457 1217 3518 dog.
1237 3465 1260 3506 ει
1277 3457 1350 3518 sego

161 3519 471 3580 h‚1o'suestauotter
489 3527 635 3580 otiololrm
656 3526 679 3576 1.
762 3525 853 3575 addunt
870 3519 953 3590 αμήν,
974 3523 1037 3589 qnod
1056 3523 1351 3576 abestobsiiisdtoditis.
