3176 5058
239 273 300 335 104
642 262 1068 328 Parumsnnemmscon

152 427 334 500 εαιιαότόν
361 431 410 510 (αί
437 429 499 516 γὰρ
527 429 594 494 τῶν
612 421 792 513 Ἀρειανῶν
818 421 904 514 ὖπέρ
925 419 1026 494 αἰτοῦ
1048 423 1238 514 προφάσεις
1259 425 1365 494 αἰτίαι
1385 420 1457 494 κατ’

230 533 334 602 αὐτοῦ
357 530 574 618 τυγχάνουσι),
596 525 630 596 τί
651 527 850 616 ποιήσουσιν
872 523 1045 608 ἀκούοντες
1066 529 1120 596 καλ
1141 530 1209 594 τῶν
1229 527 1379 626 μεγάλων
1401 532 1460 598 καί

233 641 404 724 μακαρίων
423 629 638 700 Ἀποστόλων
661 630 695 699 έν
716 641 791 711 ταῖς
811 629 963 717 πράξεσι,
985 634 1045 698 τοῦ
1066 631 1127 714 μὲν
1142 634 1272 715 Πέτρου
1288 631 1458 716 λέγοντος·

231 735 353 822 ἄνδρες
370 729 576 823 Ἰσραηλῖται,
600 728 761 801 ἀκούσατε
781 731 858 812 τούς
872 731 988 819 λόγους
1002 731 1147 811 τούτους.
1175 726 1298 819 ’ίησούν
1311 729 1370 798 τὸν
1383 738 1460 798 Νο-

237 839 394 924 ζωραῑυν,
422 833 527 923 ἀνδρα
546 829 822 921 ἀποδεδειγμένον
843 828 914 902 ἀπὸ
935 837 994 900 τοῦ
1015 836 1099 901 θεοῦ
1123 833 1170 912 εἰς
1190 828 1277 921 ήμᾶς
1298 831 1461 917 δυνάμεσι

235 941 291 1006 καί
312 945 426 1026 τέρασι
447 941 500 1006 καί
523 943 686 1026 σημείοις,
716 931 767 1016 οἷς
795 935 950 1025 ἐποίησεν
973 931 991 1002 ό
1012 935 1095 1015 θεὸς
1118 930 1165 1002 δι’
1190 929 1290 1002 αύιού
1312 934 1346 1003 έν
1366 941 1460 1024 μέσον

237 1033 344 1125 ύμῶν,
372 1038 486 1119 καθὼς
514 1039 641 1120 οἰδατε,
675 1041 793 1106 τοῦτον
820 1039 860 1126 τῇ
884 1033 1048 1126 ὡρισμένη
1070 1038 1173 1125 βουλῇ
1195 1038 1259 1104 καί,
1272 1036 1461 1122 προγνώσει

237 1145 314 1209 ιτού
334 1144 419 1210 θεοῦ
447 1140 580 1208 έιιδστσν
609 1138 666 1208 διά
696 1141 814 1226 χειρῶν
842 1135 975 1224 ἀνόμων
996 1138 1245 1226 προςπήξαντες
1267 1132 1457 1221 ἀνείλατ’),

235 1246 288 1312 καί
310 1242 429 1311 πάλιν·
452 1242 487 1310 ἰν
508 1245 555 1329 τῷ
577 1236 717 1326 ὀνόματι
734 1236 838 1329 Ἰησοῦ
849 1243 999 1326 Χριστοῦ
1010 1243 1069 1342 τοῦ
1082 1240 1289 1326 Ναζωραίου,
1314 1238 1350 1308 ὃν
1364 1236 1461 1327 ύμείς
1566 1261 1567 1324 j

235 1344 473 1433 ἐσταυρώσατε,
497 1342 534 1412 ὃν
557 1339 575 1410 ό
596 1342 679 1424 θεὸς
700 1341 827 1432 ἤγειρεν
850 1341 885 1410 έκ
906 1345 1036 1430 νεκρῶν,
1060 1340 1094 1410 έν
1115 1339 1222 1428 τούτῳ
1244 1331 1341 1422 οὗτος
1355 1349 1459 1430 παρέ
1566 1381 1567 1392 1

235 1472 350 1537 στηκεν
372 1447 517 1516 ένῶπιον
540 1441 630 1531 ἱμῶν
651 1441 783 1534 δγιής’),
806 1448 865 1512 τοῦ
888 1446 925 1512 δὲ
939 1444 1076 1511 Παύλου
1094 1443 1308 1532 ἐξηγουμένου
1330 1443 1363 1512 ἐν
1381 1439 1458 1513 Ἀν-

234 1555 360 1636 τιοχείφ
380 1552 439 1636 τῆς
460 1548 656 1628 ι’Πισιδίας,
687 1543 740 1614 ότι
767 1546 975 1635 μεταστήσας
997 1543 1015 1611 ό
1036 1545 1119 1626 θεὸς
1140 1545 1197 1613 τὸν
1219 1545 1330 1613 Σαούλ
1349 1543 1459 1633 ἤγειρε

234 1649 293 1720 τὸν
314 1650 425 1734 Δαβίδ
446 1649 493 1727 εἰς
513 1649 661 1734 βασιλέα,
685 1636 713 1735 ᾧ
732 1654 787 1714 καί
810 1643 884 1716 εἰπε
904 1645 1129 1736 μαρτυρήσας·
1153 1635 1248 1732 εύρσν
1268 1648 1380 1734 Δαβίδ
1399 1648 1457 1716 τὸν

152 1753 297 1817 mmo&
315 1745 442 1829 Ἰεσσαί,
458 1747 586 1835 ἐἀνδρα
606 1749 690 1816 κατὰ
709 1749 768 1834 τήν
789 1751 925 1837 καρδίαν
939 1773 1014 1835 μου,
1031 1749 1068 1829 ὃς
1082 1747 1273 1836 ποιήσειτὰ
1282 1748 1458 1839 θελήματά

107 1847 112 1854 ’
173 1855 177 1864 ’
236 1875 310 1937 μου.
354 1849 472 1917 τούτου
502 1846 521 1916 ό
548 1849 631 1930 θεὸς
659 1845 728 1918 ἀπὸ
755 1855 813 1918 τοῦ
837 1857 1027 1938 σπέρματος
1048 1846 1117 1918 κατ’
1142 1849 1338 1937 ἐπαγγελίαν
1359 1849 1459 1939 ήγαγι

236 1955 284 2038 τῶ
302 1948 428 2038 ’ίσραήλ
450 1954 582 2038 σωτήρα
600 1947 759 2040 Ἰησοδνί),
782 1955 835 2020 καί
851 1953 954 2020 πάλιν
970 1953 1004 2021 έν
1019 1965 1094 2032 τοῖς
1105 1949 1284 2039 Ἀθήναις·
1306 1952 1384 2034 τούς
1396 1957 1456 2039 μέν
1568 2034 1569 2062 η

236 2042 294 2120 σύν
319 2050 456 2138 χρόνους
483 2055 542 2141 τής
568 2048 702 2140 ἀγνοίας
723 2049 889 2141 ύπεριδῶν
912 2050 930 2122 ὁ
952 2055 1052 2135 θεός,
1076 2052 1118 2121 τά
1140 2057 1196 2121 νῦν
1218 2055 1456 2142 1παραγγέλλει
1568 2119 1569 2126 ,

235 2159 307 2234 τοῖς
328 2149 534 2240 ἀνθρώποις,
557 2154 685 2235 πάντας
699 2160 867 2240 πανταχοῦ
880 2168 1069 2240 μετανοεῖν·
1091 2153 1214 2223 καθότι
1229 2155 1364 2244 ἔστησεν
1376 2153 1455 2247 ήμέ-

235 2281 312 2344 ραν,
342 2255 376 2324 ἰν
403 2245 425 2344 ᾗ
445 2257 558 2341 μέλλει
578 2264 698 2343 κρίνειν
720 2257 779 2344 τήν
801 2259 992 2345 οἰκουμένην
1015 2257 1048 2325 έν
1071 2257 1277 2345 δικαιοσύνῃ,
1307 2257 1341 2326 έν
1363 2253 1453 2344 ἀνδρί

234 2347 264 2444 ᾧ
286 2354 401 2444 ιῖἰρισε,
425 2364 540 2425 πίστιν
562 2358 743 2445 παρασχὼν
765 2362 886 2439 πᾶσιν,
911 2353 1096 2446 ἀναστήσας
1118 2354 1219 2427 αύτὸν
1240 2359 1275 2426 ἐκ
1297 2363 1451 2449 νεκρῶνἹ,

234 2453 256 2546 ἢ
276 2459 447 2546 Στεφάνου
469 2463 528 2525 τοῦ
549 2460 708 2546 ’μεγάλου
729 2459 903 2546 μάρτυρος,
928 2456 1007 2528 ὅταν
1029 2462 1121 2548 λέχη·
1145 2459 1218 2528 ἰδοὺ
1239 2466 1361 2548 θεωρῶ
1380 2461 1456 2542 τοὺς

236 2553 395 2644 οὐρανούς
426 2559 686 2645 διηνοιγμένους,
718 2563 772 2626 καί
805 2559 863 2626 τὸν
891 2559 962 2627 υίόν
990 2565 1048 2628 τού
1078 2559 1262 2648 ἀνθρώπου
1283 2563 1317 2630 έκ
1338 2565 1456 2643 δεξιῶν

237 2655 365 2723 ἑστῶτα
385 2660 443 2722 τοῦ
465 2663 595 2742 θεσῦὊς
624 2656 694 2746 ῶρα
715 2661 791 2747 ’γὰρ
819 2659 939 2728 λοιπὸν
962 2657 1081 2742 αύτούς
1101 2669 1155 2730 καὶ
1178 2668 1234 2732 νῦν
1255 2657 1456 2747 ἀποθρασύ-

236 2761 358 2824 νεσθαι
379 2759 433 2824 καλ
456 2758 559 2844 λέγειν
582 2755 770 2849 (οὐδὲνγὰρ
793 2757 906 2842 αὐτοῖς
927 2757 1132 2851 ἀεόλμητον),
1156 2761 1210 2832 ότι
1228 2764 1281 2831 καί
1302 2755 1396 2828 αύτσλ
1419 2763 1455 2830 οἰ

237 2851 422 2925 ἀπόστολοι
442 2857 485 2926 τά
502 2854 632 2946 Ἀρείου
655 2861 830 2950 ἐφρόνουν·
853 2863 1037 2950 ἀνθρωπον
1051 2866 1112 2953 γὰρ
1134 2861 1223 2934 ’ἀπὸ
1239 2863 1454 2951 Ναζαρέτκαλ

235 2959 392 3048 παθητόν
412 2958 471 3027 τόν
491 2962 640 3046 Χριστὸν
663 2959 933 3052 ἀπαγγέλλουσιν.

320 3068 349 3131 8.
391 3058 536 3131 Ἔκείνων
564 3071 673 3133 τοίνυν
703 3073 842 3135 τοιαῦτα
870 3069 1137 3157 φανταζομένων,
1172 3057 1221 3155 ἀρ’
1246 3067 1455 3155 έπειδήτοῖς

232 3163 377 3251 ΙΙῥήμασι
397 3164 528 3246 τούτοις
550 3165 738 3255 ἐχρήσαντο,
760 3169 863 3254 μόνον
885 3168 1070 3256 ἄνθρωπον
1084 3167 1220 3258 ᾔδεισαν
1234 3169 1293 3238 τόν
1306 3169 1453 3255 Χριστόν

231 3266 267 3330 σί
295 3263 480 3342 ἀπόστολοι
500 3271 554 3334 καί
577 3270 680 3334 πλέον
703 3265 816 3350 οδδέν,·
847 3268 892 3357 μή
921 3276 1066 3354 γένοιτο·
1095 3265 1152 3338 οἰκ
1184 3270 1273 3338 ἔστιν
1303 3266 1379 3338 οὐδὲ
1405 3270 1451 3350 εἰς

233 3368 309 3430 νοῦν
336 3370 434 3432 ταῦτα
463 3369 576 3453 λαβεῖν
604 3389 703 3434 ποτε·
732 3365 816 3436 ἀλλὰ
836 3371 891 3436 καί
912 3375 1010 3439 τοῦτο
1033 3368 1078 3452 ῶς
1099 3368 1321 3459 ἀρχιτέκτονες
1349 3370 1453 3460 σοφοὶ

233 3465 287 3529 καί
316 3464 485 3548 οἰκονόμοι
511 3473 699 3554 μυστηρίων
720 3471 792 3536 ’τοῦ
821 3474 905 3538 θεοῦ
928 3472 1147 3561 πεποιήκασι,
1175 3477 1228 3541 καί
1257 3473 1315 3563 τήν
1344 3473 1453 3541 αἰτίαν

154 3607 162 3624 ,
234 3563 362 3646 ἔχουσιν
392 3563 541 3652 είλογυν·
573 3566 688 3656 ἐπειδή
716 3569 776 3656 γὰρ
799 3572 832 3638 οἱ
853 3572 929 3642 τότε
948 3569 1115 3656 Ἰουδαῖοι,
1148 3577 1375 3664 πλανηθέντες
1394 3578 1453 3644 ὶτε

232 3666 285 3730 καί
309 3666 534 3754 πλανήσαντες
547 3663 710 3756 Ἕλληνας,
734 3671 883 3758 ένόμιζον
903 3673 961 3742 τὸν
976 3675 1124 3762 Χριστὸν
1145 3675 1249 3762 ψιλόν
1270 3675 1453 3762 ἄνθρωπον

301 3887 561 3950 μάττει-ιι.
630 3893 766 3958 κιαι,
787 3899 826 3950 ω.
895 3898 921 3958 ε)
939 3901 988 3949 ιο.
1007 3899 1046 3960 1³,
1065 3899 1106 3950 νυ.
1125 3899 1165 3950 ιε.
1235 3901 1329 3962 οισι.
1350 3897 1451 3962 mo.

231 3952 271 4004 οι.
341 3957 366 4016 ε]
384 3958 432 4006 ιει.
451 3959 476 4018 τ,
494 3960 526 4009 ει
545 3956 598 4026 [ω.
616 3959 704 4030 νοω.

261 4105 283 4138 υ.
301 4089 351 4137 τοῦ
370 4092 392 4140 in
412 4093 481 4143 editis
501 4095 666 4148 desideratur:
691 4099 733 4148 sed
751 4097 812 4160 ίεςί-
862 4099 909 4149 Sed
929 4099 951 4149 in
971 4101 1071 4165 reliquis
1090 4115 1163 4160 ωτι,
1188 4103 1212 4150 in
1237 4103 1350 4152 οωοίλυι
1378 4099 1449 4150 editi·

228 4165 269 4206 ιττ
292 4157 315 4205 in
340 4159 451 4210 omnibus
476 4163 599 4214 codicibus
626 4175 649 4215 ει
676 4165 699 4215 in
719 4168 811 4216 Graeco
863 4173 886 4215 εί
910 4167 934 4216 λα
959 4167 1051 4218 Graeco
1076 4169 1216 4233 Scriptum
1246 4178 1310 4219 ιειιυ
1339 4167 1449 4218 Ιιιίιειυτ.

228 4224 366 4288 Scriptum
384 4235 457 4278 ιετιυ.
493 4230 580 4282 ibidem
601 4233 698 4282 Τουτίυ.
723 4233 768 4281 les.
788 4241 812 4282 ει
862 4233 913 4282 Mox
931 4226 1022 4282 πάντα
1047 4235 1070 4284 in
1095 4237 1193 4286 Τιυτία.
1213 4237 1259 4286 les.
1278 4237 1355 4287 fni.
1385 4235 1451 4284 ιιὶυ

227 4291 333 4344 Graecus
358 4295 409 4344 Scri
430 4305 496 4346 ιυτιε
519 4306 596 4349 tenus
624 4293 671 4346 διά
694 4297 808 4368 χειρῶν,
862 4302 953 4352 Graeco
972 4303 1060 4366 Script.
1080 4311 1142 4354 ιετίο
1171 4303 1273 4364 legitur,
1300 4305 1324 4353 in
1348 4301 1450 4367 τελίηυίι

227 4359 268 4409 ulii
286 4369 309 4410 ει
328 4361 383 4410 edili
402 4309 448 4412 διὰ
461 4361 562 4429 χειρίς,
650 4426 657 4444 Ι
861 4381 920 4418 τοτε,
940 4377 963 4420 ει
981 4371 1004 4418 in
1025 4371 1095 4419 edilis
1113 4371 1274 4421 desideratur.
1346 4397 1349 4404 ⁴

261 4427 284 4477 b.
303 4429 399 4478 Τιυιίυ.
418 4439 441 4479 ει
460 4433 497 4480 Fr.
512 4433 530 4481 Ι.
548 4427 695 4484 πιεσιδιαε.
895 4436 918 4485 d.
938 4435 978 4485 Sic
996 4451 1081 4486 omnes
1099 4437 1155 4488 είὶιί
1174 4446 1198 4487 τι
1216 4439 1324 4490 Graecus
1339 4439 1451 4501 διείρου-

261 4510 282 4544 ι.
308 4486 395 4564 ἄνδρα
419 4497 487 4548 deest
514 4500 537 4548 in
562 4499 660 4548 Τιυείυ.
686 4497 738 4549 Col.
763 4499 808 4551 ίεε.
860 4516 902 4552 ττι
927 4510 1012 4554 lenus.
1054 4503 1111 4568 neg.
1137 4495 1319 4570 ἀπαγγέλλει,
1350 4503 1450 4556 Τιατίιι.
