3214 5048
241 279 305 351 374
644 297 671 340 e.
686 293 838 340 eruerentur
854 291 1076 338 incurrereuorr

155 467 229 512 nnio.
240 448 401 538 (Χριστός
420 445 492 534 γάρ,
517 444 619 534 φησὶν
636 440 654 511 δ
670 439 868 525 ἀπόστολος,
884 441 969 510 θεοῦ
986 440 1125 529 δύναμις
1139 443 1193 509 καί
1209 445 1294 511 θεοῦ
1309 451 1465 534 σοφίαἺ
1476 457 1504 527 ),

238 553 403 639 λέγοντες·
426 546 484 616 οῦκ
505 547 619 633 ἔχομεν
640 549 781 635 βασιλέα
803 547 833 615 εί
853 545 898 632 μὴ
921 547 1116 632 ΚαίσαραἿ.
1151 539 1307 613 Ἰουδαῖοι
1327 549 1397 632 μὲν
1424 539 1503 616 οὖν

239 653 352 738 έχουσι
384 655 443 741 τῆς
469 645 637 739 ἀρνήσεως
664 649 707 717 τὰ
729 647 880 736 ἐπίχειρα
901 651 960 736 τῆς
982 647 1169 733 έπιτιμίας,
1205 641 1392 716 ἀπώλεσαν
1417 649 1499 736 γὰρ

240 754 299 823 σῦν
321 757 360 844 τῇ
383 753 484 822 πόλει
505 751 640 821 καὶτὸν
661 750 836 838 λογισμόν·
859 739 971 817 ὀῦτοι
987 749 1023 818 δὲ
1036 747 1263 818 κινδυνεύουσι
1277 749 1407 817 λοιπὸν
1424 755 1495 818 καὶ

240 859 318 944 περὶ
350 849 432 924 αότό
463 855 502 924 τὸ
530 854 696 944 πλήρωμα
723 857 783 921 τοῦ
810 859 1009 940 μυστηρίου·
1043 849 1130 941 φημὶ
1158 849 1258 940 δήτὸ
1280 850 1491 938 βάπτισμα.

240 957 291 1027 ιἐί
311 956 373 1046 μὰρ
396 957 444 1038 είς
465 955 570 1044 ὀνομα
591 954 720 1045 πατρὸς
741 954 797 1022 καὶ
817 955 890 1022 υίσῦ
906 954 1038 1021 δίδοται
1052 949 1071 1042 ἡ
1086 953 1265 1034 τελείωσις,
1282 947 1320 1020 οό
1335 955 1491 1042 λέγουσι

144 1133 152 1138 ,
242 1061 278 1128 δὲ
309 1063 439 1147 πατέρα
471 1052 634 1149 ἀληθινόν
664 1055 721 1125 διὰ
747 1055 787 1123 τὸ
810 1047 991 1143 ἀρνεῖσθαι
1013 1054 1068 1121 οτὸ
1092 1057 1128 1136 ἐξ
1148 1048 1249 1122 αἰτοῦ
1271 1053 1328 1122 καὶ
1350 1052 1489 1140 ὅμοιον

240 1165 298 1250 τῆς
320 1157 450 1243 οόσίας,
474 1158 651 1250 ἀρνοῦνται
673 1159 784 1226 δὲκαὶ
807 1155 865 1225 τὸν
887 1152 1050 1246 ἀληθινὸν
1072 1157 1160 1238 υίόν,
1188 1155 1245 1224 καὶ
1267 1156 1369 1225 ἀλλον
1393 1157 1486 1226 ἔαυ-

239 1274 311 1346 τσίς
345 1265 380 1346 ίξ
412 1259 469 1331 σῦκ
497 1260 601 1330 ὀντων
629 1258 761 1328 κτιστὸν
789 1254 1055 1340 ἀναπλάττοντες
1084 1253 1299 1345 ὀνομάζουσι·
1331 1263 1412 1340 πῶς
1438 1256 1483 1327 οῦ

239 1368 412 1446 παντελῶς
444 1364 536 1433 κενὸν
570 1362 625 1430 καὶ
658 1359 847 1442 ἀλυσιτελὲς
875 1362 914 1429 τό
942 1357 1020 1450 παρ’
1045 1357 1153 1430 elude
1181 1360 1356 1448 διδόμενόν
1387 1362 1477 1442 ἔστι,

239 1473 463 1556 πρσςποίησιν
484 1467 545 1551 μὲν
567 1465 649 1550 ἕχον,
672 1468 712 1554 τῇ
736 1467 771 1534 δὲ
793 1461 938 1554 ἀληθείᾳ
958 1465 1060 1554 μηδέν
1083 1466 1155 1548 ’ἕχον
1176 1464 1284 1552 ἃπρὸς
1299 1459 1480 1549 εῦσέβειαν
1573 1483 1574 1498 ’

238 1570 417 1659 βοήθημας
450 1563 488 1636 οό
510 1567 572 1656 γὰρ
595 1569 643 1648 εἷς
664 1574 794 1656 πατέρα
815 1567 871 1636 κἀὶ
892 1567 965 1635 υίὸν
989 1566 1140 1635 διδόασιν
1156 1560 1379 1654 οἷἈρειανοί,
1398 1562 1473 1635 ἀλλ’

239 1672 288 1751 εἷς
308 1678 440 1759 κτίστην
461 1666 518 1736 καὶ
538 1675 660 1753 κτίσμα
673 1670 729 1737 καί
743 1671 790 1750 είς
805 1669 947 1758 ποιητὴν
968 1672 1021 1736 καί
1037 1675 1176 1757 ποίημα.
1208 1664 1317 1756 ιῦςπερ
1333 1669 1371 1738 δὲ
1387 1668 1475 1736 ἄλλο

239 1767 312 1846 έστὶ
333 1776 454 1855 κτίσμα
475 1769 568 1856 παρὰ
590 1770 648 1836 τὸν
671 1770 752 1852 υἱόν,
777 1769 882 1850 οῦτως
905 1770 986 1839 ἀλλο
1009 1765 1069 1838 ’ἀν
1092 1771 1141 1858 ein
1163 1773 1222 1859 τῆς
1245 1767 1409 1860 ἀληθείας
1432 1771 1475 1837 τὸ

238 1866 317 1957 παρ’
343 1866 452 1938 αὐτῶν
473 1870 687 1957 νομιζόμενον
711 1873 887 1955 δίδοσθαι,
911 1867 971 1962 κᾷν
992 1873 1031 1940 τὸ
1055 1870 1162 1958 ὄνομα
1182 1875 1241 1941 τοῦ
1264 1873 1393 1960 πατρὸς
1414 1876 1472 1940 καὶ

238 1973 297 2062 τοῦ
325 1972 399 2040 υίσῦ
423 1971 479 2040 διὰ
501 1973 540 2040 τὸ
561 1981 783 2062 γεγραμμένον
805 1969 978 2060 ὀνομάζειν
1000 1977 1263 2062 προςποιιῦνται.
1302 1971 1341 2042 σό
1362 1975 1426 2062 γάρ
1452 1973 1473 2040 ό

238 2075 341 2161 λέγων
363 2070 480 2157 άπλιῦς
501 2076 618 2164 κόριε’)
641 2067 754 2158 ὀὗτος
774 2081 828 2146 καί
851 2079 998 2160 δίδωσιν,
1023 2071 1092 2144 ἀλλ’
1119 2071 1242 2163 όμετὰ
1262 2081 1322 2144 τοῦ
1345 2071 1472 2162 ὀνόμα-

237 2200 295 2257 τος
317 2181 372 2245 καί
393 2178 452 2266 τὴν
475 2186 591 2248 πίστιν
615 2179 696 2264 ἔχων
719 2175 834 2268 ὀρθήν.
874 2180 930 2248 διὰ
951 2183 1049 2247 τοῦτο
1071 2181 1150 2266 γοῦν
1171 2181 1226 2246 καί
1249 2174 1393 2266 όσωτὴρ
1410 2175 1472 2263 σόχ

238 2273 357 2361 άπλῶς
379 2280 562 2350 ἐνετείλατο
588 2282 779 2370 βαπτίζειν,
814 2277 899 2360 ἀλλὰ
926 2281 1061 2369 πρῶτόν
1089 2301 1192 2370 φησι·
1223 2282 1467 2369 μαθητεύσατε,

238 2376 303 2450 εἶθ’
329 2375 451 2464 οῦτως·
473 2384 651 2470 βαπτίζετε
671 2385 741 2464 θείς
763 2381 869 2470 ὀνσμα
885 2373 1013 2472 πάτρὸς
1026 2385 1080 2451 καί
1096 2383 1170 2450 vluti
1186 2385 1240 2450 καί
1257 2373 1350 2472 άμίσυ
1366 2383 1470 2453 πνεά·

237 2487 385 2566 ματοςί),
416 2479 457 2552 ἵν’
482 2485 516 2552 ἐκ
537 2489 595 2571 τῆς
616 2486 798 2574 μαθήσεως
820 2482 859 2573 lii
882 2492 999 2565 πίστις
1021 2479 1107 2574 ὀρθὴ
1129 2489 1277 2573 γένηται,
1307 2485 1362 2553 καὶ
1381 2485 1469 2570 μετά

237 2586 384 2674 πίστεως
405 2581 425 2669 ἦ
447 2587 507 2649 τοῦ
530 2591 763 2670 βαπτίσματος
784 2587 953 2666 τελείωσις
974 2588 1154 2674 προςτεθῇ.
1447 2589 1449 2596 ‘

323 2689 375 2752 43.
420 2683 551 2750 Πολλαλ
583 2688 662 2772 γοῦν
695 2688 748 2758 καί
779 2683 878 2754 ἀλλαι
906 2689 1049 2774 αἱρέσεις
1078 2691 1230 2776 λέγουσαι
1250 2685 1292 2752 τὰ
1313 2679 1460 2769 ὀνόματα

236 2783 340 2872 μόνον
360 2784 405 2874 μὴ
429 2788 616 2874 φρονοῦσαι
639 2787 674 2854 δὲ
697 2781 819 2874 ὀρθῶς,
845 2783 890 2868 ὥς
912 2790 1049 2877 ε’ίρηται,
1071 2792 1156 2878 μηδὲ
1175 2787 1232 2875 τὴν
1254 2792 1367 2854 πίστιν
1388 2780 1458 2872 ὗμι-

238 2891 396 2956 αίνουσαν
420 2888 554 2972 έχουσαι
577 2883 766 2969 ἀλυσιτελὲς
788 2890 899 2975 έχουσι
921 2893 974 2974 gul
996 2890 1035 2957 τὸ
1057 2889 1135 2980 παρ’
1161 2885 1269 2960 αὐτῶν
1290 2887 1460 2975 διδόμενον

236 2985 340 3079 ῦδωρ,
364 2989 562 3078 λειπόμενον
585 2985 749 3082 εῦσεβείᾳ,
780 2989 862 3073 olere
882 2995 949 3059 ἰκαί
972 2991 1030 3060 τὸν
1052 2991 1283 3081 δανειζόμενον
1304 2975 1379 3078 παρ’
1404 2985 1461 3058 αό·
1572 3051 1574 3060 r

235 3094 302 3162 τῶν
324 3093 553 3180 ῥυπαίνεσθαι
572 3095 698 3181 μᾶλλον
721 3094 755 3162 έν
778 3089 913 3184 ἀσεβείᾳ
934 3087 1186 3182 ἢλυτροῦσθαι.
1221 3091 1308 3162 οῦτω
1323 3092 1378 3163 καὶ
1391 3089 1461 3162 Ἓλ-

235 3195 330 3283 ληνες
350 3204 407 3265 καί
427 3205 481 3265 τοι
495 3195 578 3264 θεὸν
595 3195 651 3264 διό
664 3196 799 3280 χειλέων
814 3200 963 3284 λέγοντες
977 3191 1160 3286 ἀθεότητος
1172 3197 1302 3280 ἔχουσιν
1314 3197 1457 3285 ἐ’γιλημα,

236 3293 289 3366 ὅτι
310 3296 368 3364 τὸν
392 3295 495 3376 ὅντως
518 3294 599 3362 ὀντα
619 3300 674 3362 καί
697 3291 859 3382 ἀληθινόν
881 3297 964 3366 θεὸν
980 3293 1018 3366 οὐ
1032 3299 1239 3386 γινώσκουσι,
1263 3298 1321 3366 τὸν
1336 3304 1460 3386 πατέρα

305 3468 330 3529 1)
349 3468 371 3518 1.
390 3467 447 3519 Cor.
467 3468 490 3528 l,
508 3465 549 3518 tt.
619 3466 729 3529 illone.
751 3469 790 3532 19,
811 3472 849 3524 15,
919 3473 1149 3535 3)Μιιιίι.’ί,λί.
1218 3473 1245 3536 4)
1263 3474 1344 3525 liettlr.
1362 3472 1402 3534 28,
1420 3471 1457 3522 19.

168 3633 170 3640 ,
269 3601 291 3636 u.
316 3585 350 3639 Ex
378 3585 426 3636 hoo
450 3583 506 3636 lucu
535 3585 683 3637 uuutendnut
713 3589 822 3640 nonnulli
875 3593 1135 3658 numerum‚'liuntque
1153 3601 1177 3642 et
1194 3593 1241 3657 ipsi
1261 3589 1455 3656 luoopeetuluue-

236 3655 312 3706 luieee
329 3655 354 3704 S.
372 3653 493 3704 dtlreueuii
517 3655 677 3715 sententium,
701 3653 822 3721 Bnpliemu
874 3661 951 3721 retici,
969 3675 997 3711 ee
1014 3661 1117 3724 proinde
1135 3675 1214 3710 rerem
1233 3668 1298 3712 extre
1316 3658 1455 3720 Religionem

234 3721 412 3773 hoereticorum
435 3719 508 3787 plene
525 3720 619 3771 irritum
638 3737 703 3784 esse,
723 3724 823 3775 iterum·
875 3735 898 3778 et
915 3729 1001 3779 eulutie
1020 3729 1089 3779 rium.
1125 3727 1217 3779 Simili·
1230 3725 1451 3794 pessimhebetlu-

235 3805 282 3857 que
299 3804 354 3842 eese
372 3788 539 3854 baptizuudoe,
558 3788 598 3854 qui
617 3803 644 3840 ex
655 3791 782 3844 haereticis
793 3795 823 3845 ed
873 3797 984 3858 guetinue
1003 3798 1008 3807 '
1028 3812 1055 3847 ee
1073 3803 1157 3848 contre
1176 3797 1321 3848 liouetiutoe·
1356 3789 1454 3857 Exempli

233 3856 541 3910 EculeeiemCethulicem
566 3867 743 3912 conuertuntur.
779 3863 824 3914 Ve-
875 3863 949 3927 gretie
977 3811 1067 3916 Ιιῦάδι
1085 3866 1156 3916 unico
1174 3863 1298 3930 Beptiemu
1317 3869 1396 3913 euutru
1413 3860 1452 3910 Pe·
1546 3893 1549 3898 -

233 3939 288 3978 rum
316 3927 340 3978 id
367 3925 432 3977 clere
459 3937 507 3976 uuo
534 3923 640 3990 probent
661 3927 686 3978 S.
712 3927 823 3982 lluetorie
875 3931 984 3982 liliuuum
1003 3947 1060 3984 num
1079 3931 1102 3984 8.
1121 3935 1170 3993 eit.
1188 3932 1337 3999 Baptismum
1356 3941 1453 3980 nonuu-

233 3995 315 4055 ταῦτ,
333 3996 374 4061 qui
392 3994 500 4045 iorte'ee
517 3996 712 4047 tuutumrutioue
724 4011 823 4051 tecuum
875 3999 925 4050 lum
944 3999 1002 4052 nibil
1022 4002 1140 4065 prodesse
1158 4001 1286 4052 haereticis
1304 3997 1335 4050 ed
1353 3997 1453 4055 sulutem.

234 4069 258 4112 et
275 4063 359 4114 inutile
377 4077 431 4112 eese
450 4061 520 4113 dunel
538 4063 715 4116 hoereticorum
728 4065 824 4132 lieptie-
875 4067 919 4118 sed
938 4070 1009 4120 etiem
1027 4071 1115 4120 obeeee
1132 4069 1163 4119 ed
1174 4069 1363 4120 domuitionem.
1388 4064 1452 4116 lerbu

234 4141 288 4192 mu,
312 4139 430 4195 quotenus
453 4129 512 4181 nihil
535 4133 631 4197 prolicit
656 4134 685 4186 ed
710 4135 823 4199 pieletem
875 4133 900 4186 S.
913 4137 1037 4198 Augustini
1055 4144 1126 4186 eunt:
1144 4137 1209 4186 sieut
1226 4137 1287 4186 uitii
1306 4135 1340 4184 eie
1355 4134 1452 4200 μιίιιτί

234 4201 283 4250 eire
300 4213 382 4250 uerum
401 4197 444 4249 nei
462 4199 562 4262 cultum,
582 4203 623 4268 qui
636 4202 722 4254 insule
733 4203 823 4254 Getho-
875 4203 906 4254 ud
923 4203 1028 4266 salutern,
1048 4205 1089 4266 gui
1104 4217 1181 4253 uerum
1191 4201 1262 4252 Deum
1271 4204 1400 4264 ignorentur
1409 4215 1451 4250 eune

234 4267 282 4318 lieu
306 4265 564 4320 exhibeturdiueleeiu.
599 4269 649 4322 Neu
667 4285 722 4320 reru
742 4271 823 4334 inepte
874 4273 949 4319 lemen
968 4267 1086 4328 uolebant,
1113 4269 1181 4318 interro
1201 4273 1222 4317 et
1240 4269 1321 4317 olunt
1338 4265 1369 4314 ud
1382 4269 1451 4328 perui-

218 4335 268 4390 ¹uit
293 4349 349 4396 eoe,
377 4335 419 4400 qui
442 4330 617 4389 hoereticorum
644 4338 824 4402 adsperguntur
874 4337 939 4396 ciem,
959 4333 1021 4398 gued
1038 4335 1112 4396 μίτοι
1130 4335 1186 4384 dene
1200 4334 1270 4384 etmel
1280 4331 1378 4382 ισίιτια
1388 4331 1449 4377 eidem

235 4416 306 4468 uque,
325 4403 416 4454 loederi
435 4404 516 4468 potius
535 4406 672 4471 impietate,
691 4412 762 4468 quem
781 4417 821 4453 re·
872 4417 925 4452 uero
936 4401 982 4452 lieo
1000 4401 1136 4465 tuerilepum
1153 4401 1264 4451 iniurium
1280 4397 1406 4461 faciedum
1420 4396 1449 4446 rie

234 4469 308 4531 dimi,
332 4473 422 4537 quippe
440 4486 495 4523 eum
514 4472 555 4524 ille
573 4473 695 4536 lieptiuure
714 4469 743 4518 nb
762 4469 821 4518 luee-
873 4469 934 4518 nteit
957 4469 1053 4534 prudent
1070 4469 1193 4521 haereticis
1211 4470 1243 4522 ud
1260 4465 1372 4528 tilulum,
1397 4463 1449 4530 gend

340 4539 478 4607 eripiendo
504 4534 527 4590 lu
550 4549 637 4587 eurum
655 4535 823 4584 inserinuntur
874 4543 940 4587 entre
958 4537 1084 4587 deuterium
1101 4539 1329 4606 νινιιιιιἛιρίιέιιιιισι
1344 4548 1384 4603 per
1392 4536 1447 4599 iguo·
