3090 5042
233 177 295 250 888
461 160 465 170 ’
629 193 656 242 ε.
671 191 824 242 ιτυιαεευ
839 193 1062 240 ιαστιυοιεεοει

146 367 308 414 νεοκτων.
347 341 452 424 σῦτως
471 343 532 430 γάρ
555 341 680 427 έννοεῒν
700 341 738 409 τό
760 345 912 410 τοιοῦτον
934 335 1066 428 ἀσεβές,
1089 335 1159 407 ἀλλ’
1183 335 1202 407 δ
1224 339 1285 428 τῆν
1309 339 1467 420 ἐξέτασιν

187 441 194 462 “
231 451 290 532 τῆς
318 449 488 534 παρακοῆς
509 443 736 530 ποιησόμενος
757 447 811 512 καί
833 450 941 530 κρίσιν
961 441 1157 529 ’ἐπαγαγών
1180 443 1306 528 διπλῆν
1328 445 1397 528 τῆς
1418 469 1467 509 τι-

231 555 359 634 μωρίας
386 545 444 631 τῆν
469 539 644 632 ἀπόφασιν
668 545 804 630 δέδωκε,
834 548 881 632 τῷ
902 546 963 629 μὲν
984 547 1085 632 γηΐνῳ
1108 543 1257 631 εἰρηκώς·
1288 545 1330 632 γῆ
1358 539 1465 611 εἶκαὶ

232 649 279 727 είς
299 651 358 734 γῆν
380 641 585 734 ἀπελεῦσηῆ,
608 649 663 714 καί
686 643 792 726 οὕτως
812 643 1012 729 ὑποδέχεται
1034 641 1152 733 φθορὰ
1165 643 1204 710 τὸ
1217 647 1319 730 στῦμα
1337 645 1464 712 δεσπό

229 773 288 816 του
311 744 572 836 ἀποφηναμένου
579 801 588 830 ,
617 751 658 837 τῇ
682 749 718 816 δέ
740 751 846 836 ψυχῇ·
875 748 1015 835 θανάτῳ
1038 743 1243 834 ἀπσθανῆ’)·
1272 749 1331 814 καὶ
1358 743 1464 825 οὕτως

189 894 193 904 ·
230 849 303 936 διχῆ
334 850 515 936 διαιρεῖται
538 846 556 916 ό
578 848 763 938 ἄνθρωπος
784 853 838 918 καὶ
862 849 895 918 έν
919 851 992 917 δυσί
1014 847 1135 928 τόποις
1156 848 1317 931 σ’ίχεσθαι
1341 852 1464 915 ‘'nara-

231 949 405 1032 δικάζεται.
445 951 502 1020 διὰ
522 955 620 1020 τοῦτο
640 959 735 1040 χρεία
756 957 867 1039 γέγονε
888 955 947 1019 τοῦ
970 946 1246 1038 ἀποφηναμένου,
1278 948 1340 1016 ἵνα
1366 947 1463 1029 αὐτὸς

230 1049 272 1118 δι’
303 1051 421 1120 ἑαυτοῦ
451 1052 534 1142 λύσῃ
562 1053 621 1144 τῆν
643 1055 761 1123 ἑαυτοῦ
785 1048 976 1142 ἀπόφασιν,
1008 1051 1042 1120 δν
1062 1055 1175 1142 μορφῇ
1197 1055 1256 1119 τοῦ
1278 1053 1464 1118 καταδαρ-

196 1159 199 1166 ’
230 1157 372 1233 σθέντος
394 1149 643 1242 ἀκαταδικάστηι
665 1157 719 1222 καί
742 1149 960 1242 ἀναμαρτήτῳ
983 1147 1116 1243 δφθείς,
1139 1154 1194 1220 ἵνα
1214 1155 1269 1220 καί
1293 1149 1315 1241 ῆ
1340 1156 1463 1220 καταλ-

229 1254 311 1343 λαγὴ
333 1258 392 1323 τοῦ
414 1260 498 1324 θεοῦ
521 1255 607 1343 πρὸς
628 1255 686 1323 τὸν
708 1255 894 1342 ἄνθρωπον
915 1263 1056 1343 γένηται,
1079 1257 1133 1322 καί
1155 1251 1174 1344 ῆ
1198 1253 1386 1342 ἐλευθερία
1406 1259 1460 1322 τοῦ

230 1357 356 1438 παντὸς
378 1352 563 1445 ἀνθρώπου
586 1352 645 1425 ‘dl
670 1355 856 1444 ἀνθρώπου
878 1353 1008 1445 ῦπάρξῃ
1032 1357 1066 1424 ἐν
1088 1360 1128 1444 τῇ
1151 1353 1323 1444 καινότητι
1339 1361 1405 1443 τῆς
1421 1357 1461 1425 εί-

228 1459 324 1539 κόνος
345 1464 403 1526 τοῦ
427 1461 500 1528 υἱοῦ
524 1453 625 1526 αὐτοῦ
644 1455 748 1548 Ἰησοῦ
769 1463 922 1547 Χριστοῦ
944 1463 1004 1526 τοῦ
1028 1465 1140 1545 κυρίου
1162 1454 1274 1543 ἡμῶν..
1298 1459 1330 1526 εἰ
1356 1460 1460 1527 δὲκαὶ

229 1563 340 1650 ἕτερον
361 1560 467 1628 τόπον
489 1563 664 1649 καταδίκης
687 1563 794 1642 δεῖξαι
816 1562 972 1642 δύνασθε,
996 1560 1130 1638 εἰκότως
1145 1554 1184 1627 ἀν
1199 1561 1354 1645 ιλέγοιτε
1369 1564 1460 1648 τριχῆ

229 1665 439 1750 διαιρεῖσθαι
460 1661 518 1728 τὸν
542 1661 741 1750 ἄνθρωπον,
772 1665 825 1730 καί
849 1663 883 1730 ε”κ
903 1665 965 1747 μὲν
985 1664 1052 1728 τῶν
1075 1659 1133 1726 δύο
1154 1659 1269 1726 τόπων
1293 1662 1358 1750 τῆν
1384 1659 1460 1729 ἀνά-

227 1767 341 1850 κλησιν
363 1768 539 1848 γεγονέναι,
564 1763 598 1831 ἐν
621 1763 656 1830 δέ
677 1767 725 1852 τῷ
747 1771 847 1852 τρίτῳ
868 1769 979 1849 μένειν
1002 1763 1036 1830 ἒν
1058 1764 1194 1847 δεσμοῖς
1213 1760 1252 1828 τὸ
1269 1762 1457 1848 δεδεμένον.

228 1863 258 1931 εί
280 1861 381 1948 δὲμὴ
406 1863 493 1946 έχετε
515 1863 622 1943 δεῖξαι
644 1860 754 1950 ἕτερον
776 1863 882 1931 τόπον
905 1863 999 1950 παρά
1020 1863 1077 1930 τὸν
1092 1862 1201 1951 τάφον
1215 1867 1270 1930 καί
1287 1863 1351 1930 τὸν
1368 1863 1457 1953 ᾅδην,

227 1961 263 2045 ἒξ
284 1952 330 2030 ὧν
350 1957 579 2051 ῆλευθέρωται
600 1965 734 2045 τελείως
750 1961 768 2032 ό
784 1964 976 2051 ἀνθρωπος,
1000 1965 1149 2050 Χριστοῦ
1166 1962 1458 2051 ἐλευθερώσαντας

226 2057 313 2154 ἡμᾶς
335 2065 369 2133 έν
391 2067 430 2154 τῇ
452 2063 570 2133 ἑαυτοῦ
593 2060 669 2132 καθ’
693 2062 779 2153 ἡμᾶς
799 2070 912 2156 μορφῇ
934 2067 1044 2154 τελείηι
1064 2067 1118 2132 καί
1134 2059 1363 2154 ἀληθεστάτη,
1387 2073 1458 2147 πιῦς

228 2168 278 2236 ότι
299 2171 404 2235 ταῦτα
425 2169 534 2254 λέγετε
556 2163 601 2246 ὦς
624 2162 757 2235 οῦδέπιο
779 2169 1037 2254 καταλλαγέντυς
1057 2169 1114 2255 ’τῇ
1138 2161 1383 2254 ἀνθρωπόκητι
1399 2173 1456 2234 τοῦ

227 2271 330 2352 θεοῦ,·
359 2271 434 2348 πῶς
463 2259 521 2336 οῦν
549 2259 753 2356 ἐπεδήμησεν
782 2264 800 2334 ό
832 2269 961 2356 σωτῆρ,·
996 2263 1085 2357 ῆώς
1108 2263 1271 2346 ἀδύνατος
1291 2268 1345 2334 τὸν
1367 2269 1454 2350 σέμ-

228 2393 339 2436 παντα
368 2370 466 2436 λῦσαι
494 2369 694 2456 ἀνθρωπον,
728 2363 749 2455 ῆ
779 2365 824 2448 ὦς
852 2370 1090 2455 βδελυξάμενος
1111 2369 1169 2436 τὸν
1192 2365 1290 2449 ἀπαξ
1309 2364 1449 2454 ἁμαρτῆ-

228 2488 332 2533 σαντα
364 2471 456 2548 νοῦν,
489 2463 512 2555 ἢ
540 2465 586 2546 τός
619 2469 776 2548 δεδυικιὺς
795 2469 850 2556 ’μῆ
879 2469 935 2538 καί
950 2467 1063 2560 ,αὐτὸς
1083 2477 1220 2554 μέτοχος
1241 2475 1380 2556 γένηται
1400 2472 1455 2556 τῆς

227 2562 405 2653 άμαρτίας,
436 2567 465 2634 εἰ
492 2568 618 2647 τέλειος
645 2575 777 2657 γένηται
799 2569 982 2656 ἀνθρωπυς
1003 2571 1086 2650 θεὸς
1109 2569 1173 2655 τόν,Ι
1203 2567 1273 2638 ἀλλ’
1302 2566 1457 2656 ἀσεβείας

228 2667 368 2753 ἔμπλεοι
396 2668 428 2735 οό
457 2671 561 2735 ταῦτα
590 2665 695 2748 οὕτως
725 2670 921 2750 ἐννοοῦντες.
969 2671 1086 2758 τίγὰρ
1108 2675 1266 2761 περὶτῆς
1290 2669 1457 2761 ἁμαρτίας

228 2763 414 2854 ὁριζόμενοι
444 2773 549 2838 ταῦτα
578 2769 727 2851 λαλεῖτε,
743 2771 894 2858 ’φυσικὴν
923 2767 1008 2840 εἶναι
1036 2769 1095 2857 τὴν
1117 2769 1282 2860 ἁμαρτίαν
1305 2776 1457 2862 λέγοντες

226 2869 310 2937 κατὰ
330 2868 388 2937 τὸν
410 2863 630 2968 ἀσεβέστατον
653 2877 862 2956 Μανιχαῖον,·
887 2950 890 2957 ¹

313 2977 362 3040 15.
410 2973 523 3040 Ταῦτα
557 2970 663 3052 οὕτως
691 2983 845 3062 φρονεῖτε
870 2963 1046 3062 κατήγοροι
1072 2973 1241 3060 γινόμενοι
1265 2979 1329 3041 τοῦ
1363 2979 1459 3068 δημι-

226 3075 345 3160 ουργοῦ
366 3075 425 3160 τῆς
447 3073 587 3162 φύσεως.
620 3071 693 3143 ’ὅτε
714 3069 899 3160 τδνἈδὰμ
921 3069 1065 3164 ἀρχῆθεν
1081 3076 1224 3144 έπλασεν
1239 3071 1258 3142 δ
1273 3076 1376 3158 θεός,
1400 3079 1460 3166 μῆ-

107 3175 112 3194 ’
227 3197 317 3259 τοιγε
339 3174 510 3264 σύμφυτον
533 3160 621 3262 αῦτῷ
645 3177 767 3243 δέδωκε
787 3174 846 3264 τῆν
868 3171 1049 3263 ἀμαρτίαν,·
1079 3183 1131 3256 τίςΙ
1153 3166 1210 3244 οῦν
1233 3177 1284 3245 ἔτι
1304 3187 1410 3264 χρεία
1424 3171 1458 3268 ῆν

204 3327 206 3330 -
225 3279 283 3361 τῆς
305 3275 455 3362 όντυλῆς;
485 3279 559 3357 πιῦς
581 3278 618 3344 δὲ
640 3273 740 3344 αῦτὸν
754 3277 964 3344 κατεδίκασεν
980 3274 1232 3363 ἀμαρτῆσαντα,·
1255 3283 1334 3360 πῶς
1351 3284 1393 3350 δὲ
1408 3285 1458 3349 καί

228 3374 296 3462 πρὸ
323 3379 382 3464 τῆς
404 3382 575 3464 παρακοῆς
597 3371 656 3445 οῦκ
678 3375 832 3464 ἐγίνωσκε
851 3374 951 3443 καλὸν
972 3379 1026 3444 καί
1049 3377 1195 3466 πονηρόν
1218 3375 1394 3468 ὃἈδάμ,·
1425 3383 1458 3451 ὃν

226 3475 368 3542 ἔπλασεν
398 3473 416 3540 ό
444 3477 527 3554 θεὸς
556 3477 611 3543 ἐπὶ
635 3491 648 3530 ⁸
655 3473 834 3566 ἀφθαρσίᾳ
860 3479 915 3544 καί
938 3477 1040 3547 εἰκόνι
1060 3481 1118 3567 τῆς
1141 3480 1228 3560 ἰδίας
1249 3475 1458 3572 ἀίδιότητος,

225 3575 381 3660 ἐποίησεν
397 3570 496 3643 αὐτὸν
511 3574 613 3663 φύσιν
629 3569 857 3666 ἀναμάρτητον
867 3581 922 3646 καὶ
933 3580 1073 3664 θέλησιν
1085 3576 1313 3662 αῦτεξοῦσιον·
1330 3587 1459 3676 φθόνῳ

175 3746 179 3755 ,
225 3677 261 3743 δὲ
293 3675 450 3762 διαβόλου
482 3671 632 3755 θάνατος
661 3675 811 3766 είςῆλθεν
841 3679 888 3758 τίς
915 3677 973 3748 τόν
1000 3678 1155 3766 κόσμονῆ
1184 3678 1372 3770 εὑραμένου
1402 3693 1461 3778 τῆς

293 3862 317 3924 1)
336 3863 395 3914 Gen.
414 3863 439 3924 ³,
460 3862 499 3914 19.
569 3863 594 3924 2)
614 3867 673 3918 Gen.
692 3865 717 3928 2,
736 3866 776 3917 1⁷.
846 3867 872 3930 3)
889 3870 947 3936 Sap.
966 3868 990 3931 2,
1009 3867 1051 3920 2⁴.

256 4011 277 4046 κ.
296 3996 396 4058 θεςαεε.
420 3997 518 4048 Gobler.
544 4005 568 4049 εί
585 3999 689 4051 Felckm.
709 4001 730 4050 ¹.
749 3993 809 4050 ἕνα·
858 3996 1030 4058 ταδικόστωι·
1045 3999 1091 4052 καί
1109 3997 1318 4086 ἀναμαρτήτως.
1350 4009 1417 4061 Εδὶιὶ
1437 4017 1461 4062 ει

221 4055 325 4130 γαγοόν.
364 4065 428 4114 Infra
445 4067 502 4116 editi
519 4058 680 4132 ἀποδέχεται
697 4061 805 4133 φθορά,
859 4073 899 4122 :lii
928 4063 1136 4138 ἀκαταδικάστηι
1172 4087 1217 4122 και
1252 4067 1460 4146 ἀναμαρτήτῳ.

222 4133 266 4183 sed
283 4145 326 4183 vox
344 4124 443 4251 φθορά
461 4134 530 4184 abest
548 4137 571 4184 iu
589 4137 688 4198 Seguer.
708 4149 753 4185 nec
767 4151 808 4187 ex·
860 4139 964 4204 Utraque
983 4139 1055 4190 lectio
1075 4143 1194 4222 ηυυδτετε
1212 4144 1314 4194 videtur.

222 4213 307 4266 pressa
326 4209 392 4251 εειε
433 4201 514 4252 annio.
893 4221 914 4256 ε.
934 4207 997 4258 Haec
1015 4199 1049 4256 δι’
1069 4204 1220 4274 ανθρώπου
1238 4211 1327 4262 desum
1343 4212 1371 4265 in
1383 4217 1462 4278 δεμ.

255 4269 278 4318 h,
298 4269 332 4320 Ιῑε
349 4269 488 4333 Seguerian.
509 4267 606 4320 Gohler.
625 4277 648 4318 ει
667 4267 772 4320 8εΙεΙαυ.
785 4269 807 4319 1.
859 4274 957 4325 Gobler.
980 4282 1004 4325 ει
1028 4276 1133 4326 δείδιτε.
1155 4279 1176 4327 1.
1211 4277 1263 4329 Mox
1286 4293 1379 4334 omues
1406 4287 1461 4334 [ατε

221 4333 284 4386 Edili
302 4351 357 4386 τετυ
382 4344 405 4387 ει
431 4338 472 4387 alii
494 4328 703 4396 λκαταδικάσθη.
742 4338 807 4387 Ιυίτι
859 4353 917 4390 mss.
936 4340 985 4389 τοῦ
1001 4334 1062 4390 υἱοῦ
1082 4335 1166 4395 αάτιῦ
1180 4337 1278 4406 Ἰησοῦ.
1316 4349 1385 4402 Ediu'
1406 4349 1462 4402 τοῦ

221 4403 313 4464 anglic.
334 4405 435 4470 θαρσεῖ.
454 4403 524 4457 anl.
543 4403 724 4456 02Felckm.1.
744 4395 808 4452 δκα·
858 4399 919 4457 υἱοῦ
936 4407 986 4458 τοῦ
999 4401 1098 4470 Ἰησοῦ.
