3214 5048
569 268 727 316 omarou.
744 271 860 318 coortu
874 271 1011 319 nuum.
1322 263 1385 332 88⁹

158 434 318 504 erucem
337 439 403 486 noo
425 421 572 512 laborm
593 439 687 504 mque
708 433 791 486 neat.
835 424 910 488 uteo
932 439 1033 494 meet
1053 427 1156 500 cotias
1170 431 1241 510 petit
1262 429 1472 494 medo-ruas.

157 527 261 592 mmor
293 529 326 588 io
360 527 444 588 emm·
473 521 576 601 plotio
609 541 667 586 suo
696 535 866 605 coopertus·
884 537 931 590 eat
951 532 1032 592 sicut
1051 548 1149 594 utrum
1170 549 1209 594 ear
1229 535 1308 599 istie.
1354 531 1390 596 Si

140 637 258 692 „auem
279 627 405 706 [oenum
427 626 504 702 apri,
527 625 606 704 prend
629 625 715 686 bodie
737 636 782 690 tat
803 639 833 688 et
847 645 917 690 cros
933 632 966 690 itt
980 629 1131 694 elidum
1146 637 1288 706 mittitur,
1304 633 1387 698 Deus

157 734 202 794 aie
224 731 335 802 vestim
364 742 467 788 nonne
494 723 591 789 multo
618 731 714 806 mepta
736 745 791 790 uos
812 727 946 790 modicae
965 729 1061 810 fidoi?
1104 731 1136 794 Si
1159 751 1230 814 ergo
1252 754 1314 798 noo
1335 735 1386 798 io-

159 831 281 911 dignum
304 828 366 888 Deo
389 823 506 888 videtur
527 844 577 888 res
600 827 740 900 tantulae,
762 833 795 888 ut
817 827 922 908 capitis
943 831 1065 904 crinem,
1087 851 1240 912 passerem
1264 837 1386 918 aprique
1462 871 1466 881 ·

159 933 291 1002 foenum,
314 945 368 990 sua
390 925 546 1007 complecti
568 927 764 1010 providentia,
788 919 876 990 cc'rto'
890 947 945 990 nec
966 929 1045 1009 ipsas
1067 951 1169 998 creare
1190 937 1386 1019 iudignumei

158 1033 223 1094 tuit
269 1031 385 1105 Quibus
407 1029 485 1092 enim
504 1027 582 1090 Deus
603 1029 794 1110 providentia
815 1049 871 1097 sua
884 1029 1023 1098 consulit.
1045 1045 1148 1094 eorum
1163 1054 1217 1114 per
1230 1040 1385 1120 proprium

159 1131 288 1196 Verbum
311 1144 358 1194 cst
380 1133 513 1194 abactor.
557 1130 725 1204 Praeterea,
748 1131 799 1212 qui
821 1132 894 1194 baec
915 1133 1026 1196 audent
1044 1132 1154 1207 dicore,
1177 1139 1340 1216 turpiorem
1355 1141 1386 1204 iu

159 1254 293 1298 errorem
315 1234 460 1297 incidunt.
503 1232 547 1294 liii
570 1233 648 1296 enim
671 1253 720 1296 res
741 1243 856 1296 creatas
879 1245 909 1296 et
930 1235 1112 1298 creationem
1134 1236 1278 1313 dividunt,
1300 1241 1340 1302 ita
1354 1249 1388 1304 ut

158 1337 236 1398 lianc
263 1335 356 1398 velint
377 1335 474 1398 Patris
497 1353 574 1415 opus
597 1353 681 1408 esse,
716 1334 781 1398 illas
804 1345 900 1398 autem
924 1336 991 1400 Filii
1014 1356 1085 1400 esse
1107 1355 1215 1418 opera3
1242 1357 1308 1402 oum
1330 1357 1387 1401 ne·
1441 1392 1446 1403 .

161 1456 247 1500 cesse
279 1438 319 1500 sit
348 1435 393 1498 vel
417 1436 515 1500 omnia
538 1455 604 1499 cum
626 1435 701 1498 Fib'o
723 1456 740 1498 a
761 1437 849 1500 Patro
870 1437 953 1513 fieri,
975 1440 1021 1502 vel
1043 1439 1071 1502 si
1092 1459 1142 1503 res
1164 1458 1270 1503 omues
1292 1442 1386 1506 tacto

159 1557 215 1618 per
236 1537 444 1613 titionum,
467 1556 527 1600 uon
549 1537 707 1612 affirmare,
731 1559 799 1602 eum
822 1559 910 1602 uuam
934 1541 1063 1604 erebus
1086 1542 1170 1604 iactis
1193 1560 1273 1605 esse.

243 1745 294 1808 to.
338 1743 467 1822 insuper
496 1742 554 1804 boc
581 1742 669 1804 etiam
698 1751 785 1822 pacto
814 1743 952 1824 redargui
981 1751 1082 1825 potest
1109 1746 1227 1809 iliorum
1255 1745 1474 1810 institissent.

157 1843 190 1906 Si
212 1843 310 1925 ipsum
333 1861 453 1925 quoquo
474 1843 602 1906 Verbum
627 1845 719 1906 tactae
742 1853 789 1908 est
810 1855 944 1922 naturae,
968 1847 1018 1928 qui
1040 1849 1104 1910 beri
1124 1856 1240 1928 potest,
1263 1858 1295 1913 ut
1317 1867 1384 1912 cum

158 1946 223 2028 ipsa
245 1947 298 2010 Dei
320 1947 467 2010 actionem
489 1945 640 2010 sustinere
661 1965 721 2010 non
745 1933 850 2028 queat,
879 1949 976 2012 solum
1000 1949 1127 2012 Verbum
1150 1969 1184 2012 ex
1208 1951 1387 2014 omnibusa

156 2049 314 2112 uon-iacta
337 2057 367 2111 et
387 2047 548 2130 purissima
569 2047 623 2110 Dei
646 2057 751 2111 notura
773 2049 838 2111 iteri
859 2051 1006 2130 potuerit,
1038 2051 1081 2113 uti
1103 2070 1158 2112 uos
1181 2049 1387 2114 asseveratis?

157 2149 231 2212 Nam
253 2169 378 2216 necesse
400 2159 458 2224 est,
482 2151 509 2214 si
531 2151 631 2231 possit
652 2151 792 2226 Verbum,
814 2171 864 2213 res
887 2171 993 2214 omncs
1014 2153 1151 2214 similiter
1172 2154 1272 2231 posse,
1295 2160 1345 2214 aut
1361 2152 1387 2212 si

157 2251 239 2314 nulla
259 2252 369 2332 possit,
392 2271 449 2314 neo
470 2238 599 2314 Verbum
621 2252 692 2313 item
714 2271 819 2332 posse,
842 2263 946 2332 utpote
967 2253 1046 2332 quod
1069 2253 1232 2316 secundum
1254 2270 1308 2312 ros
1330 2270 1388 2316 une

159 2356 202 2418 sit
223 2376 239 2416 e
260 2355 344 2418 sactis
368 2353 470 2416 rebus.
516 2353 630 2414 Rursus
654 2353 691 2426 si,
715 2353 782 2414 ideo
802 2354 881 2432 quod
897 2356 971 2414 tacta
986 2360 1089 2414 natura
1105 2371 1166 2414 nou
1181 2353 1387 2432 possitaetio-

160 2455 209 2518 nis
231 2456 328 2536 ipsius
351 2453 405 2515 bei
423 2471 499 2532 ⁴esse
520 2454 680 2534 particeps,
704 2453 871 2516 intermedii
894 2454 1018 2518 alicuius
1041 2471 1116 2534 opus
1139 2454 1209 2530 tutu
1231 2473 1388 2519 senceum

160 2557 290 2620 Verbum
317 2557 429 2619 iactum
458 2555 498 2618 sit
526 2565 723 2632 mereatum,
751 2565 783 2618 ut
803 2557 905 2637 possit
926 2557 1031 2632 creari,
1054 2558 1242 2620 necessarius
1264 2557 1387 2620 omnino

159 2658 250 2722 suerit
281 2657 387 2738 aliquis
421 2658 489 2722 item
517 2659 727 2736 intermedius,
761 2659 1000 2740 quandoquidem
1022 2658 1122 2740 ipsum
1143 2679 1260 2740 quoquo
1282 2668 1330 2721 cst
1351 2679 1387 2722 ex
1447 2647 1455 2658 ’

158 2779 284 2822 numero
318 2763 461 2824 factarum
494 2769 704 2840 naturarum„
721 2779 796 2842 quae
823 2761 949 2822 actionis
972 2760 1024 2824 bei
1053 2761 1211 2842 partin'pcs
1234 2779 1302 2824 esse
1326 2777 1387 2824 non

158 2871 288 2940 queunt,
318 2863 371 2923 sed
400 2862 577 2924 intermedio
600 2861 735 2940 indigent
755 2861 863 2940 aliquo.
909 2861 996 2934 Quod
1019 2863 1046 2924 si
1068 2861 1260 2924 intermedius
1281 2861 1388 2942 aliquis

160 2964 238 3024 inter
267 2961 349 3024 ilium
383 2961 592 3022 intermedium
622 2972 652 3022 et
674 2961 766 3022 Deum
789 2961 971 3040 reperiatur,
1000 2961 1058 3022 aiio
1080 2961 1187 3022 iterum
1209 2961 1387 3024 intermedio

162 3069 287 3141 propter
308 3060 397 3121 istum
420 3079 497 3138 opus
520 3061 585 3133 erit,
608 3061 707 3139 itaque
729 3060 796 3139 quis
817 3060 1035 3139 progrediendo
1058 3067 1088 3120 et
1109 3069 1208 3122 mente
1223 3061 1389 3140 indagando

161 3162 319 3226 maximam
351 3161 563 3224 confluentium
596 3159 842 3223 intermediorum
875 3160 989 3222 turbam
1018 3159 1165 3234 offendet,
1198 3179 1233 3224 ae
1263 3160 1390 3240 proinde

160 3263 240 3326 nulla
268 3283 317 3326 res
346 3272 445 3326 ereata
473 3265 584 3344 poterit
606 3263 733 3325 existere
756 3271 787 3326 et
808 3262 959 3335 consului,
982 3281 1048 3325 cum
1070 3281 1188 3342 semper
1210 3262 1390 3326 intermedio

161 3366 261 3446 aliquo
283 3366 429 3446 indigeat,
459 3357 595 3446 unusque
624 3365 820 3452 intermedius
843 3363 908 3426 siue
930 3364 987 3426 alio
1010 3364 1186 3426 intermedio
1207 3383 1268 3426 uon
1291 3364 1390 3444 possit

162 3467 247 3542 beri,
277 3467 344 3529 ideo
374 3468 442 3547 quia
465 3485 570 3530 omncs
593 3459 686 3530 iactae
708 3475 778 3529 sunt
800 3475 938 3540 naturae,
962 3485 1037 3546 quae
1059 3465 1184 3528 aetionis
1206 3465 1301 3528 solius
1322 3464 1386 3542 Dei,

195 3635 216 3669 e.
235 3621 340 3734 Serota
361 3611 458 3671 Gobter.
483 3627 507 3670 ot
525 3621 630 3700 idcicro.
653 3621 674 3670 t.
693 3617 750 3668 roto
800 3613 906 3669 τούτου.
944 3619 1033 3670 ibidem
1052 3618 1125 3696 VV‘V‘
1144 3626 1167 3697 et
1184 3619 1386 3734 Segoeerdnptic.

158 3699 312 3804 ἴξεῖἵῖίὶἱ
341 3699 392 3804 ‘iio
411 3690 749 3822 i‘itittbt‘tttttts
800 3687 1387 3806 {ibiibi‘iai'nbiia”b}3{oiss‘“bib

159 3812 237 3905 rifat..
274 3823 354 3902 ΡεειΙε1
369 3830 425 3886 post
443 3823 542 3902 Segnior.
561 3833 583 3872 et
602 3825 705 3904 ibic-bnt.
725 3823 749 3873 d.
800 3825 857 3874 ibid.
878 3837 936 3873 mes.
955 3837 1040 3873 omues
1057 3813 1178 3884 ἢπάσης.
1203 3817 1385 3902 Editindciarr,

158 3905 251 3942 αετων
268 3904 320 3949 την
336 3904 441 3940 uuam.
478 3893 540 3942 tidtu
558 3901 582 3942 et
600 3894 641 3944 atu
659 3904 751 3940 autur
799 3905 936 3956 perperam.

160 3955 210 4020 τὴν
227 3951 354 4026 ἀνομίαν.
836 3961 859 4008 b.
879 3958 1018 4008 setctmm.
1037 3968 1061 4009 et
1078 3959 1101 4009 5.
1119 3957 1264 4022 γεννητῶν.
1295 3957 1387 4010 ibidem

193 4062 210 4111 f·
228 4061 368 4124 smum·
393 4061 493 4112 Gom
517 4059 622 4109 mem
645 4061 666 4109 ι.
686 4067 710 4110 et
727 4059 751 4109 4·
780 4020 848 4121 'aut'
864 4025 932 4076 obest
950 4042 962 4075 a
981 4027 1078 4078 Gobter.
1098 4027 1203 4077 Votcbm.
1223 4029 1244 4078 t.
1263 4035 1287 4078 et
1304 4026 1328 4077 t.

159 4119 504 4258 :instituent
520 4119 751 4261 :intutam
835 4089 1386 4238 ἰ’ἓῑὶἳῑῐὲῑὲῒῖἵιεὶᾎ.ἐκεινῳ.

47 4265 54 4282 ’
159 4257 214 4318 ἑός,
248 4266 293 4314 App
313 4274 337 4315 οι
354 4267 411 4318 edm
428 4246 618 4331 pam-„3109
834 4230 850 4281 l·
862 4231 970 4292 Sepurr.
989 4231 1086 4280 notter.
1105 4231 1211 4280 Febbm.
1223 4232 1242 4280 l.
1255 4231 1388 4281 cidnum·

801 4311 850 4351 roc
866 4285 944 4346 εἶναι
980 4299 1024 4348 ttit
1033 4307 1057 4348 et
1066 4299 1123 4349 editi
1133 4291 1224 4348 πάντα
1233 4286 1310 4348 εἶναι.
1338 4297 1388 4346 ibi·

195 4381 214 4427 u
237 4365 338 4428 Segncr.
356 4367 455 4417 Gobicr.
474 4376 496 4416 et
515 4367 622 4418 Fcickm.
639 4365 660 4416 l.
678 4359 750 4432 yivr-
799 4365 854 4415 ἀνω
874 4365 966 4428 Segnior
993 4367 1049 4424 tter.
1067 4368 1164 4418 coutet.
1183 4367 1288 4416 Fotctm.
1301 4361 1388 4438 betb

159 4431 236 4482 σθεν,
281 4435 358 4484 ceteri
385 4444 410 4484 ει
434 4435 493 4484 editi
514 4427 653 4498 revictae
698 4435 749 4484 ttor
799 4431 848 4492 eir
863 4431 978 4497 γενετῆς
995 4426 1111 4498 udatur.
1138 4435 1216 4484 Ceteri
1233 4441 1258 4482 ct
1275 4429 1391 4486 editirpc

160 4499 300 4550 Gobterim.
323 4509 348 4550 et
365 4502 469 4552 tetrius.
491 4502 511 4552 t.
530 4491 635 4566 daim
652 4496 708 4567 γὰρ
726 4493 751 4552 ai
798 4498 915 4567 peruris
932 4499 980 4560 ric
998 4492 1116 4566 φύσεως.
1359 4512 1362 4520 ·

1131 4581 1186 4634 tt*
