3220 5046
558 301 666 344 omaro
682 301 702 344 r.
719 302 833 346 conam
848 303 984 348 munos.
1319 293 1378 377 tjoe

149 448 265 512 discam
287 457 397 530 quanto
420 449 506 529 lepeu
528 449 698 526 ceciderint,
722 461 808 532 atque
830 451 871 514 ita
892 451 999 516 deinde
1013 453 1182 534 loquuntur.
1214 455 1293 530 Quid
1307 471 1465 519 veronus.

149 550 277 631 emplius
299 569 335 614 ex
357 549 407 612 illa
428 549 585 612 dicendum
607 551 743 628 babeant,
766 571 853 634 quarn
876 554 947 616 ista:
970 553 1058 630 „llon
1081 575 1201 637 semper
1221 557 1303 620 lietu
1326 557 1382 623 tut

151 651 276 726 „Palem
298 651 351 714 eod
373 657 478 730 postea
499 651 594 712 lactus
615 663 671 716 est
715 653 781 715 Non
803 673 921 734 semper
942 655 998 717 luit
1018 656 1121 733 lilius,
1144 677 1201 720 nec
1222 659 1303 721 enim
1323 659 1381 722 tuit

152 759 335 830 „antequam
358 757 446 813 natus
468 759 525 812 est.
570 751 636 814 Nou
659 762 706 814 cst
727 773 763 816 cx
784 755 886 828 Patre,
915 756 968 817 sed
995 757 1059 836 ipse
1087 779 1204 840 quoque
1226 781 1262 823 ex
1284 761 1378 824 nihilo

152 897 172 926 „
182 851 306 914 exstitit.
350 851 416 914 Non
439 852 580 932 proprius
603 862 649 915 eet
668 862 789 916 naturae
808 839 918 926 Patris,
941 875 1008 918 nour
1031 869 1061 920 et
1082 870 1197 924 creatus
1212 871 1260 925 est
1280 872 1310 926 et
1331 865 1376 926 la-

155 963 258 1025 „etus
303 951 438 1014 Christus
461 973 522 1016 uon
545 963 592 1016 est
612 973 701 1016 verus
724 955 817 1029 Deus,
846 955 900 1016 sed
921 957 985 1036 ipse
1007 959 1094 1020 etiam
1115 963 1235 1024 nonnisi
1255 965 1377 1043 pertici-

156 1051 302 1130 „patioue
323 1052 402 1114 licus
430 1055 551 1118 eftectus
580 1065 635 1118 eet
679 1055 772 1118 Filius
801 1057 920 1120 Patrem
949 1075 1009 1120 non
1036 1059 1120 1120 norit
1146 1071 1295 1136 accurate,
1322 1084 1379 1128 nec

155 1151 311 1224 „Verbum
331 1155 462 1234 periente
482 1141 599 1218 Patrem
622 1156 718 1229 videm
741 1177 797 1220 nec
817 1157 889 1220 item
910 1177 1012 1222 verum
1036 1165 1067 1220 et
1088 1159 1208 1222 unicum
1223 1169 1270 1222 est
1281 1164 1378 1228 Patris

153 1253 326 1330 „Verbum,
349 1256 402 1320 sed
423 1257 488 1318 sole
510 1259 632 1320 nomine
654 1258 782 1322 Verbum
805 1259 913 1328 dicitur
935 1270 964 1322 ct
986 1259 1153 1341 Sapientia,
1174 1261 1268 1340 gratia
1288 1263 1379 1328 Filius

151 1361 211 1428 „et
231 1353 324 1418 virtus
346 1359 519 1439 appellatur.
562 1361 629 1422 Non
652 1367 698 1422 est
719 1361 911 1423 immutabilis
934 1369 968 1423 ut
986 1362 1085 1431 Pater.
1108 1361 1162 1424 sed
1185 1365 1291 1426 uaturb
1311 1383 1380 1426 mu-

151 1451 276 1544 „tebius
299 1465 345 1520 eet
366 1460 453 1522 sicuti
476 1479 524 1522 res
547 1470 680 1535 creatae,
703 1462 820 1542 ipsique
843 1462 948 1536 deest,
971 1463 1050 1543 quod
1073 1463 1109 1526 ad
1132 1464 1380 1544 comprehensio-

151 1577 247 1632 „ncm
276 1569 305 1622 ct
327 1564 489 1642 perlectam
510 1563 607 1652 Patris
636 1563 835 1643 cognitionem
858 1563 1071 1644 requiriturl“
1114 1564 1188 1628 llira
1210 1583 1283 1628 saue
1304 1566 1379 1628 bae-

150 1661 237 1734 resis,
260 1681 335 1741 quac
356 1663 430 1726 nibil
452 1665 584 1728 continet
606 1664 755 1738 credibile,
778 1665 831 1727 sed
854 1685 932 1740 eum,
955 1666 1005 1745 qui
1028 1673 1084 1740 est,
1111 1685 1172 1728 non
1195 1679 1264 1728 esse
1284 1667 1378 1748 lingit,

149 1771 351 1844 perpetuoque
379 1783 434 1844 pro
463 1765 598 1828 laudibus
628 1767 743 1846 prolert
770 1765 933 1828 maledicta.
984 1766 1016 1828 Si
1044 1766 1110 1848 quis
1138 1767 1227 1847 igitur
1254 1776 1378 1848 ubsque

149 1863 315 1926 examinata
337 1866 486 1928 sententia
508 1876 639 1946 rogetur,
661 1886 806 1947 quaenam
831 1868 903 1928 fides
928 1867 985 1929 eibi
1008 1868 1142 1930 videntur
1164 1868 1307 1949 eligenda,
1329 1869 1376 1932 vel

149 1963 305 2028 cuiusnam
327 1987 414 2030 voces
436 1969 499 2030 Deo
522 1969 616 2049 magis
639 1969 796 2030 convenire
818 1969 987 2042 arbitretur,
1011 1971 1072 2032 imo
1095 1989 1166 2032 rero
1181 1972 1227 2032 rel
1241 1971 1301 2051 ipsi
1315 1973 1373 2035 im·

147 2065 269 2145 pietatis
298 2077 502 2132 assentatores
531 2070 644 2144 dicant,
677 2070 747 2148 quid
776 2069 813 2130 de
841 2070 902 2132 Deo
930 2075 1010 2144 (nam
1032 2063 1115 2134 Deus
1144 2086 1213 2136 eret
1237 2073 1374 2150 Verbum)

148 2168 316 2248 quempiam
337 2170 549 2250 interrogatum
573 2172 676 2233 deceat
697 2170 888 2250 respondere.
932 2172 1004 2232 lude
1019 2173 1099 2234 euim
1122 2171 1268 2234 sententia
1291 2179 1374 2234 utre-

148 2289 206 2350 que
228 2271 382 2351 proposita
415 2273 537 2334 omnino
567 2271 731 2346 constabit,
760 2271 831 2352 quid
859 2272 1043 2350 respondere
1072 2273 1242 2345 conveniat;
1271 2291 1378 2352 nempe

148 2379 214 2433 erat
227 2371 296 2434 rel*
317 2391 378 2434 nun
401 2381 475 2446 erat,
497 2392 616 2453 semper
636 2373 682 2433 rel
705 2381 861 2451 antequam
884 2379 972 2446 natus
994 2378 1050 2444 est,
1073 2378 1225 2433 aeteruum
1248 2391 1317 2434 esse
1332 2373 1378 2436 rel

146 2491 244 2552 aquo
268 2481 299 2534 et
320 2491 355 2536 ex
376 2493 452 2553 quo,
481 2493 582 2536 verum
605 2493 675 2536 esse
697 2472 742 2534 vel
765 2473 939 2552 adoptione,
968 2471 1193 2552 prarticipalioue
1215 2481 1245 2535 et
1266 2491 1375 2536 secuu-

147 2575 218 2636 dum
241 2573 470 2654 cogitationem,
493 2594 582 2638 unum
605 2595 672 2638 eum
695 2594 731 2636 ex
752 2575 835 2636 lactis
857 2573 947 2636 rebus
971 2569 1128 2636 dicendum
1150 2592 1219 2638 esse
1240 2573 1287 2636 vel
1308 2594 1375 2638 cum

148 2675 236 2738 Patre
259 2677 513 2756 coniungendam,
542 2679 640 2758 ipsum
662 2676 741 2738 Petri
765 2677 928 2738 secundum
950 2684 1085 2738 naturam
1107 2695 1177 2738 esse
1198 2675 1374 2740 dissimilem

147 2777 196 2837 vel
216 2777 312 2838 Patris
335 2779 462 2840 similem
486 2787 516 2840 et
537 2779 692 2858 proprium
715 2797 795 2851 esse,
818 2797 880 2840 rem
903 2785 1031 2839 creatam
1054 2797 1123 2840 esec
1144 2777 1191 2838 vel
1209 2778 1375 2859 peripsum

150 2885 336 2936 reserentes
359 2879 448 2939 lactas
471 2879 580 2951 luisse,
608 2897 676 2940 eum
704 2897 772 2938 esee
800 2878 896 2939 Patris
923 2878 1051 2940 Verbum
1078 2879 1124 2938 rel
1151 2878 1277 2940 alterum
1305 2899 1374 2942 esse

150 2984 271 3057 praeter
292 2975 398 3049 isurun,
419 2977 577 3057 ipsumque
599 2995 653 3055 per
674 2976 745 3037 illud
767 2977 846 3038 aliud
869 2977 997 3038 Verbum
1018 2985 1047 3037 et
1068 2996 1121 3054 per
1143 2977 1229 3037 aliam
1251 2977 1372 3054 sapien-

150 3077 221 3139 tiam
245 3078 352 3138 tactum
375 3095 460 3150 esse,
484 3075 610 3138 eundern
632 3077 759 3156 deniqne
780 3077 899 3138 nomine
922 3075 1125 3138 tantummodo
1146 3074 1325 3153 Sapientiam
1346 3083 1460 3138 eisne

150 3178 278 3240 Verbum
301 3189 434 3242 vocatum
450 3195 528 3252 esse,
551 3177 687 3259 illiusque
703 3177 864 3256 sapientiae
877 3176 1051 3257 participem
1066 3184 1093 3237 et
1108 3174 1271 3237 secundum
1286 3175 1376 3239 luisse

150 3282 266 3342 tactum.

217 3631 233 3666 *
251 3629 322 3700 [llulc
340 3634 375 3684 rel
393 3638 481 3700 puriter
498 3641 567 3700 cipue
584 3637 733 3700 coquentibus
749 3635 890 3700 praestiterit
909 3635 1048 3684 substituere
1066 3627 1117 3698 am]

149 3763 204 3838 γὰρ
222 3761 336 3821 τούτων.
364 3771 408 3822 etti
427 3779 451 3820 et
468 3769 524 3820 editi
537 3759 590 3816 clud
604 3761 659 3834 γὰρ
671 3762 735 3818 rori·
785 3762 930 3848 γενέσθαι.
967 3759 983 3828 ἢ
1011 3761 1043 3816 τὸ
1074 3758 1179 3823 ttdm,
1213 3759 1228 3826 ἢ
1256 3760 1287 3816 τὸ
1316 3757 1369 3834 tp·

152 3852 206 3888 roo.
251 3839 310 3888 ltem
338 3837 499 3888 Seuerianus
526 3835 685 3887 Goblerienue
712 3843 736 3885 et
788 3850 819 3884 ou
837 3845 882 3886 ete.

152 3906 255 3955 Felclm.
267 3906 287 3955 l.
301 3853 502 3971 lmlpuvroiv
514 3899 733 3969 προβληθέντων.
822 3905 838 3952 i.
857 3903 996 3978 Segestica.
1015 3902 1074 3963 ling.
1099 3907 1123 3950 et
1140 3899 1244 3978 lelebm.
1263 3901 1288 3951 b.
1308 3891 1372 3949 ciet.

153 3975 212 4023 dditi
237 3982 261 4022 ct
284 3975 324 4022 alit
348 3965 483 4039 ἑκατέρων
501 3969 557 4019 τῶν
579 3963 735 4037 προβλημά-
786 3984 869 4038 potor
898 3961 990 4018 adrev.
1035 3969 1061 4018 ln
1086 3967 1156 4017 editis
1182 3959 1268 4015 αυτόν
1295 3969 1372 4019 deest.

152 4053 214 4089 rur.
251 4041 302 4090 lbid
321 4041 461 4102 Segrrerien.
481 4033 508 4086 τί
523 4033 621 4103 πρέπει
637 4033 733 4102 λέγειν,
789 4039 840 4088 lior
858 4037 889 4088 Se
907 4052 958 4086 uer.
976 4037 1034 4096 ltep.
1053 4035 1150 4086 Gobtor.
1176 4044 1199 4114 ep
1224 4036 1327 4086 Felclm.
1348 4037 1371 4085 t.

151 4101 182 4157 τὸ
201 4093 243 4168 ἦν,
263 4099 279 4167 ἢ
298 4101 330 4156 τὸ
349 4093 461 4168 orlatele·
480 4099 511 4154 rb
531 4097 582 4160 det,
603 4097 736 4170 indepte
789 4098 888 4154 idrore
918 4118 955 4152 oe.
993 4103 1055 4152 Editi
1077 4110 1100 4152 et
1123 4101 1163 4151 elii
1182 4091 1368 4152 amovebat.

150 4169 463 4241 pertremendum,
483 4165 549 4233 tri
568 4165 623 4239 ἀφ’
644 4155 734 4223 atlete.
821 4189 843 4236 g.
862 4173 1003 4236 Seguerian.
1020 4163 1069 4218 καί
1090 4170 1187 4221 omittit.
1222 4171 1287 4220 idem
1308 4185 1371 4248 mor,

151 4245 199 4307 fleg
226 4245 323 4295 Gobler.
343 4253 366 4294 et
384 4245 487 4294 l'eleim.
503 4243 526 4292 t.
544 4235 573 4288 ri
588 4236 684 4306 repleret
696 4236 736 4290 u-
787 4239 859 4291 lircil.
878 4239 1017 4292 Gobterian.
1036 4237 1140 4288 Felelm.
1154 4238 1173 4288 l.
1194 4247 1218 4288 et
1230 4239 1254 4288 5.
1274 4249 1372 4286 rcum

149 4325 224 4376 yser,
244 4297 291 4372 ἦν,
321 4303 336 4372 ἢ
355 4305 388 4360 τὸ
407 4303 455 4361 criu
472 4297 519 4372 ἦν·
538 4302 570 4356 τὸ
590 4300 632 4358 ciel
650 4293 699 4386 ᾖν,
719 4301 735 4388 ἢ
786 4305 905 4375 μίτυχον
921 4299 1112 4387 xcidedtrpov.
1137 4301 1373 4386 deplicemrodrnv

149 4373 182 4460 τὸ1
199 4373 266 4444 πρὶν
282 4371 583 4460 rfrltlwflfflwp
605 4367 621 4437 ἢ
633 4391 664 4425 ro
678 4369 722 4443 ἂφ
788 4369 923 4457 δεύτερον.
962 4376 1023 4454 Edrtr
1044 4386 1144 4422 rector
1159 4367 1279 4439 μέτοχυν
1295 4382 1376 4448 rere:

150 4461 182 4524 qu
197 4456 243 4498 etc.
279 4449 322 4498 ttu
348 4455 372 4498 rt
395 4450 453 4498 edrtr
478 4441 508 4496 cl
523 4457 620 4575 asenec
637 4439 734 4522 idysw,
787 4444 898 4505 enodet.
925 4446 1065 4506 Seguerrsn.
1084 4441 1157 4505 perio
1175 4448 1232 4504 pont
1247 4432 1375 4498 desierat

150 4527 184 4574 ην
202 4505 247 4565 ὅτε
266 4505 314 4564 οὐκ
331 4501 380 4576 ἢν,
401 4507 417 4576 ἢ
435 4509 468 4564 τὸ
487 4505 531 4564 olel
566 4527 598 4562 ν·
622 4525 654 4561 ro
671 4505 738 4578 πρὶν
788 4505 834 4561 eet
851 4507 979 4562 det'avuut.

1117 4585 1170 4638 ll*
