3216 5048
539 295 647 341 annno
663 295 685 340 r.
701 295 816 342 canrns
829 297 965 342 rennos.
1296 286 1358 351 257

129 452 190 518 udi.
233 451 285 514 vet
306 465 379 529 ergo
408 445 457 510 iila
484 445 575 509 rerba
606 447 730 527 perinde
751 465 786 510 ac
806 447 863 510 ista
884 447 1063 530 intelligant,
1095 468 1164 513 nam
1193 457 1223 513 et
1252 449 1301 512 illa
1322 453 1445 516 denuc

128 552 181 616 liei
203 552 332 633 imagine
353 559 425 613 sunt
446 548 574 629 scripte,
602 548 648 611 vel
676 549 732 612 ista
753 558 787 612 ut
808 550 856 612 illa
877 553 953 614 male
975 550 1204 634 interpretantes
1226 553 1358 617 mutabi-

127 653 185 717 lem
206 654 321 734 fingent
341 651 471 713 Patrem.
516 650 602 724 Quod
631 651 658 714 si
687 651 755 714 talia
781 652 828 712 rei
857 653 945 714 etiam
973 652 1037 716 aliis
1067 653 1234 718 dicentibus
1257 653 1362 721 audire

127 773 190 820 non
211 763 296 818 vacat
316 751 468 833 periculo,
497 751 609 814 idcirco
631 751 722 832 igitur
742 771 778 813 ee
798 761 879 814 recte
900 751 1106 834 intelligimus,
1136 775 1244 838 nempe
1265 757 1361 822 Deum

128 857 258 921 iustitias
281 855 404 934 diligere
426 861 456 914 et
477 853 603 916 iniustas
624 853 745 934 rapinas
768 853 871 914 odisse
892 853 965 926 dici,
997 872 1058 917 non
1087 857 1171 936 quasi
1193 859 1225 920 in
1246 859 1359 922 alteru-

129 969 208 1022 tram
235 964 351 1037 partem
379 955 567 1036 propendere
596 962 627 1016 ct
654 954 835 1017 contrarium
863 953 999 1035 amplecti
1027 957 1139 1035 possit,
1166 959 1206 1022 ita
1233 960 1360 1024 utillud

132 1059 230 1140 eliget,
251 1057 331 1120 istud
354 1057 479 1131 reiiciat,
501 1057 531 1118 id
553 1056 632 1119 enim
654 1075 756 1120 rerum
777 1057 919 1119 factarum
942 1055 1097 1136 proprium
1119 1067 1181 1131 est3
1203 1059 1257 1120 sed
1278 1061 1359 1140 quod

131 1169 164 1224 ut
184 1160 273 1222 iudex
294 1159 392 1221 iustus
415 1167 494 1220 amat
515 1165 546 1220 et
567 1159 702 1239 suscipit,
723 1157 828 1238 prend
849 1165 947 1221 annm
962 1177 978 1221 a
994 1157 1079 1220 maiis
1094 1157 1219 1220 recedit.
1250 1157 1360 1223 Eadem

129 1279 221 1343 porro
244 1261 281 1322 de
295 1255 349 1324 nei
371 1259 499 1340 imagine
521 1261 634 1322 sentire
649 1278 767 1340 quoque
782 1260 929 1334 convenit,
953 1278 1017 1322 eam
1033 1258 1147 1322 scilicet
1164 1257 1254 1322 simili
1270 1260 1359 1322 moda

129 1372 159 1425 et
180 1381 279 1425 amare
302 1370 332 1424 et
354 1361 467 1423 odisse.
511 1361 663 1440 Siquidem
685 1361 752 1424 talis
774 1379 843 1424 esse
864 1360 952 1423 debat
974 1361 1111 1440 imaginis
1125 1369 1242 1436 nature,
1265 1360 1360 1442 qualis
1369 1372 1444 1417 Mtt-

129 1464 194 1527 eius
218 1473 264 1527 est
284 1463 381 1538 Pater,
405 1463 521 1525 etiarnsi
544 1462 644 1524 driani
666 1481 763 1542 neque
786 1461 864 1524 iiiam
886 1482 983 1544 neque
1005 1462 1164 1542 quidquam
1182 1463 1261 1526 eliud
1284 1463 1360 1525 diri-

128 1583 233 1628 narum
255 1565 406 1627 literarum
427 1583 500 1644 prae
522 1565 661 1627 caecitate
683 1583 744 1626 non
765 1564 958 1645 perspiciant.
1003 1564 1075 1626 Cum
1104 1565 1184 1626 enim
1214 1584 1285 1628 suas
1313 1565 1360 1627 ri·

129 1667 218 1730 deant
239 1665 433 1746 cagitationes
455 1667 501 1728 rel
522 1667 623 1747 potius
646 1666 839 1728 delicationes
861 1665 965 1730 inanes
988 1676 1019 1729 et
1038 1685 1130 1729 ranas
1153 1685 1231 1742 esse,
1253 1687 1359 1732 rursus

130 1768 167 1832 ad
189 1767 353 1830 divinarum
375 1767 594 1848 Scripturaruru
617 1767 704 1829 verba
727 1767 910 1848 confugiunt.
955 1769 1063 1830 Verum
1078 1787 1145 1830 cum
1160 1769 1209 1831 hic
1228 1786 1285 1849 pro
1302 1789 1358 1833 sno

129 1887 217 1931 more
237 1869 348 1950 pariter
369 1870 547 1942 caecutiant,
581 1869 688 1932 horum
716 1887 837 1932 sensum
866 1887 927 1930 non
954 1879 1097 1949 possunt·
1105 1867 1275 1952 percipere,
1304 1872 1359 1936 sed

133 1987 217 2032 snam
239 1969 418 2049 impietatem
442 1981 578 2051 tauquam
600 1971 730 2050 regulam
754 1971 858 2045 secuti,
882 1971 978 2034 divina
993 1973 1092 2034 omnia
1108 1974 1226 2036 oracula
1240 1974 1278 2035 ad
1293 1993 1358 2037 eam

131 2070 321 2151 detorquent,
352 2091 426 2153 quae
448 2091 516 2134 cum
536 2073 585 2136 rei
605 2080 717 2135 tantum
739 2073 913 2151 proferunt,
942 2073 1015 2135 nihii
1041 2082 1121 2134 certe
1149 2073 1228 2136 aliud
1257 2075 1360 2138 audire

131 2163 211 2252 dipni
233 2181 319 2247 sunt,
342 2193 446 2254 quam:
475 2175 600 2237 Erratis
622 2179 788 2237 nescientes
812 2173 991 2256 Scripturas
1011 2193 1104 2256 nepae
1126 2178 1271 2238 uirtutem
1290 2177 1358 2240 Dei.

131 2274 218 2348 Quod
240 2274 265 2336 si
287 2277 454 2355 pertinaces
477 2276 631 2350 resistant,
652 2275 736 2338 hisae
750 2295 857 2338 rursus
871 2275 971 2338 verbis
987 2286 1057 2338 sunt
1072 2274 1257 2338 contuendi:
1279 2275 1360 2340 Red-

130 2376 190 2438 dite
212 2393 288 2455 quae
310 2383 382 2435 sunt
402 2373 532 2435 huminis
554 2375 668 2437 homini
691 2379 722 2438 et
741 2396 815 2459 anae
838 2389 911 2440 sunt
930 2377 991 2439 Dei
1009 2376 1085 2439 Deo.

1317 2506 1337 2548 0

215 2883 267 2944 53.
310 2881 407 2960 Atqui,
432 2880 577 2959 inquiunt,
600 2881 631 2942 in
652 2881 821 2944 Proverbiis
845 2885 989 2963 scriptum
1012 2895 1075 2947 est:
1097 2885 1245 2948 Dominus
1269 2905 1357 2949 areo-

128 2985 174 3046 cit
194 2999 242 3043 sne
264 2983 384 3042 initium
406 2986 527 3042 siarum
550 2999 678 3043 suarum
698 2986 732 3044 in
755 3001 849 3062 opera
871 3002 937 3045 aaa.
982 2985 1016 3045 {n
1038 2984 1164 3062 epistola
1181 3001 1299 3063 quoque
1319 2986 1357 3046 ad

126 3081 284 3145 Hebraeos
306 3082 379 3144 haec
401 3081 505 3143 scribit
526 3082 703 3162 Apostolus:
735 3081 828 3145 Tanto
854 3088 1067 3164 praestantior
1097 3083 1218 3164 Anaeiie
1244 3085 1357 3165 sactae,

128 3193 241 3266 warato
265 3183 461 3246 eccellentiae
480 3203 559 3265 prae
579 3183 643 3246 iilis
659 3202 766 3246 nomen
782 3185 965 3247 haereditate
980 3189 1102 3264 aceepit,
1126 3192 1156 3246 et
1168 3184 1257 3264 paulo
1271 3193 1357 3264 post:

132 3285 223 3358 Unde,
247 3285 373 3347 Fratres
396 3290 503 3357 sancti,
527 3289 694 3348 uacationis
719 3285 853 3350 coelestio
871 3289 1048 3367 participes,
1073 3286 1261 3348 considerate
1280 3303 1359 3366 apa-

129 3386 241 3450 stolam
262 3396 291 3449 et
308 3387 483 3469 pontificem
500 3387 700 3467 consessionis
715 3397 840 3449 nostrae
855 3385 963 3460 Iesum,
988 3391 1042 3468 qui
1054 3385 1154 3468 fidelis
1178 3396 1222 3449 est
1244 3391 1280 3460 ei,
1305 3389 1359 3469 qni

127 3487 319 3585 sentillam,
343 3497 372 3550 et
393 3490 423 3550 in
445 3488 582 3550 datibus:
605 3487 719 3551 Notans
740 3493 781 3551 sit
802 3492 897 3570 ibatur
919 3488 1002 3550 vobis
1019 3488 1164 3560 omnibns,
1188 3491 1285 3550 omnis
1301 3489 1357 3552 da-

128 3607 195 3652 rnae
219 3587 329 3662 Israel,
352 3592 431 3672 qaod
452 3602 481 3654 et
503 3591 666 3653 Dominum
689 3609 756 3652 enm
778 3602 808 3653 et
831 3589 986 3653 Christum
1006 3590 1080 3670 fecit
1100 3589 1182 3654 Dens
1205 3589 1284 3653 banc
1305 3587 1356 3653 ie-

161 3789 183 3824 s.
201 3775 243 3824 Sic
260 3775 359 3836 Sepnrr.
379 3775 449 3826 Gabi.
468 3783 492 3826 et
508 3776 613 3826 nereum.
629 3777 652 3827 1.
687 3777 715 3828 dt
800 3777 816 3825 i.
847 3777 887 3826 Sic
912 3777 1011 3840 Seguer.
1037 3777 1136 3830 Gubier.
1166 3783 1189 3825 et
1213 3773 1318 3826 i'eicim.
1333 3776 1355 3825 1.

126 3842 183 3903 Rea.
202 3829 274 3891 εἶναι
286 3835 369 3907 φύσει
380 3835 540 3902 airaimian.
571 3844 633 3894 Editi
644 3831 717 3894 ebat
765 3843 793 3892 tt
811 3843 851 3893 eiii
870 3851 894 3894 et
909 3845 982 3894 editio
994 3841 1262 3894 ΰοωωε1.τοσοῦτον.
1281 3841 1355 3893 Penio

125 3901 712 3976 spipriate(mendosepropiassiaireina'ra.
765 3917 822 3974 past
846 3925 904 3960 mss.
928 3926 1013 3962 omnes
1041 3906 1088 3959 nni
1108 3901 1172 3977 μετ’
1200 3899 1286 3974 ittya.
1328 3910 1356 3960 in

159 3978 177 4027 i.
202 3977 242 4028 Sic
258 3979 359 4042 Segaer.
383 3977 441 4040 neg.
467 3987 490 4027 et
514 3979 652 4029 ruissent.
688 3980 716 4028 tt
767 3977 837 4028 editis
853 3972 901 4026 καί
917 3979 993 4030 deest.
1198 3991 1202 3997 '

126 4044 166 4094 aiii
184 4053 208 4094 et
226 4045 299 4095 editio
317 4045 435 4096 Comani.
453 4038 624 4110 ἐμπεσόνιες.

158 4127 181 4174 ε.
200 4113 241 4164 Sic
258 4129 317 4163 mss.
336 4122 433 4178 prester
451 4113 555 4163 isicium.
569 4113 608 4174 2,
632 4113 673 4162 abi
690 4121 717 4163 ut

125 4187 148 4229 et
171 4180 195 4229 in
221 4181 291 4230 editis
317 4183 354 4230 sie
378 4181 492 4230 babetur:
520 4171 593 4228 itte
611 4173 716 4229 κανόνα

124 4238 170 4296 tut
185 4242 304 4312 καρδίαν
321 4240 449 4312 ἀσέβειαν
464 4243 585 4315 θέμενοι

157 4315 180 4365 b.
206 4317 247 4366 Sic
271 4317 371 4378 Segncr.
395 4325 419 4366 et
443 4317 500 4378 neg.
535 4317 596 4366 nain
613 4307 716 4382 inepti-

123 4393 200 4432 rrnae
238 4383 291 4432 iiar
300 4385 331 4433 Se
348 4399 409 4440 ner..
429 4383 526 4435 Gobler.
545 4393 567 4433 et
578 4383 714 4433 Feictmd.
803 4382 818 4430 Ι.
837 4383 877 4431 Sic
892 4385 992 4444 sepner·
1010 4389 1036 4431 ut
1054 4387 1077 4430 et
1094 4381 1187 4456 ridepur
1201 4375 1299 4452 Vaiastr
1318 4375 1355 4425 ia-

122 4443 169 4496 edi
186 4441 306 4507 ἂνοῦειν,
326 4445 453 4500 arrideas.
487 4452 532 4502 Atii
551 4459 575 4501 st
593 4451 716 4514 editipost
768 4447 840 4510 aisse
874 4449 918 4498 atti
936 4462 992 4498 sera
1011 4455 1034 4496 at
1051 4447 1108 4496 editi
1124 4457 1220 4511 ruptos
1229 4455 1281 4520 ,και
1294 4453 1357 4506 χρι-

124 4507 234 4568 beten
251 4519 342 4570 sidunt
358 4511 448 4567 πάλιν.
768 4508 835 4564 aeds
852 4503 937 4563 adaia
954 4505 1175 4570 bonisiacinse
1192 4521 1292 4558 roaros
1309 4515 1354 4557 eta

158 4605 288 4652 Arsinoen
300 4617 352 4651 ors.
364 4615 436 4648 occu.
451 4615 499 4646 ιιι.
1120 4593 1150 4642 tt

801 4079 824 4130 t.
843 4065 892 4127 onir
909 4080 977 4130 obest
995 4095 1007 4128 e
1026 4077 1164 4128 isiciumb.
1184 4079 1275 4141 rtiiep.
1293 4077 1355 4128 ibid.

766 4147 865 4208 Sepuer.
884 4145 970 4194 πᾶσιν
992 4137 1065 4211 ὑμῖν.
1102 4147 1199 4198 uenter.
1223 4153 1246 4196 et
1270 4144 1355 4194 Feicit-

767 4227 829 4264 man.
843 4214 864 4263 1.
882 4208 929 4262 nui
945 4199 1085 4266 adscisce.
1113 4213 1175 4264 nitu
1193 4221 1217 4263 ct
1234 4204 1355 4262 eiiiiarn

767 4273 832 4347 ὑμῖν
849 4277 902 4334 πᾶς
919 4268 1000 4333 nixos.
