3176 5058
251 302 290 368 78
642 311 669 356 ε.
684 311 839 356 mmm
852 310 1080 355 ιιιοιιιιιειειοει
1156 319 1157 324 ¹

163 485 239 529 εον.
248 465 389 552 πατρός·
419 463 515 532 εἲκὼν
544 461 580 528 δὲ
603 455 658 528 ὢν
671 457 788 540 αἰετοῦ,
818 457 918 538 ἄλλος
940 452 980 529 διν
1003 459 1053 547 εἴη
1075 460 1142 524 τῶν
1163 459 1306 544 γενητῶν
1327 458 1472 524 καὶτῶν

247 567 399 634 πάντων·
429 553 468 630 οὗ
495 562 556 649 γάρ
587 561 677 629 ἔστιν
707 560 814 642 εἰκών,
844 560 963 628 τούτου
991 563 1046 626 καί
1072 560 1132 648 τὴν
1161 557 1310 646 ίδιῦιητα
1335 560 1390 625 καί
1413 557 1472 648 τὴν

249 663 410 753 ὁμοίωσιν
440 664 520 747 ἔχει,
549 659 631 742 ὥςτε
651 662 709 730 τὸν
730 665 866 749 λέγοντα
888 658 1043 750 ἀγένητον
1064 659 1121 728 καὶ
1141 658 1394 748 παντοκράτορα
1413 657 1472 726 τὸν

249 773 378 854 πατέρα
406 775 493 833 νοεῖν
516 765 549 833 ἐν
567 768 618 852 τῷ
641 759 784 854 ἀγενήτῳ
813 768 886 832 Ικαὶ
908 768 955 852 τῷ
978 761 1222 850 παντοκράτορι
1242 763 1296 828 καί
1317 759 1375 827 τὸν
1396 761 1474 828 τοῦ·

249 891 309 935 τοο
331 867 427 954 λόγον
448 869 502 935 καί
523 865 582 954 τὴν
604 874 736 955 σοφίαν,
759 861 780 956 ἥ
801 891 853 946 τις
875 865 964 934 ἐστὶν
987 861 1005 931 6
1027 864 1107 944 υἱός.
1139 857 1207 931 ἀλλ’
1232 863 1265 929 οἱ
1279 866 1472 948 θαυμαστοὶ

250 971 305 1036 καί
328 969 374 1050 είς
396 963 548 1055 ἀσέβειαν
572 961 712 1054 εὐχερεῖς
733 962 772 1034 οῦ
793 972 852 1055 τῆς
874 968 922 1045 εἰς
942 965 1000 1034 τὸν
1022 965 1105 1033 θεὸν
1126 968 1223 1054 τιμῆς
1246 960 1474 1052 φροντίζοντες

252 1070 389 1159 ἐφεῦρον
417 1070 455 1136 τὸ
477 1067 583 1155 δνομα
605 1073 663 1136 τοῦ
686 1065 859 1157 δγενήτου,
888 1071 947 1154 τῆς
969 1068 1004 1134 δὲ
1025 1068 1110 1134 κατὰ
1129 1070 1188 1134 τοῦ
1211 1069 1359 1154 σωτῆρος
1377 1063 1474 1152 χάριν

250 1177 436 1252 κακονοίας·
461 1171 490 1240 εί
510 1171 571 1259 γὰρ
595 1171 706 1256 ἔμελεν
728 1166 843 1250 αὐτοῖς
862 1172 960 1256 τιμῆς
980 1171 1035 1235 καὶ
1057 1165 1229 1257 εὐφημίας,
1247 1167 1315 1235 ἔδει
1334 1155 1472 1251 μᾶλίον,

154 1289 160 1300 “
249 1273 423 1341 καὶτοῦτο
444 1276 575 1360 βέλτιον
597 1263 652 1359 ἦν,
675 1278 804 1360 πατέρα
826 1270 884 1338 τὸν
904 1270 988 1338 θεὸν
1012 1269 1134 1337 είδέναι
1155 1294 1191 1336 τε
1211 1271 1266 1335 καὶ
1288 1269 1392 1354 λέγειν
1416 1263 1475 1334 αῦ-

249 1374 340 1456 τοῦς,
371 1369 393 1463 ἢ
423 1375 553 1454 ἐκείνως
582 1370 754 1459 ὀνομάζειν
777 1369 912 1452 αὐτούς·
942 1373 1089 1458 λέγοντες
1109 1371 1170 1455 μὲν
1191 1369 1252 1457 γὰρ
1276 1369 1396 1438 ἐκεῖνοι
1416 1368 1475 1435 τὸν

248 1475 331 1544 θεὸν
353 1471 518 1565 ἀγένητον,
542 1477 577 1543 ἐκ
597 1478 664 1543 τῶν
685 1481 867 1562 γενομένων
889 1468 998 1554 αὐτόν,
1021 1471 1113 1540 καθὰ
1134 1483 1310 1560 προεῖπον,
1333 1470 1475 1559 ποιητὴν

249 1577 351 1662 μόνον
385 1580 549 1663 λέγουσιν,
584 1576 640 1642 ἵνα
670 1579 725 1643 καί
753 1576 811 1643 τὸν
838 1575 935 1662 λόγον
967 1581 1098 1662 ποίημα
1120 1575 1293 1662 σημάνωσι
1312 1571 1396 1641 κατὰ
1416 1572 1476 1660 τὴν

252 1679 340 1744 ίδίαν
361 1674 497 1765 ἡδονήν·
520 1672 538 1742 6
561 1678 597 1743 δὲ
619 1676 677 1744 τὸν
697 1676 781 1744 θεὸν
803 1683 932 1764 πατέρα
954 1678 1056 1763 λέγων
1079 1671 1180 1754 εὐθὺς
1196 1675 1229 1742 έν
1245 1669 1333 1761 αὐτῷ
1347 1679 1402 1742 καί
1416 1675 1475 1742 τὸν

252 1777 327 1846 οίὸν
347 1786 516 1864 σημαίνει,
539 1781 593 1844 καί
617 1772 675 1844 οῦκ
698 1773 865 1865 ἀγνοήσει,
890 1775 945 1846 ὅτι
965 1778 1039 1844 υίοῦ
1062 1775 1158 1856 ὄντος
1180 1777 1236 1844 διὰ
1257 1779 1316 1844 τοῦ
1338 1777 1411 1844 υἱοῦ
1432 1777 1476 1845 τὰ

252 1878 410 1965 γενόμενα
432 1879 568 1966 ἐκτίσθη
591 1877 711 1946 πάντα.

338 1985 388 2048 31.
438 1975 562 2048 Οῦκοῦν
585 1981 786 2065 καὶμᾶλλον
808 1974 849 2066 δῆ
871 1975 1095 2068 ἀληθέστερον
1116 1973 1156 2046 δν
1179 1978 1240 2065 εἴη,
1263 1976 1321 2045 τὸν
1341 1977 1425 2048 θεὸν
1440 1977 1476 2047 ἐκ

252 2081 312 2146 τοῦ
334 2081 406 2148 οἱοῦ
426 2089 600 2170 σημαίνειν
621 2082 677 2150 καὶ
697 2087 828 2169 πατέρα
848 2083 962 2168 λέγειν,
985 2075 1006 2170 ἢ
1029 2081 1063 2148 ἐκ
1077 2079 1187 2165 μόνων
1202 2083 1268 2146 τῶν
1284 2080 1385 2167 ἔργων
1402 2074 1477 2147 δνο-

251 2180 366 2265 μάζειν
386 2186 441 2251 καί
464 2185 568 2270 λέγειν
590 2179 689 2252 αὐτὸν
712 2179 875 2270 ἆγένητον.
912 2187 1011 2249 τοῦτο
1034 2183 1093 2266 μὲν
1115 2180 1176 2268 γὰρ
1198 2180 1241 2248 τὰ
1262 2180 1296 2248 ἐκ
1317 2185 1376 2247 τοῦ
1396 2187 1477 2268 βοο-

253 2282 396 2370 λήματος
422 2289 481 2352 τοῦ
509 2290 593 2354 θεοῦ
623 2284 680 2354 διὰ
700 2288 759 2350 τοῦ
782 2283 880 2370 λόγου
902 2283 1060 2370 γενόμενα
1082 2283 1160 2369 ἔργα
1182 2289 1349 2370 σημαίνει,
1378 2281 1417 2349 τὸ
1439 2284 1477 2350 δὲ

251 2389 309 2452 τοῦ
331 2388 460 2475 πατρὸς
482 2385 587 2472 ὄνομα
608 2386 647 2456 τὸ
670 2387 757 2453 δ’διον
780 2385 815 2453 ἐκ
836 2389 895 2474 τῆς
917 2380 1032 2463 οὐσίας
1047 2377 1147 2450 αὐτοῦ
1162 2389 1304 2471 γέννημα
1317 2386 1475 2472 γνωρίζει.

252 2482 322 2572 δσῳ
345 2488 381 2553 δὲ
403 2485 422 2554 6
444 2488 540 2573 λόγος
561 2492 628 2555 τῶν
649 2490 791 2574 γενητῶν
814 2488 975 2576 διαφέρει,
999 2488 1158 2552 τοσοῦτον
1180 2487 1234 2553 καί
1250 2487 1354 2552 πλέον
1368 2485 1406 2552 τὸ
1423 2488 1479 2553 λέ-

253 2607 321 2670 γειν
349 2586 407 2653 τὸν
428 2588 512 2655 θεὸν
532 2595 665 2673 πατέρα
686 2591 744 2654 τοῦ
768 2589 871 2673 λέγειν
893 2582 1047 2674 ἀγένητον
1070 2588 1225 2675 διαφέροι
1247 2584 1295 2654 δν.
1338 2590 1392 2654 καί
1413 2587 1478 2675 γὰρ

254 2689 352 2751 τοῦτο
385 2691 445 2771 μὲν
477 2687 626 2774 δγραφον
660 2687 716 2768 καὶ
744 2685 914 2770 ῦποπτον,
948 2690 1101 2774 ποικίλην
1132 2689 1203 2771 ἕχον
1231 2688 1290 2774 τὴν
1309 2696 1479 2776 σημασίαν

255 2784 361 2853 ἐστίν·
384 2787 506 2855 αέκεῖνο
530 2789 566 2856 δὲ
588 2785 717 2856 ἁπλοῦν
738 2795 791 2856 καί
816 2791 978 2878 δγγραφον
998 2794 1052 2858 καί
1068 2787 1292 2878 ἀληθέστερον
1304 2787 1479 2874 καὶμόνον

170 2893 415 2975 Μομσημαῖνον
442 2889 500 2957 τὸν
527 2890 607 2958 υἱόν.
653 2893 708 2957 καὶ
736 2889 775 2958 τδ
803 2895 863 2976 μὲν
886 2887 1041 2981 ἀγένητον
1063 2887 1141 2978 παρ’
1162 2887 1320 2982 Ἑλλήνων
1342 2886 1477 2979 εὕρηται

252 2994 320 3057 τῶν
341 2989 386 3078 μὴ
408 2991 634 3076 γινωσκόντων
655 2992 713 3059 τὸν
735 2993 824 3061 υἱόν·
845 2993 884 3060 τὸ
907 2995 943 3061 δὲ
966 2993 1076 3081 πατὴρ
1088 2992 1182 3077 παρὰ
1191 2998 1252 3060 τοῦ
1260 3001 1373 3081 κυρίου
1381 2989 1477 3082 ἡμῶν

252 3091 405 3182 ἐγνώσθη
432 3093 488 3162 καί
515 3094 719 3182 κεχάρισται·
748 3098 802 3163 καί
824 3095 886 3182 γὰρ
908 3095 1005 3174 εἰδὼς
1027 3089 1142 3175 αὐτὸς,
1171 3102 1261 3174 τίνος
1282 3094 1373 3163 ἐστίν
1394 3093 1475 3176 υίὸς,

251 3195 375 3281 ἔλεγεν·
400 3196 462 3283 ἐγώ
485 3195 518 3263 ίν
540 3201 587 3284 τῷ
610 3205 722 3284 πατρί,
746 3201 800 3264 καί
824 3193 841 3262 6
864 3196 975 3283 πατὴρ
997 3196 1031 3263 ἐν
1054 3195 1129 3280 ἐμοί
1137 3200 1167 3277 ¹),
1190 3203 1262 3264 καί·
1285 3193 1303 3262 6
1326 3195 1479 3284 ἑωρακὼς

250 3295 319 3380 ἐμέ,
343 3297 466 3384 ἑώρακε
486 3296 544 3364 τὸν
567 3303 742 3381 πατέραδ),
767 3303 838 3362 καί·
862 3297 925 3382 ἐγὼ
946 3299 1000 3363 καί
1023 3294 1043 3363 6
1064 3297 1174 3388 πατὴρ
1197 3297 1231 3366 ἓν
1253 3299 1394 3384 έσμενἺ·
1421 3301 1476 3384 καὶ

253 3391 399 3479 οὐδαμοῦ
434 3404 589 3484 φαίνεται
618 3395 677 3462 τὸν
706 3403 836 3482 πατέρα
856 3398 965 3464 καλῶν
987 3394 1142 3486 ἀγένητον
1164 3395 1290 3482 οιῦτδς,Ι
1312 3397 1397 3468 ἀλλὰ
1421 3402 1477 3466 καὶ

121 3554 122 3557 ,
252 3491 340 3583 ἡμᾶς
363 3495 522 3578 εὔχεσθαι
544 3495 708 3562 διδάσκων
730 3491 788 3563 οῦκ
811 3492 919 3565 εἶπεν·
944 3495 1023 3566 ὅταν
1046 3503 1081 3568 δέ
1096 3501 1333 3590 προςεῦχησθε,
1352 3503 1477 3588 λέγετε·

254 3595 335 3664 ἀθεέ
350 3592 491 3685 δγένητε,
509 3591 593 3664 ἀλλὰ
606 3597 749 3681 μᾶλλον·
773 3594 851 3666 ὅταν
867 3601 1102 3689 προςεῦχησθε,
1119 3605 1242 3690 λέγετε·
1264 3604 1370 3692 πάτερ
1384 3598 1479 3690 ἡμῶν

148 3787 155 3798 Ι
254 3693 274 3762 6
298 3697 334 3765 ἐν
352 3702 424 3777 τοῖς
445 3695 636 3786 οῦρανοῖςέ).
680 3701 733 3765 καί
755 3699 794 3766 τὸ
815 3700 994 3790 κεφάλαιον
1017 3705 1054 3770 δὲ
1074 3707 1134 3790 τῆς
1154 3711 1301 3785 πίστεως
1322 3701 1415 3793 ἡμῶν
1431 3702 1479 3782 είς

251 3802 352 3866 τοῦτο
382 3797 560 3868 συντείνειν
587 3795 766 3889 ἠθέλησεν·
796 3801 942 3872 ἐκέλευσε
968 3803 1030 3891 γὰρ
1058 3801 1144 3893 ἡμᾶς
1170 3808 1398 3890 βαπτίζεσθαι
1419 3800 1479 3871 οῦκ

253 3901 303 3980 είς
325 3898 430 3986 ὄνομα
452 3897 608 3988 διγενήτοα
629 3901 685 3968 καὶ
705 3908 849 3994 γενητοῦ,
874 3899 951 3972 οῦδέ
973 3907 1020 3985 είς
1042 3904 1148 3992 δνομα
1170 3903 1324 3975 ἀκτίστοο
1338 3908 1394 3974 καί
1407 3910 1479 3972 κτί-

251 4021 396 4086 σματος,
429 3997 498 4070 ἀλλ’
530 4003 577 4082 είς
611 4000 717 4089 ὄνομα
743 4007 872 4093 πατρὸς
897 4011 952 4074 καὶ
980 4008 1053 4074 οἱοῦ
1079 4007 1135 4075 καὶ
1157 4003 1251 4095 ἆγίοα
1273 4007 1477 4094 πνεύματος·

249 4100 360 4182 οὕτως
387 4103 448 4192 γὰρ
476 4103 699 4190 τείειοδμενοι
719 4106 967 4193 οἶοποιοῦμεθα
988 4108 1044 4176 καὶ
1064 4105 1159 4196 ἡμεῖς
1180 4107 1332 4197 ἀληθῶς,
1361 4107 1478 4176 καὶτὸ

249 4207 313 4272 τοῦ
345 4205 474 4291 πατρὸς
504 4207 542 4272 δὲ
571 4203 676 4290 ὄνομα
704 4209 851 4294 λέγοντες
879 4209 1139 4296 έπιγινώοκομεν
1169 4210 1204 4279 ἐκ
1232 4215 1291 4279 τοῦ
1315 4207 1480 4296 ὀνόματος

323 4493 431 4594 ηἰοιιι.
453 4509 491 4596 sa,
512 4533 550 4584 ιο.
620 4496 647 4598 ἰγ
666 4535 731 4587 νοω.
753 4535 792 4599 ιι,
813 4537 839 4588 ο.
883 4491 893 4514 ”
910 4493 935 4598 ογ
953 4535 1020 4587 ιοω.
1040 4536 1080 4600 ιο,
1099 4505 1140 4590 εο.
1185 4509 1234 4601 ἰ)
1253 4537 1333 4590 nauh.
1352 4537 1377 4599 ο,
1395 4531 1421 4588 ο.
