3220 5046
577 271 735 316 omrrnn.
751 273 867 318 nonem
880 273 1015 320 mneos
1342 265 1405 328 ton

6 423 46 466 Μ’
61 435 103 517 ἵζ’·
263 425 314 490 58.
357 423 391 486 ld
415 424 505 504 igitur
526 423 605 514 inter
626 441 705 498 enm,
727 425 777 504 qni
799 425 916 504 genitus
939 435 995 500 est,
1019 434 1050 489 et
1070 445 1120 490 res
1140 428 1231 490 inens
1246 429 1406 494 discrimen
1415 445 1493 492 nne.

4 529 51 572 aaz
154 527 263 591 novit
283 525 380 589 divino
402 525 566 605 Scriptura,
590 543 665 605 quoe
688 534 719 587 et
740 545 817 600 enm,
840 527 891 607 qni
912 528 1030 608 genitus
1053 536 1109 601 est,
1131 527 1237 592 Filium
1259 549 1328 592 csse
1351 551 1407 595 nee

4 636 37 674 '¹⁰
52 611 105 694 ²52¹:
156 630 216 692 nb
239 629 337 709 aliquo
360 627 498 707 coepisse
525 625 670 710 principio
694 627 923 712 sedqeeternnm
946 647 1014 691 esse
1042 629 1184 704 declarat,
1215 649 1280 694 rem
1308 613 1407 698 entem

4 729 40 780 ὐτ
53 740 98 786 ¹¹³¹.
157 733 456 808 factunmtnnqunm
480 745 557 806 opos
580 737 662 790 extro
683 729 853 790 effectorem
872 729 1014 800 existens,
1036 729 1100 790 lieri
1125 730 1293 812 incoepisse
1309 734 1406 798 docet.

4 827 40 885 αἱ
55 853 96 906 :³¹
162 830 259 894 Hinc
280 830 360 892 enim
375 827 502 891 loannes
519 828 556 889 de
571 827 646 890 Filio
662 829 815 890 disserens
832 847 887 891 nec
902 829 1010 892 borum
1030 830 1239 895 vocabulorum
1262 835 1403 914 ignorans

4 949 19 986 :r
39 921 84 990 r':
160 930 378 994 differentiam
406 949 468 992 non
495 929 583 991 dixit:
617 929 652 991 ln
673 929 822 1010 principio
844 931 938 992 lectus
961 939 1012 992 ont
1032 932 1176 994 formatos
1200 943 1261 1006 est,
1291 937 1344 998 sed
1367 937 1406 1001 ln

4 1019 52 1112 iis
68 1056 86 1082 e·
161 1035 331 1116 principio
355 1041 423 1094 erot
447 1031 589 1103 Verium,
619 1038 652 1092 ut
679 1049 734 1110 per
756 1031 832 1093 banc
853 1049 953 1093 rocem
976 1043 1043 1094 erni
1072 1032 1189 1110 penitus
1218 1052 1286 1096 esse
1312 1056 1406 1117 ogno-

4 1135 75 1197 m.
167 1143 333 1208 sceretnr,
367 1132 525 1211 nullusque
546 1139 712 1212 temporum
742 1133 867 1212 lingeret
894 1132 1063 1206 intervella,
1098 1133 1151 1194 sed
1180 1151 1298 1214 semper
1321 1147 1351 1200 et
1371 1139 1407 1200 ob

4 1265 65 1300 ens.
167 1235 355 1298 neternitnle
376 1233 483 1296 Filium
506 1233 640 1296 extitisse
662 1233 860 1296 crederemus„
906 1233 989 1307 Onne
1012 1251 1079 1296 oum
1101 1233 1141 1296 ite
1162 1253 1239 1322 esse,
1252 1237 1409 1314 probatum

4 1339 19 1423 ἴ.ί
36 1369 73 1403 ss
171 1337 236 1411 sit,
258 1342 309 1416 qul
331 1337 380 1410 tit,
403 1353 421 1395 o
443 1335 554 1408 irioni,
577 1342 611 1396 ut
631 1335 690 1408 bis,
714 1353 790 1414 quae
812 1336 842 1396 in
858 1335 1089 1398 Deuteronomio
1105 1335 1261 1408 bibentur,
1284 1355 1345 1398 non
1361 1337 1409 1400 in·

50 1473 56 1496 .-
167 1437 323 1506 tellectis‚
358 1455 463 1499 rnrsus
491 1434 575 1516 impii
602 1435 633 1497 in
654 1434 814 1498 Dominum
836 1455 905 1498 esse
932 1434 1081 1508 ondeetis,
1115 1428 1181 1498 cnm
1208 1435 1306 1498 dicitis
1326 1437 1411 1500 illurn

16 1595 28 1609 ,,
50 1576 56 1586 -
167 1541 290 1602 sactum
313 1539 360 1600 vol
382 1545 512 1600 mennrm
535 1537 596 1600 sire
619 1537 750 1616 genitum
774 1535 867 1600 esse?
889 1537 1075 1600 contenditis
1091 1536 1180 1609 enim,
1202 1555 1266 1600 rem
1282 1539 1412 1616 genitam

19 1675 31 1710 η
46 1677 60 1712 ,;
169 1647 211 1702 et
239 1658 303 1702 rem
330 1642 435 1702 iontem
467 1637 546 1701 idem
580 1639 756 1718 significare.
800 1639 837 1700 tt
865 1639 957 1700 nihilo
991 1637 1091 1700 socios
1119 1657 1155 1700 ex
1176 1639 1235 1701 boc
1256 1638 1323 1721 ipso
1343 1638 1410 1704 loco

168 1741 348 1821 imperitiae
371 1748 400 1802 et
420 1739 578 1820 impietatis
600 1739 824 1802 convincemini.
868 1739 1041 1820 lmqnehie
1062 1748 1109 1802 cst
1129 1739 1260 1819 primns,
1290 1741 1327 1802 de
1348 1760 1409 1822 qun
1438 1730 1447 1740 ’

5 1829 6 1838 “
39 1883 45 1890 -
152 1841 293 1922 'egilum
322 1841 423 1904 locus:
460 1841 612 1922 Numquid
639 1860 702 1905 non
725 1842 772 1904 ltin
793 1846 856 1922 ipse
874 1852 966 1922 poter
988 1851 1060 1904 tons
1078 1843 1216 1922 possedit
1237 1854 1267 1906 te
1287 1854 1316 1905 et
1337 1845 1411 1924 [ecit

170 1957 208 2008 te
231 1954 260 2005 st
282 1946 397 2006 crescit
419 1941 472 2007 te?
493 1949 523 2004 et
543 1941 631 2022 penio
653 1951 723 2021 post
745 1941 776 2004 in
798 1941 904 2004 eodem
919 1941 1058 2004 Contine:
1079 1941 1175 2006 lienm
1197 1948 1250 2024 qni
1263 1954 1291 2006 te
1304 1947 1410 2024 pendit

172 2044 377 2125 dereliquisti,
401 2054 429 2105 et
451 2042 563 2106 oblitus
586 2062 618 2106 ee
640 2043 699 2106 Dei
718 2055 747 2106 te
760 2048 937 2108 sementis.
966 2043 1102 2116 Quorum
1117 2044 1236 2122 quidem
1252 2045 1409 2108 verborum

169 2145 324 2208 mntentin
347 2144 529 2207 admirabilis
550 2143 637 2224 plone
658 2152 714 2205 est.
758 2144 819 2204 Nec
841 2143 919 2205 enirn
942 2143 1070 2223 primirm
1093 2144 1167 2204 dixit
1186 2149 1297 2222 pendit,
1320 2163 1359 2206 ne
1381 2145 1412 2206 id

172 2245 356 2308 vocobulum
378 2245 456 2306 idem
478 2253 585 2323 posset
606 2243 773 2322 significare
795 2263 830 2304 oc
844 2245 928 2323 feeit,
951 2243 1077 2321 indeque
1093 2262 1195 2304 nnsnm
1210 2243 1251 2304 illi
1267 2243 1412 2304 heberent

172 2347 224 2408 ita
243 2345 400 2426 loquendi:
423 2346 539 2424 moyses
562 2345 682 2424 quidem
705 2343 834 2406 narravit
847 2344 941 2405 Deum
956 2363 972 2406 n
988 2343 1135 2423 principio
1150 2343 1279 2404 dixisse:
1304 2343 1412 2406 Fotin-

171 2466 249 2509 mns
273 2446 434 2518 dominem3
456 2444 535 2506 idem
556 2454 654 2508 nutem
676 2455 747 2526 post
768 2445 944 2508 benedixit:
968 2445 1065 2508 Deum
1085 2449 1139 2527 qni
1158 2457 1186 2508 te
1206 2449 1310 2524 qenoit
1324 2445 1413 2508 dere-

176 2548 310 2628 liquisti,
331 2553 455 2625 utpote
478 2565 544 2610 cum
567 2537 623 2610 bne
644 2565 731 2610 voces
755 2557 913 2627 utrumqne
928 2547 1099 2625 promiscue
1114 2543 1290 2624 significent,
1313 2544 1411 2625 siqui·-

127 2635 132 2643 ’
175 2648 250 2710 dem
283 2647 362 2710 idem
395 2655 442 2710 cst
471 2667 521 2712 res
551 2650 647 2729 genito
676 2669 710 2712 nc
736 2650 821 2712 iacto.
853 2649 973 2712 -Verum
1007 2657 1075 2729 post
1106 2648 1195 2710 verbe
1223 2647 1358 2728 possedit
1381 2655 1412 2710 et

176 2751 257 2830 [ecit
284 2749 396 2812 eddidit
422 2749 544 2812 verbnm
572 2755 692 2832 qsnnit,
725 2759 757 2812 ut
784 2751 880 2814 oratio
904 2769 988 2812 snam
1010 2767 1113 2812 secum
1135 2748 1412 2828 interpretationem

176 2849 316 2912 heberet.
350 2849 423 2911 Nem
446 2851 576 2912 dictione
598 2855 670 2930 [ecit
692 2852 823 2926 veroid,
846 2853 924 2929 quod
948 2844 1072 2914 ceturae
1087 2849 1240 2912 bominum
1256 2849 1412 2930 proprium

180 2957 243 3020 est,
266 2949 420 3027 significat,
444 2969 497 3011 eos
520 2969 627 3027 nempe
649 2951 723 3012 iacto
746 2969 816 3010 esse
832 2969 938 3028 opere,
961 2958 991 3011 nt
1005 2949 1134 3012 dictione
1149 2953 1250 3027 perluit
1266 2965 1412 3011 summam

180 3048 239 3130 Dei
262 3067 332 3126 erge
353 3047 491 3108 homines
513 3048 724 3127 benignitatem
746 3057 903 3128 postquam
927 3049 993 3110 illos
1013 3049 1124 3110 crearit
1138 3047 1256 3116 indicet,
1280 3048 1309 3109 in
1325 3063 1414 3125 quent

181 3147 254 3228 qula
287 3167 320 3210 se
351 3147 553 3228 praebuerunt
583 3149 730 3227 ingratos,
763 3167 818 3210 eos
847 3149 954 3210 merito
988 3147 1124 3226 obiurget
1156 3147 1283 3226 Moyses.
1338 3147 1414 3210 Hinc

179 3245 281 3330 p'rimo
305 3249 361 3312 nit:
393 3249 541 3312 Haeccine
562 3251 691 3314 Domino
715 3246 904 3331 rependitis?
935 3247 1041 3310 deinde
1062 3248 1229 3328 subiungit:
1263 3247 1415 3328 Numquid

178 3369 247 3414 mon
269 3351 316 3413 liic
338 3355 403 3432 ipse
421 3363 513 3432 poter
535 3363 605 3415 tons
625 3354 762 3434 possedit
784 3361 828 3424 te,
860 3353 934 3431 [ecit
963 3362 1000 3414 te.
1020 3360 1049 3412 et
1077 3353 1193 3413 ereooit
1216 3347 1269 3413 te?
1306 3349 1413 3412 Posten

181 3471 255 3514 vero
271 3452 380 3534 pergit:
405 3453 644 3518 immolnoersmt
659 3455 823 3516 daemoniis
840 3463 868 3516 et
883 3471 945 3516 non
959 3453 1033 3524 lieo,
1056 3451 1113 3514 diis
1129 3469 1202 3532 qnos
1218 3451 1412 3534 iqnnrnlnnt.

218 3673 241 3722 h.
261 3671 301 3722 Sic
319 3671 419 3733 Srqner.
438 3673 535 3723 Gobler.
554 3673 659 3722 Feielm.
679 3674 701 3722 t.
714 3673 771 3724 ett.
859 3675 880 3723 t.
899 3673 1005 3724 Felckm.
1024 3672 1047 3722 t.
1065 3665 1111 3720 καὶ
1127 3665 1225 3721 λοιπὸν
1241 3664 1342 3731 turini.

9 3775 12 3788 .
185 3739 213 3788 it
231 3739 287 3789 editi
312 3747 336 3789 et
353 3739 394 3786 slii
411 3732 457 3786 xci
473 3733 584 3802 λέγωσι·
601 3739 705 3800 Μωσῆς
720 3735 773 3808 μὲν
859 3743 874 3790 Ι.
893 3742 949 3802 lteq.
962 3741 1033 3790 llosil.
1052 3743 1152 3803 ettnql.
1168 3738 1255 3788 ταῦτα
1269 3738 1410 3806 rqianiqi.

22 3834 29 3848 ·
139 3849 144 3854 .
174 3800 214 3862 ii
231 3799 316 3873 ἀρχῆς
339 3795 426 3858 οὕτως
447 3794 522 3855 εἶπεν
544 3799 684 3874 εἰρηκέναι.
721 3809 773 3860 llos
824 3809 885 3858 ibid.
910 3812 1010 3870 Sequor.
1034 3809 1125 3868 inglic.
1150 3809 1247 3860 Gobler.
1266 3817 1289 3856 et
1308 3808 1412 3858 Feleim.

186 3877 286 3928 Senner.
305 3875 360 3936 neq.
380 3871 478 3924 Gobler.
501 3873 605 3924 Felclm.
626 3875 647 3924 l.
665 3876 688 3925 t.
709 3882 731 3924 el
749 3877 773 3924 5.
829 3877 848 3925 l.
875 3885 898 3925 et
921 3875 945 3926 4.
970 3863 1029 3924 εἶτα
1053 3867 1161 3938 ἐπάγει·
1189 3867 1237 3922 οὒκ
1261 3866 1344 3928 αὐτός
1367 3885 1412 3926 etc.

187 3931 270 3992 αὐτὸς·
288 3934 316 3988 di
329 3935 399 4007 pisid
412 3939 506 3988 ταῦτα.
534 3933 775 3994 Editietnliindtdr
825 3945 853 3992 m
879 3943 919 3990 clii
944 3950 967 3991 et
990 3943 1063 3992 editio
1088 3944 1206 3992 Commel.
1225 3944 1336 3992 omittunt
1353 3929 1414 3990 εἶτα

183 4002 230 4056 καὶ
245 4002 316 4074 μετὰ
335 4007 427 4058 ταῦτα.
464 4009 563 4072 Sequor.
588 4008 675 4058 ibidem
692 4001 775 4056 nito
825 4001 877 4058 ini
897 4022 928 4056 ss
956 4009 1015 4058 ltetn
1034 4010 1092 4058 ibid.
1111 4011 1207 4060 anlrr.
1226 4011 1332 4059 Felctm.
1354 4010 1373 4058 l.
1391 4017 1415 4061 et

184 4067 280 4142 ἔφησε.
826 4077 849 4126 t.
881 4069 993 4123 noiomi
1012 4087 1049 4126 σε.
1078 4076 1134 4126 ibid.
1154 4079 1253 4138 Sequor.
1272 4077 1414 4128 etielclrm.

219 4147 235 4192 i.
254 4138 402 4206 Sequenti
421 4137 533 4208 γένημα,
553 4143 650 4194 Gobler.
669 4143 774 4193 Felelxm.
826 4144 851 4194 d.
874 4137 921 4190 sni
944 4136 1053 4203 ἐποίησέ
1076 4155 1119 4192 os·
1146 4138 1192 4192 καὶ
1215 4136 1289 4192 dedis
1310 4158 1342 4190 ον
1367 4154 1413 4194 etc.

189 4209 211 4257 1.
229 4219 255 4257 et
272 4209 294 4258 d.
313 4205 344 4258 τὸ
369 4207 501 4277 γέννημα.
540 4211 565 4260 ln
592 4211 645 4259 ollio
670 4219 694 4260 et
718 4212 775 4261 edit.
827 4211 931 4260 Frlclxm.
950 4212 974 4261 5.
992 4203 1102 4270 inolent
1119 4224 1163 4261 σε·
1190 4207 1235 4260 καὶ
1257 4157 1357 4259 dudoni
1374 4222 1413 4260 σε.

188 4275 306 4326 Commel.
324 4279 391 4329 deest
408 4273 448 4327 τό.
487 4280 538 4328 llos
562 4293 607 4346 pro
631 4269 773 4338 ἐκτήσατο,
825 4271 872 4326 καὶ
888 4269 946 4345 μετ’
968 4269 1047 4344 ὀλίγα
1065 4272 1095 4328 ἒν
1111 4278 1143 4346 τῇ
1163 4271 1230 4345 αὐτῇ
1250 4270 1307 4346 qidqi
1326 4289 1414 4342 φησιν

92 4367 93 4372 =
190 4350 215 4390 nt
234 4342 536 4396 babenteditioCommcl.
555 4355 655 4397 etmss.
674 4348 774 4412 aliquot,
824 4339 916 4396 ἔθυον.
952 4348 1051 4398 Gobler.
1076 4358 1100 4398 ot
1121 4349 1232 4408 vicisim.
1259 4347 1279 4394 1.
1305 4338 1415 4402 ἐποίησέ
1481 4395 1484 4400 ,

187 4409 289 4470 Sequor.
308 4413 373 4470 ingl.
393 4413 461 4464 nont.
481 4415 586 4464 Fclcltm.
610 4415 629 4464 l.
650 4416 706 4465 etb
729 4416 773 4464 bn·
826 4425 863 4463 σε,
887 4408 933 4462 καὶ
949 4408 1044 4464 πάλιν·
1068 4409 1159 4464 ἔθυον.
1196 4415 1295 4474 Segnior.
1315 4411 1370 4458 ibid.
1390 4418 1415 4460 et

189 4475 246 4527 beot
259 4469 391 4530 intincto.
410 4481 469 4532 ibid.
477 4484 533 4546 lloq.
541 4473 657 4550 insopor
670 4473 773 4548 ἐπάγει.
824 4483 949 4548 scripturo
962 4475 1073 4534 tonsor.
1108 4481 1154 4530 itii
1173 4489 1197 4530 et
1214 4481 1271 4530 editi
1288 4471 1380 4527 iinon.
