2872 5046
408 157 797 267 errsromanansurmms.
1134 214 1196 278 853

11 375 37 436 ri
71 371 325 454 acceptoribus,
359 371 409 450 qui
437 371 467 432 in
495 371 591 434 torma
612 371 665 434 llei
687 381 749 448 est,
781 372 945 438 diminutus
968 375 1119 440 divinitate
1141 367 1307 456 estmoe.¹

11 511 14 538 l
49 483 165 538 contra
198 467 354 536 universae
388 472 485 534 carnls
515 491 675 554 rervunque
703 475 836 538 omnium
864 486 1031 540 creatarum
1057 479 1198 544 liberator

11 597 24 638 e
57 577 129 638 luit.
174 575 212 636 Et
240 591 312 636 vero
341 573 367 634 si
388 573 469 636 Deus
490 571 596 636 rutum
625 593 712 638 snum
740 575 823 640 misit
851 595 887 640 ex
908 578 1031 644 muliere
1053 582 1196 660 genitum,
1246 601 1250 608 ·

11 679 35 740 il
60 696 141 739 sane
163 675 330 748 dedecoris,
353 675 407 736 sed
428 675 529 754 ponus
550 675 674 754 gloriam
697 679 727 738 et
747 678 871 756 gratiam
892 698 1029 760 magnam
1042 681 1131 745 nobis
1146 700 1284 746 resnou.

43 779 243 859 comparavit.
288 775 441 856 Siquidem
468 777 561 840 lactus
589 777 680 838 bomo
700 786 774 852 est,
804 787 837 840 ut
857 797 915 841 nos
937 782 968 843 in
992 782 1095 864 seipso
1117 783 1196 848 Deos

14 887 111 952 caret,
138 883 232 944 tactos
254 886 301 940 est
322 897 358 940 ex
380 878 504 940 muliere
525 887 556 940 et
575 879 695 957 genitus
717 887 766 940 est
787 898 823 942 ex
844 880 972 960 virgine,
996 891 1029 946 ut
1050 894 1197 950 errantem

11 984 65 1044 stri
90 990 195 1044 ortum
218 981 396 1043 transferret·
413 979 443 1041 in
465 980 609 1059 seipsum,
632 988 721 1060 atque
742 980 801 1042 iam
822 999 882 1058 nos
901 999 995 1060 genus
1019 993 1152 1050 sanctum
1168 996 1198 1052 et

11 1085 86 1147 ‘inae
118 1091 277 1146 consortes
294 1089 422 1171 ¹naturae
444 1081 644 1154 efficeremur,
677 1082 925 1160 quemadmodum
941 1083 1069 1162 ‚scripsit
1088 1086 1196 1150 Beatus

11 1195 85 1247 trus.
135 1185 220 1248 Unde
246 1185 327 1266 quod
352 1183 537 1265 impossibile
565 1193 632 1245 crat
662 1183 733 1262 legi,
763 1188 796 1246 im
823 1203 880 1266 quo
902 1183 1197 1268 infirmudoturper
1256 1180 1264 1186 ’

11 1305 107 1359 mem,
140 1287 223 1350 Deos
252 1289 344 1348 mirso
366 1285 444 1348 Filio
473 1303 529 1348 suo
550 1289 584 1346 im
605 1285 831 1348 similitudimem
853 1283 1093 1366 comisgedcctr'
1112 1298 1142 1350 et
1164 1290 1198 1352 da

11 1402 92 1452 :coto
117 1391 273 1450 dumaom't
291 1397 446 1466 peccatum
467 1390 501 1448 io
524 1403 640 1470 coroa„
1071 1445 1073 1452 ,

53 1495 85 1554 5.
132 1491 178 1550 Au
200 1507 261 1550 non
283 1488 373 1567 igitur
392 1487 444 1562 illi,
468 1487 518 1566 qui
540 1494 702 1548 assumtam
725 1486 851 1548 aVerbo
867 1505 996 1563 carnem,
1019 1507 1077 1568 quo
1093 1507 1197 1553 omncs

11 1592 110 1652 mines
145 1591 300 1662 liberaret,
334 1609 371 1653 ex
398 1588 524 1651 mortuis
557 1588 751 1650 exsuscitaret
778 1589 1006 1669 apeccotisque
1026 1591 1197 1666 redimeret,

11 1694 165 1792 ipendunt,
188 1693 234 1752 vel
257 1691 336 1752 eiua
343 1709 432 1754 causa
452 1689 562 1753 Filium
582 1690 636 1751 llei
659 1699 797 1769 tanquam
819 1709 882 1752 rem
904 1690 1011 1754 laetam
1031 1699 1198 1756 creatumve

12 1780 198 1868 omniantur,
221 1793 328 1872 ingrati
351 1792 491 1870 omniqua
514 1791 584 1853 odio
600 1789 937 1869 dignivideridebent‘l
973 1793 1102 1856 Tantum
1118 1793 1198 1857 eninr
1270 1797 1274 1802 ’

11 1915 27 1958 n
56 1897 97 1958 ita
127 1896 255 1958 clamant
281 1893 319 1956 ad
340 1893 450 1956 Deum:
484 1893 559 1966 „Ne
581 1893 685 1955 mittas
706 1891 813 1954 Filium
840 1902 923 1956 tunm
955 1895 1138 1975 unigenitum
1165 1896 1197 1958 in

11 2017 127 2072 arnam,
153 1997 214 2059 noli
236 1997 333 2075 ipsum
357 2013 475 2056 carnem
499 2013 535 2054 ex
555 1993 675 2072 Virgine
699 1994 849 2074 accipere,
871 2015 909 2057 ne
930 2015 988 2058 nos
1010 2015 1027 2058 a
1049 2006 1147 2060 morte
1168 2006 1198 2061 et

11 2111 121 2162 ›eccato
152 2098 267 2160 liberet
312 2096 456 2158 Nolumus
484 2093 565 2155 bunc
591 2094 672 2156 nasci
701 2096 898 2174 incorpore,
924 2114 970 2157 ne
991 2103 1119 2158 mortam
1140 2115 1196 2176 pro

11 2201 83 2262 robis
106 2198 262 2278 suscipiat,
285 2196 424 2257 nolumus
446 2193 574 2257 Verbum
597 2211 715 2255 carnem
737 2194 812 2268 lieri,
835 2213 873 2256 ne
895 2195 991 2256 nostri
1012 2197 1048 2256 ad
1071 2205 1100 2257 te
1121 2213 1197 2274 pro-

11 2321 125 2380 gressus
151 2299 297 2360 mediator
318 2297 349 2356 in
372 2315 407 2356 ea
428 2297 479 2356 liat
500 2294 701 2372 caelestesque
722 2293 830 2356 domos
840 2295 1015 2358 incolamus.
1049 2295 1196 2358 Claudan-

12 2422 48 2462 ur
70 2402 219 2462 caelorum
241 2397 356 2468 ianuae,
379 2415 417 2457 ne
440 2405 522 2457 tuum
541 2395 669 2457 Verbum
691 2413 746 2474 per
768 2396 866 2458 carnis
889 2415 961 2459 suae
981 2397 1115 2460 velamen
1136 2415 1195 2460 no-

11 2502 47 2562 ›is
80 2502 136 2563 iter
163 2499 199 2560 ad
228 2498 325 2560 caelos
347 2482 502 2560 renovetss
547 2495 591 2558 En
614 2515 687 2575 quas
709 2497 751 2558 illi
774 2515 861 2560 voces
884 2497 1028 2562 diabolica
1049 2517 1117 2574 cunr
1138 2517 1194 2562 au·

13 2603 55 2664 cia
86 2603 257 2681 proterunt,
291 2619 347 2679 qua
381 2598 483 2660 eadem
517 2597 675 2676 instigante
702 2617 791 2677 prava
821 2599 878 2662 sibi
906 2599 964 2678 ipsi
993 2599 1196 2680 excogitavere

11 2711 146 2766 nimenta.
189 2703 263 2766 llam
286 2702 336 2781 qui
359 2701 485 2762 Verbum
508 2717 626 2761 carnem
649 2700 756 2762 lactum
778 2700 902 2762 adorare
923 2709 1072 2775 reumont,
1094 2701 1125 2762 hi
1144 2700 1222 2762 in·'

11 2815 73 2866 atos
104 2805 134 2865 in
165 2806 230 2867 eiua
262 2803 473 2881 benignitatem
502 2819 571 2862 sese
600 2800 755 2874 exhibent,
789 2819 846 2882 qua
874 2801 1032 2862 humanam
1052 2800 1196 2884 assumsit

11 2915 118 2964 [turam.
163 2905 221 2976 Qui
248 2913 345 2965 autem
368 2903 495 2964 Verbum
524 2921 541 2962 a
567 2919 655 2964 carne
684 2900 842 2974 dirimunt,
875 2901 907 2962 bi
928 2904 1062 2982 protecto
1085 2903 1195 2966 nullam

11 3005 85 3064 ocati
107 3003 320 3066 redemtionem
343 3003 488 3066 nullamve
510 3002 617 3064 mortis
639 3001 819 3064 solutionem
842 3009 995 3064 autumant
1009 3002 1084 3065 tisri.
1120 3001 1195 3064 Ubi·

11 3123 44 3164 lm
66 3121 134 3164 vero
156 3123 291 3178 carnem,
314 3123 402 3184 qnam
425 3103 560 3166 Salvator
581 3103 708 3182 accepit,
733 3121 871 3165 seorsum
893 3102 1023 3181 positam
1044 3102 1197 3182 reperient

11 3206 68 3284 rpii,
91 3217 122 3268 ut
142 3215 172 3268 et
194 3207 293 3269 dicere
316 3205 459 3268 audeant:
481 3205 543 3268 Nes
564 3223 625 3266 non
648 3203 808 3266 adoremus
823 3204 985 3268 Dominum
1007 3223 1074 3268 cum
1096 3222 1194 3278 carne,

13 3309 30 3368 d
56 3327 159 3389 corpus
189 3327 363 3390 separemus
392 3317 429 3368 et
450 3306 507 3368 soli
528 3305 658 3368 Domino
681 3303 855 3367 servimus?
898 3307 975 3368 Sane
997 3305 1102 3370 beatus
1123 3304 1193 3368 Ste-

11 3427 90 3472 lanus
112 3411 267 3474 bominum
300 3430 317 3470 a
349 3408 460 3471 dextris
495 3415 623 3470 stantem
653 3407 740 3481 vidit,
773 3407 875 3488 Angeli
899 3425 1015 3487 quoque
1036 3404 1194 3487 Discipulis

11 3511 107 3572 ebant:
142 3512 190 3574 Sic
222 3515 320 3579 veriet
347 3510 593 3592 quemadmodum
621 3509 741 3572 vidistis
770 3527 838 3572 eum
866 3519 986 3572 auctam
1013 3515 1046 3574 m
1069 3509 1192 3572 coelum

15 3611 61 3670 uin
87 3621 115 3672 et
140 3611 202 3692 ipse
223 3613 367 3674 Dominus
389 3611 507 3672 Patrem
536 3609 687 3691 alloquens
708 3609 797 3672 dixit:
829 3611 900 3674 Volo
921 3622 958 3674 acl
978 3611 1034 3676 obi
1052 3629 1120 3674 sam
1141 3629 1192 3691 ego

11 3711 78 3772 ¹illi
96 3731 206 3792 semper
228 3719 291 3776 slat
311 3717 435 3775 mecum.
480 3711 513 3778 Si
541 3711 631 3791 igitur
652 3730 721 3773 caro
745 3731 760 3772 a
782 3711 878 3774 Verbo
901 3713 1003 3791 nequit
1024 3712 1132 3786 dividi,
1155 3731 1194 3774 an

11 3829 42 3872 on
64 3831 178 3875 necesse
199 3821 245 3876 est
267 3813 333 3875 illos
355 3822 407 3876 aut
428 3832 531 3876 errore
553 3812 692 3893 deposito
713 3813 771 3876 iam
792 3813 908 3876 Patrem
931 3813 963 3874 in
985 3813 1106 3876 nomine
1127 3813 1192 3878 bo-

20 4099 146 4161 nSeguer.
162 4101 231 4152 llrsil.
247 4057 370 4164 ct'lnglic.
387 4092 432 4146 καὶ
449 4089 554 4152 πάντας
605 4099 769 4162 lloxSegner.
787 4092 916 4166 προόδου.

11 4179 81 4228 αφ’
638 4199 661 4248 d.
680 4200 721 4250 Sic
739 4199 837 4278 Segoer.
857 4201 929 4252 llnsil.
948 4209 972 4252 et
989 4203 1111 4266 lnglican.
1145 4199 1190 4249 llii

23 4265 42 4311 b.
60 4267 95 4315 irc
112 4269 201 4331 Segner
228 4277 298 4347 atque
316 4269 346 4318 vta
366 4269 421 4331 legit
438 4269 553 4318 Nanctus
605 4281 659 4317 vero
678 4278 701 4316 et
721 4268 778 4318 edelr
796 4279 845 4321 cos
862 4269 982 4322 omittunt

11 4329 32 4378 lil
49 4341 69 4380 el
86 4335 136 4384 edili
152 4341 260 4386 omittunt
278 4327 293 4396 ἢ
311 4337 466 4402 κτίσματος·
639 4383 659 4416 e
678 4369 718 4418 3„
736 4383 821 4420 ,Μ
840 4383 899 4420 m„
935 4368 995 4420 »ωε
1020 4373 1099 4416 ,urum
1117 4365 1191 4416 editio

26 4442 43 4476 c
60 4430 96 4480 Sic
110 4449 185 4487 onnes
196 4453 254 4488 mss.
285 4437 346 4488 Editl
357 4431 551 4489 reroe'rrcodc.
606 4436 721 4488 Gonmsl.
741 4428 773 4488 οὗ
790 4438 887 4490 omittit.
