3102 5042
517 223 625 268 naurro
641 224 679 266 rr.
696 197 812 268 courrir
826 225 962 270 aurenca.
1269 214 1330 278 657

103 381 208 462 ficium
225 394 289 460 pro
309 383 435 457 peccato
459 383 521 446 tuo,
545 384 575 436 et
597 375 676 456 offer
699 374 908 438 holocaustum
931 387 1024 448 tuum,
1047 387 1076 440 et
1097 380 1258 460 deprecare
1269 395 1416 465 prorui.

105 493 133 546 te
155 491 184 545 et
202 499 263 562 pro
288 480 374 542 domo
397 485 460 546 tuo,
484 486 513 538 et
533 475 584 554 soe
609 477 687 538 dorio
705 477 822 556 populi,
846 486 874 538 et
896 477 1059 557 deprecere
1077 499 1138 560 pro
1161 482 1232 554 illis,
1255 489 1334 548 sicut

93 587 260 666 proecepit
280 580 431 642 Dominus
455 575 563 655 Moysi.
607 576 682 638 Ecce
704 577 753 638 hle
774 577 907 656 quamvis
930 597 1005 640 unus
1028 580 1068 641 sit
1087 581 1213 660 bloyses,
1235 591 1333 646 tamen

100 688 169 766 ipse
190 685 320 778 Moyses
331 680 412 742 velut
434 678 470 738 de
493 677 550 740 alic
564 679 665 757 Moyse
687 679 772 740 dicit:
795 683 874 741 sicut
892 686 1046 764 proecepit
1062 683 1209 746 Domitius
1226 684 1333 763 Moysi.

102 787 155 848 Sic
184 804 254 863 ergo
283 781 401 846 etiamsi
428 779 533 842 beatus
556 779 662 842 Petrus
691 780 821 842 divinum
846 780 978 843 Verbum
1007 783 1074 846 tiliis
1095 784 1189 848 lsrael
1210 803 1264 865 per
1285 786 1334 847 le-

102 875 175 950 suin
197 885 347 948 Christum
369 882 498 945 missum
521 901 588 944 esse
610 881 696 954 dicat,
720 901 781 944 non
799 882 910 944 idcireo
927 884 1155 949 existimandum
1177 895 1234 960 est,
1257 885 1336 950 aliud

103 1008 175 1052 esse
196 986 323 1050 Verbum
345 993 374 1048 et
395 983 486 1046 alium
509 1002 576 1046 esse
593 983 753 1058 Christum,
775 985 827 1046 sed
851 1004 942 1046 unum
957 987 1142 1068 eundemque
1158 1007 1236 1063 esse,
1259 1007 1334 1068 pro·
1391 1063 1394 1074 ι

78 1073 176 1172 'pter
196 1107 280 1152 suam
302 1105 409 1166 nempe
432 1105 499 1151 cum
522 1085 650 1146 humana
671 1095 793 1159 natura,
816 1107 903 1166 quam
925 1087 1022 1149 diviua
1043 1089 1130 1169 plane
1151 1090 1334 1169 benignitate

106 1201 138 1254 et
159 1191 312 1256 clementia
335 1188 494 1262 assumsit,
523 1187 779 1262 coniunctionem
813 1189 863 1268 qui
886 1190 913 1249 si
935 1191 1023 1252 etiam
1046 1190 1201 1271 dupliciter
1221 1192 1333 1254 intelli-

104 1303 207 1374 gntur,
230 1311 291 1353 non
313 1290 354 1352 ita
376 1297 491 1378 tamen,
520 1297 553 1350 ut
574 1288 702 1352 Verbum
726 1301 893 1371 separatum
916 1291 1114 1371 concipiatur,
1139 1293 1225 1354 sicuti
1247 1293 1335 1356 docet

105 1395 224 1457 divinus
245 1393 373 1454 loannes
397 1409 463 1452 eum
486 1389 542 1451 ait:
570 1389 610 1452 m
635 1390 759 1454 Verbum
783 1412 854 1456 roro
877 1395 993 1473 sactum
1015 1405 1061 1456 est
1083 1404 1112 1457 et
1134 1395 1281 1458 bobitour‘t
1302 1398 1336 1458 in

106 1498 206 1559 uobis.
248 1495 350 1574 ltaque
372 1492 612 1573 quandoquidem
633 1492 674 1567 id,
698 1493 775 1573 quod
798 1495 948 1575 praeclare
971 1515 1005 1556 ac
1025 1503 1106 1558 recte
1128 1516 1145 1558 a
1165 1496 1252 1558 beato
1274 1495 1333 1558 Pe-

70 1641 76 1649 ·
109 1607 157 1660 tro
180 1598 286 1660 dictum
316 1605 379 1670 est,
409 1595 485 1657 male
514 1612 548 1656 ac
574 1613 715 1673 perverse
744 1594 910 1676 intelligunt
938 1597 1158 1660 Samosatensis
1187 1597 1333 1678 discipuli,

105 1707 188 1782 patet
210 1700 276 1761 illos
299 1699 330 1760 in
352 1698 474 1762 veritate
496 1715 556 1758 non
581 1704 670 1757 stare.
715 1697 846 1777 Namque
869 1699 1007 1760 Christus
1030 1699 1060 1760 in
1083 1699 1232 1780 Scriptura
1250 1717 1335 1760 sacra

104 1809 263 1882 utrumqne
285 1820 351 1862 esse
373 1799 564 1879 significatur,
587 1804 620 1860 ut
642 1818 708 1860 cum
730 1799 850 1861 dicitur:
876 1802 1015 1864 Christus
1033 1802 1092 1864 Dei
1112 1806 1212 1865 m'rtrre
1235 1811 1264 1864 et
1277 1800 1337 1863 Der·

102 1909 264 1986 supientia.
282 1941 283 1946 κ
309 1903 453 1976 Quocirca
465 1901 542 1963 'oum
560 1901 672 1982 ¹Petrus
695 1902 736 1964 ait
757 1902 885 1964 Verbum
906 1921 961 1982 per
975 1904 1074 1966 lesum
1091 1903 1243 1966 Christum
1256 1901 1333 1965 mis-

104 2025 176 2068 sum
205 2025 272 2068 esse
299 2005 335 2067 ad
364 2005 442 2066 filios
465 2001 573 2076 lsrael,
602 2003 660 2063 hoc
688 2003 817 2066 indicare
843 2004 1039 2084 intelligatur,
1071 2025 1178 2084 nempe
1206 2005 1333 2066 Verbum

104 2127 225 2170 carnem
249 2109 356 2170 lactum
385 2105 453 2168 tiliis
470 2103 566 2176 ‚lsrael
589 2104 773 2184 apparuisse,
796 2113 828 2167 ut
848 2105 954 2181 lpanni
977 2116 1123 2168 consonet
1145 2106 1268 2168 dicenti:
1296 2106 1336 2168 m

108 2209 238 2272 Verbum
261 2219 332 2271 curo
354 2208 546 2287 factumest.
593 2205 625 2266 si
653 2224 722 2267 vero
746 2205 855 2268 dictum
876 2207 949 2267 illud
970 2208 1054 2268 aliter
1077 2214 1234 2286 exponant,
1257 2207 1332 2268 Ver-

101 2312 237 2390 bumque
259 2309 390 2371 divinum
412 2327 481 2370 esse
503 2309 546 2370 uti
568 2325 670 2368 revera
692 2315 738 2368 est
759 2308 935 2368 confitentes
958 2315 1124 2369 assumtum
1140 2307 1258 2388 abipso
1274 2305 1332 2368 ho·

104 2414 239 2484 minem,
273 2411 320 2471 cui
342 2410 529 2472 coniunctum
559 2427 625 2470 esse
648 2408 792 2482 creditur,
821 2407 857 2470 ab
880 2427 916 2469 eo
939 2407 1029 2469 velint
1050 2427 1206 2490 separare,
1234 2409 1332 2490 ipsum
1341 2433 1417 2478 omo.

108 2513 223 2576 aientes
245 2529 300 2592 per
319 2510 418 2574 lesum
433 2511 581 2574 Christum
595 2511 720 2572 missum
743 2529 822 2584 esse,
845 2529 916 2573 sane
939 2530 972 2572 se
993 2513 1153 2593 pugnantia
1176 2511 1258 2594 loqui
1273 2531 1335 2574 non

107 2613 274 2677 attendunt
319 2611 377 2684 Qut
400 2613 477 2674 enim
504 2613 563 2676 boc
588 2613 619 2676 in
647 2611 713 2674 loco
735 2613 865 2674 divinum
886 2613 1017 2690 Verbum
1039 2629 1056 2676 a
1078 2615 1176 2678 divina
1197 2615 1334 2676 incarna-
1363 2683 1374 2706 ο

106 2717 190 2779 tione
213 2716 382 2794 seiungunt,
405 2716 483 2776 idem
506 2715 605 2796 ipsum
626 2716 812 2778 imminutum
835 2725 957 2794 putant,
982 2737 1048 2778 curn
1071 2717 1194 2779 audiunt
1215 2735 1334 2779 carnem

107 2819 217 2880 lactum
238 2836 321 2892 esse,
343 2817 530 2898 proindeque
553 2818 631 2879 idem
660 2818 783 2882 omnino
809 2820 941 2880 sentiunt
962 2835 996 2879 ac
1018 2818 1165 2892 Gentiles,
1194 2819 1238 2882 uti
1261 2837 1334 2881 sane

110 2919 259 2992 sentiunt,
288 2939 355 2982 cum
383 2919 511 2982 divinam
539 2920 772 2982 incarnationem
799 2922 994 2983 mutationem
1014 2919 1102 2982 Verbi
1131 2937 1200 2981 esse
1229 2919 1332 3000 suspi-

113 3025 225 3079 cantur.

197 3223 245 3286 32.
289 3223 397 3284 Verum
419 3241 480 3284 non
503 3223 543 3286 ita
565 3230 626 3296 est3
655 3221 741 3283 absit.
786 3220 1041 3294 Quemadmodum
1070 3219 1148 3282 enim
1171 3219 1331 3300 inexplica-

107 3321 200 3384 bilem
222 3325 362 3386 unionem
384 3325 435 3386 blc
454 3325 605 3404 praedicat
626 3323 762 3398 loannes,
785 3323 926 3403 absorpto
948 3322 1085 3385 videlicet
1105 3321 1222 3384 mortali
1243 3323 1333 3384 avita

108 3432 140 3487 et
161 3425 198 3486 ab
221 3445 267 3500 eo,
290 3426 341 3505 qui
363 3426 427 3506 ipsa
449 3445 503 3506 per
525 3446 558 3488 se
581 3432 627 3488 est
646 3427 714 3500 rita,
738 3433 771 3486 nt
791 3426 855 3506 ipse
877 3425 914 3487 ad
936 3425 1079 3487 llartham
1102 3425 1158 3486 ait:
1182 3425 1243 3506 Epo
1265 3443 1333 3487 sum

107 3529 192 3601 vita,
214 3526 255 3588 ita
277 3545 344 3588 cum
365 3526 469 3589 beatus
492 3528 598 3590 Petrus
621 3519 748 3589 Verbum
769 3545 823 3606 per
840 3528 936 3589 lesum
954 3527 1101 3590 Christum
1123 3525 1247 3587 missum
1264 3543 1334 3588 esse

107 3628 200 3702 dixit,
232 3628 446 3690 divinameius
470 3629 642 3710 significavit
665 3630 814 3692 unionem.
858 3630 931 3692 Nam
954 3638 986 3691 ut
1007 3629 1043 3702 is,
1065 3627 1116 3709 qui
1138 3627 1234 3690 audit:
1261 3626 1333 3688 Ver-

108 3731 183 3793 bum
211 3749 282 3793 coro
312 3733 426 3811 scotum
455 3746 516 3808 est,
548 3751 609 3792 non
639 3731 747 3793 idcirco
776 3731 934 3794 arbitratur
962 3730 1089 3793 Verbum
1117 3728 1243 3809 amplius
1271 3747 1334 3790 non

97 3848 196 3903 esse,
220 3831 299 3910 quod
322 3842 399 3894 certe
420 3833 635 3915 perabsurdum
658 3841 719 3909 est,
741 3835 783 3896 uti
807 3835 950 3909 diximus;
982 3832 1022 3894 ita
1043 3830 1243 3914 quiVerbum
1266 3848 1334 3892 oum

106 4051 224 4103 omittant
242 4042 333 4100 αὐτόν.
371 4053 423 4102 llor
442 4055 497 4116 neg,
516 4061 539 4103 et
557 4053 697 4114 Seouerian.
781 4067 803 4114 g.
822 4053 861 4102 Sic
879 4054 936 4116 hog,
955 4060 978 4102 et
996 4051 1093 4125 Senum.
1129 4051 1157 4100 lt
1176 4049 1215 4100 ulii
1235 4058 1258 4099 et
1277 4051 1334 4100 editi

106 4113 303 4186 φθεγγόμενοι
326 4109 358 4168 ob
380 4119 500 4170 νοοῦσιν.
531 4113 558 4168 οἱ
578 4114 632 4186 γάρ
651 4129 696 4171 otc.
746 4115 797 4179 τὴν
806 4111 997 4189 ἆνὲκᾳραστον
1010 4115 1138 4186 γέννησιν
1149 4111 1270 4168 ἐνταῦθα
1278 4109 1334 4166 'lu-

105 4187 157 4239 Alii
184 4195 207 4236 et
233 4189 289 4238 editi
316 4179 347 4236 ob
372 4191 484 4252 omittunt
506 4198 559 4238 unte
578 4187 695 4238 νοοῦσιν.
748 4185 836 4248 durinc.

107 4254 210 4305 Gohler.
229 4265 307 4306 autem
326 4266 349 4307 et
368 4257 473 4309 Felclm.
495 4256 516 4307 l.
537 4258 622 4306 trabem
640 4257 696 4306 ibid.
781 4257 804 4304 h.
825 4258 879 4314 hoo.
899 4265 922 4307 et
940 4257 1039 4319 chuer.
1057 4249 1126 4321 πρὸς
1143 4249 1194 4314 τὴν
1211 4243 1334 4315 Μάρθαν

108 4314 210 4389 οἷγάρ
229 4331 274 4373 etc.
309 4323 381 4373 Bisit.
401 4334 424 4375 et
441 4324 510 4389 ingl.
528 4315 562 4372 br
577 4317 632 4390 γάρ
651 4335 696 4376 etc.
748 4313 837 4378 atate,
857 4317 912 4390 lyci
929 4317 984 4390 εἶμι
1002 4315 1017 4384 ἢ
1037 4319 1100 4384 ζωὴ,
1120 4319 1213 4386 λέγων.
1254 4375 1267 4398 ο

108 4393 191 4442 Ceteri
209 4399 232 4441 et
250 4392 312 4451 editi,
326 4383 357 4439 ob
374 4385 430 4460 γάρ
448 4401 493 4446 etc.
781 4391 796 4441 i.
821 4393 891 4444 Cobl.
911 4387 1019 4460 νομίσῃ.
1057 4393 1109 4442 idox
1128 4393 1226 4452 aeguer.
1246 4395 1332 4450 ufflrp

144 4459 164 4510 l.
182 4459 254 4510 Forte
273 4449 302 4506 οἳ
315 4453 379 4529 γάρ.
399 4483 404 4494 s
747 4449 858 4511 ἄτοπον.
1046 4467 1049 4476 ·

144 4547 272 4591 Arsinoen
283 4557 334 4592 oro.
344 4559 415 4592 coru.
428 4561 477 4594 art.
1094 4541 1128 4592 ⁴12
