3102 5042
535 215 680 260 erroroce
694 219 713 262 r.
730 220 767 262 ro
785 219 979 266 semerorcrr.
1295 217 1357 282 695

51 433 56 440 ,
127 367 273 445 auferent
295 383 350 428 cor
372 365 522 446 lapideum
544 370 579 432 de
602 365 835 444 cumcontra,
864 385 893 437 ct
922 375 997 437 dubo
1019 377 1103 440 vobis
1128 397 1181 442 cor
1202 401 1435 461 consumerer

128 479 161 530 et
184 465 334 547 Spiritum
355 485 452 531 meum
474 470 550 532 dodo
573 474 605 532 in
626 471 720 534 vodr's.
766 473 891 546 Quando
907 493 979 556 ergo
995 476 1023 539 id
1046 477 1198 560 impletum
1219 494 1274 560 cst,
1297 490 1356 551 nisi

129 585 197 630 uum
220 567 338 630 advenit
352 567 497 632 Dominus
521 581 550 633 et
571 590 624 634 soa
648 575 740 653 gratia
757 575 854 637 omnia
869 578 1045 641 renovavit?
1087 581 1182 644 Porro
1198 585 1255 647 boc
1269 590 1355 652 etiem
1456 661 1457 665 Ἰ

127 671 161 731 in
182 667 249 732 loco
272 670 431 750 spirituum
454 672 620 736 dillercntia
643 677 819 766 ostenditur.
864 675 936 742 Num
965 682 1089 760 spiritus
1116 694 1222 748 noster
1250 688 1277 754 is
1300 699 1355 765 cst

127 772 183 851 qui
204 781 383 848 renovatur,
415 775 469 836 sed
497 775 639 856 Spiritum
668 787 799 842 sanctum
828 797 888 842 non
916 781 1089 863 simpliciter
1116 787 1269 868 spiritum,
1303 793 1356 854 scd
1421 809 1423 820 ⁴

127 891 220 936 suum
242 893 308 936 esse
330 875 467 956 spiritum
490 877 571 940 Deus
592 879 729 953 declarat,
753 881 783 942 in
805 900 865 962 quo
883 882 994 972 scilicet
1008 885 1114 964 spiritu
1136 897 1241 952 noster
1262 909 1354 954 reno-

127 981 227 1050 vatur,
249 976 289 1038 uti
309 977 468 1040 Psalmiste
483 978 602 1042 Psalmo
624 982 787 1044 centesimo
809 984 898 1048 terlio
919 984 1080 1048 luculenter
1098 989 1202 1053 docet:
1224 989 1354 1073 deseres

129 1081 273 1157 spiritum
295 1097 399 1142 eorum
421 1093 451 1145 ct
473 1081 611 1163 deficient
632 1095 661 1146 et
681 1088 715 1146 in
732 1085 892 1164 puluerem
905 1103 1006 1150 ‘soum
1021 1102 1223 1154 revertentur.
1257 1094 1354 1160 llanit-

127 1189 174 1240 tes
196 1177 347 1259 Spintum
369 1193 454 1244 tuum
477 1192 506 1244 et
528 1185 724 1256 creabuntur,
748 1198 775 1248 et
798 1187 955 1274 renovabis
977 1189 1084 1269 sociem
1107 1203 1219 1255 terroe.
1263 1193 1353 1268 Quod

123 1279 152 1342 si
174 1279 206 1340 iu
229 1280 343 1360 Spiritu
364 1281 416 1344 uei
439 1301 631 1360 renovamur,
662 1303 723 1348 non
752 1305 822 1366 ergo
845 1288 988 1368 Spiritus¹
1005 1302 1124 1356 sauctus
1154 1294 1180 1356 is
1210 1303 1271 1370 est,
1299 1298 1351 1376 «μὶ

125 1383 222 1444 creari
243 1381 365 1457 dicitur,
394 1385 446 1446 sed
471 1395 574 1447 noster
600 1386 732 1466 spiritus.
777 1389 808 1450 Si
837 1390 908 1453 item
937 1393 1002 1472 quia
1026 1395 1124 1456 omnia
1144 1413 1199 1476 per
1219 1397 1432 1466 Verbumeces.

125 1485 203 1546 iacta
224 1493 302 1558 sont,
325 1493 405 1546 recte
428 1482 545 1550 sentitis
567 1487 671 1550 Filium
694 1507 754 1552 non
778 1509 846 1554 cese
867 1509 930 1554 rem
953 1503 1088 1570 creatam,
1112 1513 1149 1558 au
1170 1515 1232 1560 non
1246 1497 1348 1562 itidem

125 1585 248 1664 impium
272 1596 319 1648 est
350 1605 404 1648 ros
427 1589 568 1669 Spiritum
592 1599 742 1666 sanctum,
774 1592 803 1654 in
826 1613 885 1673 quo
906 1595 994 1658 Pater
1021 1615 1075 1678 por
1098 1595 1224 1662 Verbum
1249 1603 1348 1665 omnia
1400 1654 1409 1665 .

124 1689 239 1779 perlicit
267 1698 297 1750 et
324 1698 464 1765 renovat,
494 1693 672 1755 contendere
701 1712 763 1756 rem
786 1714 852 1758 esse
875 1695 1025 1760 creaiaml
1068 1699 1100 1762 Si
1130 1700 1234 1781 igitur.
1266 1705 1347 1784 quod

120 1791 298 1872 simpliciter
321 1793 465 1872 seriptum
487 1795 526 1856 sit
548 1796 684 1876 spiritum
706 1798 810 1870 creari,
834 1797 915 1860 illum
931 1799 1039 1861 idcirco
1055 1801 1196 1882 Spiritum
1213 1814 1347 1866 sunctum

120 1909 190 1956 esse
213 1894 270 1958 sibi
292 1895 366 1975 ipsis
388 1897 516 1970 tinxere,
544 1897 602 1960 iam
623 1917 800 1978 persuasum
823 1900 880 1963 illis
903 1919 973 1964 esse
995 1901 1097 1977 debet,
1120 1921 1180 1964 non
1204 1903 1346 1985 Spiritum

121 2003 257 2058 sanctum
279 1997 362 2060 illum
384 2017 468 2070 esse,
492 1998 542 2078 qui
565 2007 697 2074 creatur,
721 2003 775 2062 sed
797 2010 932 2064 nostrum
956 2023 1038 2079 esse,
1069 2005 1171 2085 quiin
1195 2025 1230 2067 eo
1253 2027 1344 2069 reno-

120 2109 221 2172 vatur3
250 2119 305 2178 qua
336 2101 372 2162 de
394 2119 427 2163 re
450 2102 566 2182 etipse
588 2103 676 2164 David
700 2103 756 2164 hoc
778 2105 866 2165 modo
889 2105 1077 2184 precabatur:
1113 2106 1173 2168 Cor
1200 2111 1346 2170 madum

117 2221 190 2266 creo
212 2208 246 2265 in
265 2221 320 2274 me,
344 2203 436 2278 neos,
460 2217 490 2268 et
511 2209 651 2284 spiritum
674 2217 789 2267 rectum
805 2211 915 2275 innova
930 2211 962 2266 ia
979 2208 1144 2270 visceribus
1158 2213 1241 2269 meis.
1269 2209 1358 2282 Ele,

115 2306 181 2368 nim
204 2307 262 2368 boc
288 2307 318 2368 in
341 2307 407 2368 loco
431 2307 566 2386 spiritum
589 2323 689 2368 oreore
711 2307 832 2378 dicitur,
861 2323 948 2386 quem
970 2313 1056 2368 antea
1078 2307 1216 2380 limeret,
1248 2317 1279 2369 ut
1302 2309 1346 2388 ait

116 2408 291 2468 Zacharias:
318 2409 491 2473 detondens
520 2407 634 2470 coelom
665 2419 692 2471 ct
713 2409 848 2488 fundens
872 2418 987 2470 terrum
1010 2419 1038 2471 et
1059 2407 1176 2490 finpcns
1198 2413 1343 2490 spiritum

120 2509 251 2571 lrdrninis
271 2513 398 2593 inipso.
444 2511 541 2584 Quem
563 2511 641 2572 enim
664 2510 908 2583 auctoritateret,
940 2509 1066 2572 cundem
1094 2517 1198 2590 posteo
1226 2509 1343 2591 lapsuro

116 2609 219 2672 denuo
241 2614 360 2688 creavit,
389 2613 482 2675 sactus
504 2613 569 2694 ipse
592 2612 621 2674 in
644 2629 677 2674 rc
699 2621 810 2686 creato,
834 2631 940 2691 nempe
954 2608 1028 2674 'cum
1050 2611 1180 2672 Verbum
1202 2629 1271 2672 caro
1294 2612 1340 2672 la-

112 2721 196 2776 ctum
219 2725 272 2788 est,
295 2727 336 2787 ut,
360 2716 608 2794 quemadmodum
629 2716 789 2796 Apostolus
812 2715 862 2788 ait,
886 2716 960 2777 duos
985 2715 1093 2776 condor
1115 2718 1148 2776 in
1169 2731 1341 2808 ιιηιιιηινιοΗ

113 2833 187 2878 uum
209 2817 372 2893 burniaco,
401 2823 454 2899 qui
474 2819 637 2880 secundum
657 2817 753 2879 ileum
776 2825 894 2878 creatos
917 2828 960 2879 eet
982 2821 1014 2878 in
1035 2819 1153 2878 iustitio
1174 2826 1203 2878 et
1224 2819 1339 2879 soncti-

117 2923 179 2979 lote
200 2923 348 2982 ueritatis.
392 2919 423 2980 ld
447 2919 525 2980 enirn
549 2937 610 2980 non
631 2919 720 2991 dixit,
748 2927 886 2997 uuquam
915 2926 1030 2979 oreatus
1061 2916 1100 2978 sit
1130 2915 1206 2978 alius
1228 2915 1266 2978 ab
1286 2915 1338 2976 illo

117 3017 252 3092 bomine,
287 3021 336 3100 qui
359 3019 444 3081 initio
466 3021 502 3082 ad
524 3021 682 3100 imaginem
703 3021 794 3082 lactus
816 3020 885 3093 luit,
909 3019 961 3080 sed
984 3019 1020 3080 od
1043 3026 1171 3080 crentern
1193 3026 1222 3078 et
1243 3033 1336 3080 renu-

117 3127 209 3181 ralatu
231 3121 262 3182 in
285 3122 402 3184 Christo
425 3133 553 3184 mentem
577 3121 794 3202 suscipiendam
817 3121 918 3182 fideles
939 3119 1134 3194 hortabatur,
1156 3118 1237 3198 quod
1257 3117 1338 3180 idem

112 3219 161 3282 bis
184 3221 281 3284 verbis
303 3234 435 3304 praestat
456 3225 606 3288 Ezechiel:
629 3225 727 3287 Facite
749 3225 833 3286 vobit
856 3211 912 3302 cor¹
930 3241 1041 3285 nouom
1064 3232 1094 3283 et
1114 3225 1257 3302 spiritum
1277 3239 1335 3284 ao·

110 3341 199 3398 vorm
226 3337 254 3386 ct
275 3345 370 3408 patore
390 3333 546 3392 morimini
566 3329 669 3390 domus
692 3323 818 3388 lsrael?
863 3325 942 3399 Quia
964 3323 1035 3387 noio
1057 3333 1186 3388 mortem
1200 3325 1335 3385 morien-

111 3431 163 3500 tia,
189 3427 260 3489 dicit
281 3429 400 3493 ddonot
423 3431 570 3493 dominus.

198 3634 247 3696 lb.
292 3631 363 3694 Corn
386 3633 475 3712 igitur
502 3634 542 3695 ita
575 3632 759 3696 sentiendum
782 3631 822 3693 sit
843 3631 879 3691 de
902 3629 951 3691 illo
974 3628 1097 3709 spiritu,
1126 3627 1176 3707 qui
1204 3634 1330 3698 creatur,

109 3740 310 3812 congruenter
330 3753 448 3814 quoque
470 3734 593 3815 intelligi
614 3743 715 3815 potest
737 3733 866 3804 tonitru,
890 3730 968 3812 quod
989 3728 1099 3790 llrmori
1122 3727 1232 3789 ibidem
1254 3726 1329 3788 dici-

105 3911 462 3983 2.etSsgoer.ob1beboc.
500 3923 577 3973 Ceteri
597 3930 620 3971 et
637 3922 694 3972 editi
745 3911 896 3968 bomiuunt.
932 3915 1028 3966 Gobler.
1047 3911 1221 3966 adelelmi·
1239 3911 1329 3964 ibidem

106 3980 177 4035 oded
195 3990 314 4040 omittunt.
744 3979 839 4052 ηὔχετο
857 3979 951 4048 lipare.
1168 4051 1172 4062 ⁸

142 4073 162 4106 o.
181 4056 238 4120 Reg.
259 4058 280 4106 l.
300 4068 323 4107 et
341 4058 439 4120 Seguer.
457 4055 631 4122 γεγενῆσθαι.
778 4059 793 4105 l
817 4055 875 4133 ¹llep.
897 4055 917 4102 l.
936 4061 959 4102 et
977 4051 1003 4130 2.Ι
1018 4059 1050 4128 ¹st
1073 4051 1214 4129 §egueram
1238 4051 1329 4102 eddom

140 4123 165 4174 d.
183 4127 224 4174 Sic
240 4125 295 4188 lleg.
307 4127 329 4175 l.
349 4137 371 4175 et
389 4126 456 4188 logi.
491 4129 518 4175 bt
537 4127 576 4174 olii
595 4132 618 4172 et
636 4124 691 4173 edit.
743 4117 757 4172 ὁ
775 4123 848 4176 aroc,
867 4122 906 4171 elii
926 4131 950 4171 et
968 4122 1025 4170 edna
1041 4125 1162 4198 omittunt.

105 4191 223 4242 Commel.
240 4185 392 4258 γνώτωσαν
410 4185 453 4242 ὅτι
470 4201 515 4244 etc.
551 4191 611 4242 ibid.
630 4207 691 4256 queo
776 4207 797 4254 p.
818 4192 873 4251 beu.
893 4191 957 4239 l.-et
975 4189 1075 4249 Sesea.
1093 4181 1232 4262 arianus.

103 4267 238 4324 sequuntur
256 4263 287 4312 lta
306 4271 398 4313 exuant
416 4264 438 4312 io
458 4262 530 4324 liegio
551 4261 571 4312 1,
591 4261 690 4322 Segocr.
776 4261 797 4307 b.
818 4257 858 4307 Sic
876 4259 930 4318 iles.
943 4257 963 4305 l.
977 4255 1107 4316 etSegoer.
1143 4255 1221 4305 ceteri
1234 4249 1326 4300 stetit

104 4329 202 4378 Gobler.
228 4339 251 4380 at
275 4329 378 4380 l'elclm.
399 4331 421 4379 1.
457 4335 484 4379 tt
502 4329 575 4379 ceteri
594 4337 617 4377 et
635 4327 691 4378 editi
741 4326 852 4376 omittunt
869 4317 966 4388 ἔλεγεν.
1003 4325 1096 4374 ibidem
1114 4337 1175 4387 quoe
1193 4322 1327 4380 sequuntur

105 4389 136 4442 rb
159 4387 241 4462 ἅγιον
263 4397 369 4465 πνεῦμα
388 4390 508 4447 οὐκέστι
524 4389 689 4464 κνιζόμενον.
741 4395 772 4444 ite
797 4393 873 4444 taceat
897 4397 920 4443 in
946 4393 1001 4454 lieg.
1023 4393 1044 4441 l.
1069 4393 1172 4466 Seguer.¹
1188 4383 1283 4437 Gobler.
1303 4388 1327 4429 et
1370 4422 1373 4432 r

138 4481 160 4514 e.
177 4467 275 4518 Goblcr.
294 4465 398 4518 lelclm.
419 4467 442 4516 l.
466 4469 521 4530 lteg.
544 4465 563 4515 l.
590 4467 689 4528 sepner.
740 4462 844 4513 Folobm.
865 4463 887 4512 l.
921 4460 1057 4510 bliiaetern
1077 4465 1100 4507 et
1117 4457 1189 4506 educo
1208 4449 1335 4503 camuel..
