3102 5042
499 281 795 328 amnemamnem
809 285 944 330 nmmos.
1093 239 1097 252 ⁸
1261 275 1323 340 ont

91 457 145 501 eur
168 434 296 498 omnino
318 433 438 497 dilatata
459 432 562 496 llnitns
586 433 634 496 sit
679 433 767 507 Quod
789 433 867 500 enim
889 453 951 500 non
972 435 1051 502 idem
1064 445 1172 514 manet,
1195 442 1250 508 sed
1258 453 1321 522 pe·
1331 459 1408 507 near.

89 549 157 603 stea
180 538 338 616 dilatatur,
360 553 480 598 eausam
501 533 608 597 babeat
628 553 753 601 neeesse
774 545 840 610 est,
862 553 917 616 par
937 555 1025 617 quam
1046 537 1193 604 dilatetur.
1236 543 1271 604 Si
1291 552 1325 608 ut

90 641 224 704 Verbum
247 649 277 701 et
299 636 427 717 Spiritus
450 655 517 700 eum
539 635 589 700 ille
613 645 705 710 esset,
726 645 953 719 praeposterum
975 647 1023 702 est
1045 639 1144 704 disere
1165 641 1322 720 Unitatem,
1404 625 1407 638 λ

90 743 205 806 deinde
233 741 383 804 dilatatam
411 758 491 801 esre.
540 739 601 801 Nee
628 740 708 802 enim
728 735 878 821 posterius
907 751 954 806 est
973 742 1101 808 Verbum
1130 752 1161 806 et
1182 743 1323 824 Spiritus,

91 846 147 908 sed
172 861 309 924 semper,
338 859 376 904 ne
397 841 534 904 videlieet
555 840 633 904 lleus
656 840 721 904 siue
742 841 839 904 Verbo
868 863 922 906 seu
943 843 1068 910 Ratione
1095 863 1165 910 esee
1191 853 1324 926 putetur,

94 947 140 1010 nti
162 945 296 1008 sentiunt
308 943 418 1006 Ariani.
463 941 609 1026 Queeirea
630 943 657 1004 si
678 961 796 1024 semper
818 945 874 1006 luit
888 945 1016 1010 Verbum
1031 955 1061 1009 et
1075 947 1215 1027 Spiritus,
1239 949 1322 1014 mm-

95 1067 153 1128 per
182 1065 298 1128 quoqne
326 1045 445 1108 dilatata
471 1044 542 1118 lm't,
571 1063 631 1108 nen
659 1053 757 1108 autem
784 1046 914 1126 primum
940 1043 1000 1111 luit
1021 1047 1135 1114 Unitas.
1179 1050 1269 1123 Quod
1297 1052 1323 1116 ei

97 1150 249 1231 posterius
271 1147 387 1210 ddatata
411 1143 473 1220 est,
505 1146 657 1226 posterius
684 1146 774 1227 igitur
796 1156 843 1210 est
864 1149 1001 1214 Verbum.
1046 1151 1079 1214 Si
1099 1169 1170 1214 vere
1198 1159 1324 1232 propter

96 1253 242 1314 humanae
263 1258 387 1312 naturae
408 1239 623 1312 assumtionem
645 1250 763 1314 dilatata
780 1259 842 1324 est,
864 1260 992 1332 tuncque
1013 1254 1087 1315 laeta
1110 1261 1157 1316 est
1171 1253 1321 1332 Trinites3

96 1354 185 1434 igitur
215 1360 283 1415 ente
304 1360 438 1414 naturam
460 1351 620 1414 humanam
641 1361 804 1416 assumtam
826 1353 958 1418 nondum
981 1363 1044 1418 eret
1065 1355 1205 1420 Trinitas.
1247 1356 1322 1424 Inde
1412 1361 1416 1370 '

99 1457 170 1516 item
191 1461 339 1533 sequetur,
361 1461 395 1513 ut
416 1453 503 1514 Peter
524 1471 592 1516 earo
614 1455 708 1518 laetus
724 1456 772 1529 sit,
795 1456 822 1518 ei
839 1475 947 1536 nempe
961 1455 1038 1536 ipse,
1061 1458 1111 1537 qni
1126 1457 1230 1524 Uetus
1246 1466 1331 1534 erat.

103 1555 251 1617 bominem
271 1554 450 1616 assumendo
471 1553 610 1618 dilatatus
631 1563 693 1629 est;
715 1557 765 1634 qui
787 1565 818 1620 et
838 1556 916 1620 idem
934 1558 1074 1622 fortassis
1090 1558 1193 1624 Unitae
1214 1568 1321 1639 poster

102 1658 167 1728 erit,
190 1667 219 1719 et
238 1676 315 1729 earo,
339 1664 369 1718 et
389 1657 469 1736 qnod
490 1657 611 1720 tertium
632 1665 679 1718 est
701 1657 842 1738 Spiritus,
864 1660 890 1722 si
910 1677 1018 1740 nempe
1040 1659 1105 1740 ipse
1126 1669 1183 1735 est,
1205 1661 1256 1741 qui
1271 1661 1320 1722 di·

96 1757 201 1822 latatus
223 1770 288 1832 est3
312 1779 348 1820 ae
368 1757 495 1840 proinde
517 1757 583 1820 solo
605 1759 726 1822 nemine
748 1759 876 1826 Trinitas
898 1763 997 1827 lutura
1019 1769 1076 1824 est
1122 1761 1211 1834 Quod
1233 1763 1260 1824 si
1282 1765 1320 1828 ed

94 1863 254 1924 creandum
276 1861 396 1924 dilatata
417 1859 547 1934 dicatur,
575 1860 605 1922 id
634 1879 752 1942 quoque
774 1862 936 1926 absurdum
959 1871 1014 1928 est
1057 1863 1137 1928 Fieri
1158 1865 1239 1930 enim
1260 1883 1318 1946 po-

95 1969 187 2036 terat,
218 1973 252 2025 ut
279 1964 343 2043 ipsa
370 1979 496 2024 manens
518 1961 621 2024 Ueitas
650 1963 748 2026 emnia
776 1965 915 2032 elllceret.
958 1964 1019 2028 Nee
1040 1965 1119 2030 euim
1147 1965 1319 2031 dilatatione

92 2063 244 2143 indigebat
266 2065 377 2138 Unitas,
400 2081 456 2126 nee
477 2063 594 2126 infirma
615 2073 678 2126 erat
699 2065 871 2144 priusquam
894 2065 1075 2132 dilataretur.
1118 2065 1193 2131 Nam
1206 2067 1316 2130 absur-

92 2167 164 2230 dum
192 2175 224 2229 et
248 2167 371 2248 impium
399 2173 449 2227 est
474 2164 505 2228 id
530 2166 568 2227 de
589 2164 650 2228 Deo
673 2166 785 2228 sentire
807 2174 837 2228 et
858 2167 965 2228 dioere.
1008 2166 1094 2232 mind
1115 2166 1240 2250 insuper
1261 2167 1316 2230 ab·

90 2269 216 2332 surdum
238 2269 309 2330 inde
330 2275 537 2346 consequetur.
589 2267 621 2328 Si
648 2266 727 2328 enim
755 2285 855 2330 rerum
883 2277 1045 2330 meatarum
1074 2267 1168 2346 gratia
1199 2267 1318 2334 dilatata

92 2381 157 2445 est,
186 2371 218 2432 si.
236 2370 376 2450 quamdiu
397 2378 460 2432 erat
481 2368 600 2442 Unitas,
623 2368 719 2432 nullae
742 2377 826 2430 erant
846 2385 895 2430 ree
917 2377 1049 2441 creatae,
1080 2387 1148 2432 eum
1169 2377 1240 2449 post
1261 2369 1317 2432 ab·

91 2473 222 2534 solutam
245 2470 422 2534 creationem
444 2489 549 2534 rursus
572 2490 589 2532 e
611 2470 728 2534 dilatata
750 2471 814 2534 beri
836 2469 941 2548 debeat
961 2469 1086 2545 Unius,
1108 2470 1211 2552 utique
1233 2470 1317 2540 dele·
1347 2453 1350 2468 '
1385 2533 1395 2556 .

92 2574 206 2634 buntur
232 2589 351 2651 quoque
377 2590 425 2636 res
453 2579 577 2636 erasme.
620 2573 659 2634 Ut
686 2573 764 2636 enim
795 2571 913 2636 creandi
933 2575 1025 2640 eausa
1046 2573 1165 2638 dilatata
1186 2583 1247 2649 est,
1276 2572 1318 2638 iu

90 2695 160 2738 oum
183 2653 301 2738 dilatato
321 2693 391 2736 esse
412 2674 539 2749 desinet,
561 2674 844 2740 existere'similiter
865 2674 1003 2740 desinent
1022 2693 1072 2736 res
1095 2683 1220 2738 creatae.

177 2782 228 2842 15.
268 2777 353 2840 'llaec
371 2777 470 2856 itaque
491 2776 618 2839 absurda
640 2795 674 2840 ex
696 2776 744 2840 ille
766 2778 900 2840 orientur
921 2777 1072 2858 opinione,
1095 2795 1152 2857 qua
1167 2777 1269 2843 Unius
1284 2777 1316 2842 iu

92 2880 267 2944 Trinitatem
289 2879 403 2943 dilatari
425 2878 541 2942 dieitur.
586 2878 710 2951 Quando
738 2897 808 2942 vero
831 2879 881 2957 qui
903 2879 943 2942 ita
965 2878 1121 2952 sentiunt,
1133 2879 1263 2944 Verbum
1285 2888 1316 2943 et
1380 2912 1388 2924 =

96 2981 198 3042 Filium
218 2981 351 3044 dividere
372 2981 499 3052 audent·
513 2980 753 3060 contendantque
774 2979 852 3042 aliud
874 2999 939 3043 esse
955 2979 1082 3042 Verbum
1103 2989 1133 3042 et
1153 2981 1242 3044 elium
1259 2981 1401 3042 Finem

100 3078 180 3154 lium,
209 3085 292 3164 prius
314 3083 444 3144 Verbum
472 3101 559 3157 esse,
587 3081 694 3144 deinde
715 3081 838 3156 Filium3
869 3101 922 3161 age
949 3082 1006 3144 ista
1028 3100 1147 3162 queque
1169 3081 1197 3144 si
1217 3082 1314 3162 placet

95 3187 319 3262 perpendamus.
365 3185 448 3248 Varia
476 3195 574 3247 autem
602 3185 719 3248 illorum
748 3192 795 3248 est
822 3183 983 3246 temeritas.
1026 3183 1083 3249 dlii
1111 3182 1190 3246 enirn
1212 3183 1313 3246 bemi-

94 3301 168 3360 nem,
190 3268 280 3369 quem
296 3287 431 3349 Salvator
445 3287 598 3361 assumsit,
619 3287 727 3350 Filium
741 3305 809 3348 esse
824 3285 932 3358 volunt,
955 3285 1003 3348 elii
1019 3292 1188 3372 utrumque,
1205 3303 1314 3364 nempe

93 3386 242 3454 bominem
265 3399 295 3452 et
315 3389 459 3463 Verbum,
483 3396 556 3451 tune
575 3388 681 3451 Filium
703 3391 810 3452 laetum
831 3387 926 3450 luisse
948 3395 1067 3467 putant,
1090 3405 1157 3450 oum
1178 3389 1257 3454 inter
1279 3407 1314 3450 se

5 3529 41 3546 -.
92 3491 218 3570 eepulati
243 3501 323 3554 sunt.
366 3491 421 3552 Alii
444 3500 541 3554 autem
562 3492 751 3564 arbitrantur,
773 3491 870 3572 ipsum
892 3489 1022 3552 Verbum
1043 3497 1115 3554 tune
1134 3489 1240 3555 Filium
1266 3491 1312 3556 la-

92 3599 166 3655 etum
189 3613 272 3669 esse,
294 3613 361 3656 curn
382 3594 474 3655 home
496 3595 592 3656 laetus
615 3602 676 3668 est3
699 3592 844 3673 siquidem
867 3611 902 3654 en
921 3591 1027 3666 Verbo,
1049 3591 1194 3670 inquiunt,
1217 3593 1312 3656 laetus

91 3703 135 3754 est
155 3695 267 3774 Filius,
297 3697 346 3776 qui
374 3705 461 3758 antea
488 3715 548 3757 non
570 3696 677 3769 Filius,
705 3695 758 3758 sed
788 3696 928 3758 duntaxat
948 3691 1075 3756 Verbum
1098 3702 1171 3760 eret.
1215 3693 1311 3770 Porro

90 3803 209 3876 uterque
235 3815 319 3860 error
342 3797 511 3860 Stoicorum
534 3805 589 3870 est,
611 3817 669 3878 quo
691 3805 722 3861 et
732 3779 813 3860 lleus
835 3797 951 3860 dilatari
971 3795 1080 3860 dieitur
1102 3803 1132 3856 et
1144 3795 1238 3860 Filius
1254 3815 1310 3858 ne-

91 3904 181 3972 gatur.
229 3897 318 3960 Valde
345 3909 444 3962 autem
466 3899 539 3961 illud
560 3899 692 3978 ineptum
715 3909 786 3973 est,
804 3897 884 3978 quod
911 3916 978 3960 oum
999 3897 1126 3960 Verbum
1149 3906 1312 3977 agnoscant

91 4005 118 4056 et
138 4001 309 4076 nominent,
339 4003 439 4082 ipsum
460 4001 564 4064 Filium
587 4021 656 4064 esse
677 4001 872 4082 inficiantur..
896 3999 1054 4064 Enimvero
1076 3999 1102 4062 si
1124 3999 1252 4064 Verbum
1274 4017 1311 4064 ex

123 4251 144 4300 d.
161 4255 201 4306 Sia
221 4271 278 4307 mes.
320 4239 476 4309 lu⁸editieno
502 4265 582 4308 antem
600 4257 673 4308 Com·
724 4263 821 4322 praeter
837 4256 991 4308 Felclmenni
1007 4255 1028 4307 1.
1065 4257 1090 4306 ln
1115 4255 1168 4305 aliie
1191 4263 1214 4305 et
1238 4255 1307 4303 editis

93 4319 143 4368 mel.
160 4316 213 4404 πρό
232 4326 309 4375 deest.
410 4395 414 4403 Ι
562 4393 566 4404 ,
724 4327 791 4392 deest
808 4318 846 4375 δέ.
1093 4393 1097 4404 Ι
1249 4382 1255 4396 1
1298 4380 1304 4396 1

124 4401 143 4434 0·
159 4403 213 4457 γαρ
238 4395 306 4443 abest
329 4392 434 4444 allastl.
459 4402 482 4444 et
499 4393 605 4456 englis,
649 4395 673 4444 ui
756 4407 778 4454 g.
796 4391 853 4454 lleg.
872 4392 971 4455 Segoer.
989 4399 1013 4442 et
1030 4391 1151 4454 lnglrran.
1169 4381 1259 4445 ἐπειδη
1278 4381 1310 4436 ds

93 4449 176 4514 lnettc.
195 4475 248 4511 mox
266 4461 338 4512 babet
364 4456 411 4509 καὶ
427 4453 464 4516 ὥς
481 4455 511 4512 δὲ
527 4454 615 4528 μονὰς
632 4407 672 4523 ἓν.
724 4453 758 4510 οἱ.
793 4461 873 4510 Ceteri
890 4469 914 4510 et
931 4459 988 4511 editi
1006 4451 1063 4508 ἐπεὶ
1080 4453 1109 4508 δὲ
1127 4450 1161 4506 ei
1256 4513 1264 4532 ,

126 4520 141 4569 l·
162 4527 200 4578 Sir
216 4530 273 4592 lieg.
298 4536 322 4580 et
340 4531 481 4594 Seguerinn·
505 4532 594 4596 altique
612 4544 671 4583 mse.
755 4528 780 4579 h.
798 4527 870 4578 basil.
889 4535 912 4580 et
923 4527 1014 4590 terlio.
1032 4515 1090 4578 alra
1108 4515 1291 4574 diversior.

1050 4609 1105 4660 to*
