3216 5048
247 309 311 375 M
651 324 677 368 ι.
692 321 846 368 mmm
861 321 1082 368 ικιατεωεουει

163 474 399 572 ο.σε.πρὸ“ζτοῦ
419 495 461 558 με
484 472 597 539 ίλθείν
619 471 706 558 πρὸς
726 473 765 538 ολ
787 469 834 550 είς
848 472 1035 557 Αἴγυπτον,
1059 469 1135 556 έμοί
1150 471 1243 552 τίσιν,
1264 467 1407 562 Ἐφραίμ
1420 476 1483 544 καὶ

245 577 438 664 Μανασσῆς
446 578 476 656 “),
497 571 555 640 καὶ
572 568 595 660 ἦ
616 572 727 661 γραφὴ
749 573 786 640 δὲ
808 569 887 659 περὶ
906 575 965 638 τοῦ
978 567 1050 658 ’ίιάγί
1063 594 1182 661 φησιν·
1205 573 1353 661 ίγένσντο
1367 571 1481 666 ἀάτῷ

245 679 314 744 υίοί
337 675 424 744 ἑπτά
445 676 499 742 καί
521 679 703 760 θυγατέρες
723 677 850 760 τρείς’),
875 669 984 761 ιὶίςπερ
1006 679 1060 740 καί
1079 677 1208 762 Μωσῆς
1230 677 1357 766 εἴρηκεν
1379 679 1415 746 ἐν
1428 683 1480 767 τῷ

247 777 355 864 νόμῳ·
378 777 435 846 ίάν
457 778 494 844 δὲ
515 781 673 862 γένωνται
694 801 760 842 τινι
782 776 859 855 υίοί,
882 787 954 843 καί·
977 775 1034 844 έάν
1056 776 1182 866 ποιήιη]
1205 777 1287 846 υίόν.
1329 815 1332 824 ·

333 887 363 948 5.
404 875 484 946 ’1δοὺ
507 877 611 946 πάλιν
631 877 709 956 τοὺς
729 883 947 965 γεννηθέντας
969 874 1014 957 ὥς
1033 885 1229 964 γενομένους
1241 881 1296 946 καὶ
1312 885 1482 968 ποιηθέν-

159 998 238 1043 τιατ.
247 1005 308 1061 τας
337 980 518 1068 εἰρήκασιν,
550 979 674 1060 είόότες
696 977 749 1047 ὅτι
772 981 834 1058 έως
855 976 1095 1066 ὁμολογοῦνται
1116 981 1220 1060 1ὀίοί,
1242 975 1303 1070 κᾷν
1325 983 1402 1070 λέγι]
1424 1007 1480 1062 τις

248 1083 397 1169 ίγένσντο
425 1077 448 1168 ἢ
472 1081 657 1170 έκτησάμην
684 1076 706 1169 ἢ
733 1081 891 1170 ἐποίησα,
922 1076 1017 1150 οὐδὲν
1041 1083 1201 1170 διαφέρει.
1245 1079 1350 1170 ἡγὰρ
1373 1082 1480 1171 φύσις

244 1187 301 1252 καί
322 1181 343 1273 ἦ
366 1177 511 1271 ἀλήθεια
533 1185 619 1251 ἕλκει
639 1182 698 1268 τὴν
720 1183 871 1250 διάνοιαν
894 1183 941 1263 είς
963 1183 1090 1269 ἑαυτήν.
1135 1183 1265 1250 διὸκαὶ
1289 1184 1376 1270 πρὸς
1396 1181 1481 1264 τότἰς

246 1287 438 1374 ζητοῦντας,
470 1285 500 1353 εἰ
520 1292 657 1370 ίκτίσμα
684 1287 739 1351 καί
761 1284 893 1372 ποίημά
915 1283 1004 1352 ἐστιν
1026 1280 1046 1350 ό
1067 1284 1194 1371 κύριος,
1225 1285 1286 1373 χρὴ
1309 1285 1477 1372 πρότερον

246 1387 364 1476 ζητεῖν,
388 1386 419 1453 εἰ
440 1385 512 1466 υίός
532 1387 606 1454 ἔστι
625 1387 680 1452 καί
703 1384 800 1472 λόγος
820 1383 876 1452 καί
898 1393 1019 1474 σοφία·
1042 1384 1168 1453 τούτων
1190 1387 1252 1475 γάρ
1275 1384 1479 1455 ἀποδεικνυ-

244 1495 353 1575 μένων
380 1487 573 1574 ἐκβάλλεται
601 1483 704 1566 εὐθὺς
730 1486 786 1554 καί
813 1486 957 1554 παύεται
985 1482 1107 1574 ἡπερί
1127 1490 1187 1554 τοῦ
1208 1487 1398 1574 ποιήματος
1417 1493 1476 1557 καί

244 1597 425 1676 κτίσματος
451 1585 614 1670 όπάνοια,
643 1587 807 1674 οὔτεγὰρ
834 1587 874 1653 τὸ
902 1594 1033 1675 ποίημα
1059 1588 1131 1669 υίὸς
1151 1592 1205 1656 καί
1228 1590 1326 1676 λόγος
1348 1585 1390 1658 ἂν
1410 1591 1477 1679 εἴη,

244 1690 321 1762 σάτε
343 1687 362 1758 ά
384 1690 456 1771 υίὸς
477 1697 608 1777 ποίημα
627 1684 688 1758 ’άν
710 1690 770 1777 εἰἠ.
808 1689 935 1756 τούτων
957 1689 994 1756 δὲ
1015 1689 1118 1757 πάλιν
1139 1687 1247 1770 οὕτως
1267 1688 1382 1773 ὄντων,
1406 1715 1479 1781 φα-

243 1794 322 1880 νερὰ
343 1796 450 1860 πᾶσιν
471 1787 654 1871 ἀπόδειξις,
678 1786 724 1868 ὥς
744 1786 764 1876 ἦ
788 1791 874 1870 λέξις
895 1786 915 1874 ἡ
939 1792 1080 1876 λέγουσα
1100 1795 1148 1879 τῷ
1169 1792 1352 1880 ποιήσαντι
1373 1791 1479 1862 αὐτὸν

244 1892 304 1962 οόκ
325 1895 372 1973 είς
394 1891 508 1981 όνησίν
530 1892 601 1960 ἐστι
623 1893 662 1979 τῇ
685 1892 812 1976 αἱρέσει
833 1886 958 1971 αὐτῶν,
982 1887 1068 1959 ἀλλὰ
1088 1895 1215 1978 μάλλον
1237 1895 1286 1975 είς
1306 1895 1479 1982 κατάγνω-

241 2019 307 2065 σιν.
352 1996 516 2063 όέόεικται
536 1993 598 2081 γάρ
621 1988 675 2059 ότι
695 1987 714 2078 ἡ
736 1995 796 2058 τοῦ
818 1991 956 2080 έπσίησε
978 1994 1066 2074 λέξις
1086 1997 1140 2062 καί
1163 1995 1223 2063 έπλ
1243 1999 1310 2063 τῶν
1331 2001 1479 2084 γνησίων

229 2098 299 2167 -νιαὶ
320 2097 421 2188 φύσει
441 2103 562 2166 τέκνων
584 2095 619 2163 έν
640 2096 680 2182 τῇ
700 2099 783 2181 θείᾳ
798 2103 923 2162 ’κεῖται
936 2098 1063 2183 γραφῇ·
1087 2091 1170 2164 ὅθεν
1183 2101 1244 2164 τοῦ
1257 2105 1372 2184 κυρίου
1386 2093 1480 2166 άπσ·

243 2201 452 2286 δεικνυμένου
475 2196 576 2286 φάσει
596 2194 653 2262 καί
672 2203 808 2284 γνησίου
833 2195 917 2272 υίοῦ,
940 2195 1038 2282 λόγου
1052 2200 1107 2263 καί
1122 2205 1246 2288 σοφίας
1258 2201 1316 2265 τοῦ
1330 2198 1474 2283 πατρός,

244 2299 305 2390 κᾷν
333 2303 467 2390 λέγηται
489 2293 540 2368 ἐπ’
566 2293 667 2366 αάτοῦ
688 2296 728 2364 τό
750 2292 950 2385 έποίησενῆ
971 2296 1027 2363 ’τό
1050 2297 1178 2384 ἐγένετο
1185 2351 1193 2380 ,
1216 2294 1273 2382 οὐχ
1301 2293 1346 2376 ὥς
1367 2298 1473 2382 ποιή-

243 2427 349 2488 ματος
378 2401 475 2483 όντος
496 2399 598 2470 αὐτοῦ
621 2402 764 2486 λέγεται,
795 2392 864 2464 ἀλλ’
890 2392 1085 2486 ἀδιαφόρως
1106 2404 1146 2488 τῇ
1168 2401 1254 2482 λέξει
1272 2402 1414 2487 χρῶνται
1436 2397 1471 2464 οἱ

245 2500 351 2588 άγιοι,
387 2499 433 2580 ὥς
461 2503 518 2569 ἐπὶ
547 2504 606 2567 τοῦ
628 2501 825 2585 Σολομῶνος
846 2501 901 2592 καί
922 2502 989 2566 τῶν
1009 2494 1146 2583 Ἐζεχίου
1168 2507 1304 2570 τέκνων·
1332 2498 1473 2586 καὶγὰρ

244 2605 299 2667 καί
328 2598 437 2668 αάτῶν
464 2598 689 2687 γεννησάντων
711 2598 747 2678 ἐξ
768 2599 893 2666 ἑαυτῶν
914 2606 1096 2688 γέγραπται
1117 2600 1262 2688 ἐποίησα
1282 2607 1356 2669 Ικαί
1379 2602 1475 2688 emy-

243 2698 353 2790 σάμην
374 2704 428 2768 καί
451 2701 589 2788 ἐγένετο·
629 2695 745 2767 οὐκοῦν
766 2699 970 2769 τὰτοιαῦτα
991 2701 1131 2784 λεξιίάια
1150 2702 1312 2779 πολλάκις
1331 2721 1473 2786 προφα-

244 2801 420 2890 σισάμενοι
440 2804 475 2870 ολ
494 2801 661 2887 θεομάχοι
682 2795 858 2891 ὀφείλουσι
878 2797 938 2890 κᾷν
961 2797 1027 2890 όψί
1048 2825 1131 2871 ποτε
1152 2801 1186 2870 ln
1204 2803 1272 2870 τῶν
1289 2801 1473 2890 εἰρημένων

244 2900 448 2974 ἀποθέσθαι
475 2904 534 2993 τὴν
562 2901 665 2992 ἀσεβῆ
694 2903 870 2992 φρόνησιν,
899 2903 955 2972 καί
984 2909 1149 2994 φρονῆσαι
1175 2902 1335 2990 περὶτοῦ
1357 2909 1475 2990 κυρίου

244 3004 299 3076 ὅτι
320 3006 391 3090 οἷός
412 3003 524 3077 ΙΙέότιν
546 3002 717 3095 ἀληθινός,
741 3004 838 3092 λόγος
851 3005 908 3072 καὶ
922 3011 1028 3094 σοφία
1041 3005 1253 3093 τοῦπατρὸς,
1276 3000 1315 3073 οὗ
1330 3011 1472 3093 ποίημα,

234 3105 281 3178 οὗ
310 3119 440 3198 κτίσμα.
487 3110 517 3180 εί
541 3109 604 3198 γάρ
632 3105 762 3196 ποίημά
784 3106 874 3174 ίστιν
896 3102 915 3172 ὃ
937 3106 1022 3187 υἱός,
1053 3107 1089 3176 έν
1110 3115 1200 3196 ποίῳ
1222 3107 1288 3195 ἄρα
1309 3105 1396 3194 λόγῳ
1417 3109 1473 3173 καὶ

241 3211 290 3279 ἰέν
319 3220 403 3301 ποίᾳ
433 3221 538 3301 σοφίᾳ
559 3217 689 3297 γέγονεν
711 3204 828 3290 αάτόςς
861 3207 1055 3295 πάνταγὰρ
1077 3209 1121 3276 τὰ
1141 3209 1314 3296 ποιήματα
1335 3208 1393 3276 όιά
1412 3213 1474 3274 τοῦ

243 3313 342 3398 λόγου
363 3317 418 3380 καὶ
441 3317 500 3397 τῆς
522 3315 645 3398 σοφίας
666 3314 793 3394 γέγονε,
816 3310 933 3389 καθώς
954 3315 1152 3397 γέγραπται·
1176 3311 1287 3379 πάντα
1309 3309 1343 3378 ίν
1366 3314 1474 3395 σοφίᾳ

242 3411 444 3498 ἐποίησας’),
467 3417 539 3476 καί·
560 3406 673 3475 πάντα
696 3403 736 3476 δι’
761 3405 862 3476 αὐτοῦ
885 3410 1021 3496 ἐγένετο,
1044 3412 1101 3479 καί
1112 3412 1215 3501 χωρίς
1229 3407 1329 3483 αάτσῦ
1345 3410 1473 3496 ἐγένετο

244 3505 322 3578 οὐδὲ
344 3511 417 3590 ένί).
464 3509 495 3576 εί
523 3508 560 3576 δὲ
582 3503 682 3588 αάτός
704 3509 793 3579 ίστιν
816 3507 835 3577 ό
857 3510 954 3598 λόγος
975 3515 1029 3580 καί
1051 3511 1070 3602 ἦ
1093 3519 1215 3599 σοφία,
1239 3513 1274 3580 έν
1295 3501 1316 3600 ᾗ
1337 3509 1472 3578 Ιιπάντα

240 3617 376 3698 γίνεται,
405 3603 463 3676 οὐκ
491 3607 557 3698 άρα
584 3613 651 3678 τῶν
672 3619 881 3697 ποιουμένων
909 3613 998 3682 ἐστίν
1020 3611 1098 3681 σῦόέ
1121 3609 1208 3693 όλως
1228 3618 1295 3682 τῶν
1317 3614 1471 3700 γενητῶν,

240 3709 326 3780 ἀλλὰ
346 3713 405 3780 τοῦ
427 3710 556 3798 πατρὸς
575 3717 724 3800 γέννημα.

310 3937 335 3998 ¹)
353 3939 440 3990 ειμι.
458 3935 501 3998 ιε,
519 3939 542 3987 5.
596 3935 621 3998 ι)
640 3937 689 3989 ιιι.
710 3938 733 3999 1,
752 3937 775 3987 ι.
829 3937 853 3998 ε)
872 3937 935 4004 μοι.
957 3938 1004 3990 ωε
1016 3937 1088 4002 [ιω.
1100 3937 1189 3998 ωιτη,
1207 3935 1249 3988 οι.
1290 3936 1316 3997 ι)
1335 3935 1472 3996 εοεαε.
1544 3911 1546 3914 ’

273 4090 294 4123 ο.
313 4073 418 4124 Folckm.
432 4073 455 4123 2.
474 4087 528 4124 cum
547 4073 618 4124 editis
636 4073 724 4122 omittit
741 4061 825 4136 αὐτῷ,
880 4084 945 4140 σμα.
982 4074 1034 4124 Mox
1058 4073 1156 4126 Gobler.
1176 4080 1200 4123 ει
1217 4071 1320 4121 Felckm.
1341 4070 1364 4118 1.
1382 4065 1475 4126 ζητεῖν

238 4143 303 4208 quod
322 4143 346 4192 in
364 4143 418 4192 aliis
437 4155 495 4191 ωτι.
514 4143 626 4192 omnihus
644 4141 739 4204 legitur.
774 4140 827 4190 λίσι
879 4132 895 4200 ἢ
913 4133 978 4195 υἱός.

236 4211 338 4272 Seguer.
357 4209 454 4261 Gohler.
473 4216 497 4258 ει
515 4209 619 4258 ίεΙεΙιω.
638 4209 658 4258 l.
678 4197 764 4273 ον”τπτρ
781 4201 827 4256 καὶ
912 4209 936 4259 d.
955 4210 1055 4272 Seguer.
1074 4210 1173 4261 Gobler.
1186 4216 1209 4258 εί
1224 4205 1328 4256 λἐίελσι.
1342 4203 1362 4253 1.
1380 4202 1474 4255 addunt

150 4266 155 4288 ⁸
237 4275 349 4338 μονῆς.
384 4277 427 4328 ,ιω
443 4285 468 4326 α
483 4275 540 4326 μου
560 4266 645 4340 ὥςπερ
664 4273 774 4334 ποιῇς.
878 4267 1021 4343 fixam,

270 4347 294 4398 b.
312 4347 413 4407 segner.
430 4335 459 4394 τί
474 4335 537 4392 υίοί.
573 4343 625 4392 Μαι
649 4343 784 4392 Felckmnn.
802 4343 828 4394 2.
912 4359 934 4395 ε.
961 4345 1058 4394 Gobler.
1086 4353 1111 4394 et
1137 4345 1275 4396 Felckmun.
1296 4342 1318 4392 ί.
1342 4333 1470 4390 καλεῖται.

237 4428 283 4480 pro
302 4405 437 4478 ίγένοντο,
457 4418 483 4462 τι
501 4413 524 4462 in
544 4411 597 4460 aliis
616 4410 771 4474 Ιιςίίοτωιε.
782 4413 826 4462 οε·
879 4412 954 4462 Paulo
972 4420 1029 4476 ροει
1046 4414 1148 4476 8ιςοετ.
1167 4400 1472 4474 Βερ.λ”είε1ιω.λ.φόσεε

235 4483 279 4533 het
297 4496 351 4531 ιοω
370 4481 425 4530 edit
445 4477 564 4530 Commel.
582 4469 696 4543 ἐγένετο.
877 4472 923 4526 καὶ
944 4473 1069 4542 γνησίου.
1113 4479 1159 4530 Alii
1183 4493 1239 4528 τωο
1263 4485 1288 4527 ει
1311 4477 1368 4526 editi
1388 4467 1473 4541 φάσει

272 4561 293 4599 τ.
310 4549 375 4610 λος.
400 4554 425 4599 εί
446 4547 552 4600 ΙίΙτΙιω.
571 4547 595 4598 5.
614 4547 721 4613 ποίημα
739 4537 755 4606 ἢ
772 4538 827 4594 ντί·
876 4539 1000 4612 γνησίου.
