3220 5046
243 217 303 280 1¹16
636 231 662 274 ε.
678 230 831 276 nmen
845 229 1069 276 ιιστιεειεεοει
1122 267 1126 276 .

153 399 230 444 μου.
237 378 375 466 χρόνους
403 383 617 465 σημαίνοντες
644 375 700 444 καὶ
722 371 858 464 ἀλογίαν
878 375 958 464 περὶ
979 376 1036 444 τὸν
1058 377 1141 446 θεὸν
1164 377 1344 465 είςάγοντες
1365 380 1466 468 μεγά-

238 483 306 560 λως
327 476 514 565 ἀσεβοῦσιν.

326 589 375 648 15.
419 581 462 647 Εἰ
484 581 595 648 δὲκαὶ
616 579 655 646 τὸ
678 577 783 664 ὄνομα
803 583 863 647 τοῦ
886 579 959 646 οίοῦ
980 578 1084 647 πάλιν
1106 582 1383 668 συνομολογοῦσι,
1407 582 1466 652 διά

238 681 343 767 τὸμὴ
365 683 550 768 βούλεσθαι
573 686 724 769 φανερῶς
745 679 839 767 παρὰ
860 680 995 748 πάντιον
1018 681 1343 768 καταγινώσκεσθαι,
1365 682 1405 750 τὸ
1427 684 1464 751 δὲ

238 779 325 852 εἶναι
346 789 462 851 τοῦτον
483 787 542 872 τῆς
564 780 679 862 οὐσίας
699 786 758 850 τοῦ
780 781 908 870 πατρὸς
929 784 1018 850 ἴδιον
1039 789 1180 869 γέννημα
1202 779 1396 868 ἀρνοῦνται,
1419 780 1466 864 (ῦς

213 879 301 974 Ι’μὴ
330 889 510 972 δυναμένου
538 884 657 952 τούτου
685 879 771 952 εἶναι
801 888 902 971 χωρίς
927 889 986 972 τῆς
1006 884 1042 952 έκ
1063 888 1172 970 μερῶν
1193 885 1250 952 καὶ
1271 886 1464 972 διαιρέσεων

239 985 416 1068 ἀπονοίας·
450 981 545 1056 οῦδὲν
576 976 674 1072 ἧττον
702 985 806 1054 πάλιν
835 980 1013 1073 ἀρνοῦνται
1038 986 1084 1072 μὴ
1113 981 1199 1055 εἶναι
1219 989 1279 1072 μὲν
1302 985 1465 1076 ἀληθινὸν

238 1087 319 1170 νλάν,
343 1084 483 1175 ὀνόματι
503 1089 540 1156 δὲ
560 1087 663 1173 μόνον
685 1089 833 1175 λέγοντες
853 1087 935 1157 υἱόν.
966 1090 1041 1167 ποῦς
1063 1089 1100 1156 δὲ
1122 1082 1161 1156 οῦ
1184 1087 1391 1177 σφάλλονται
1405 1115 1465 1174 με·

237 1188 347 1276 γάλως
366 1193 444 1278 περὶ
465 1193 526 1258 τοῦ
548 1185 727 1274 ἀσωμάτου
748 1189 791 1257 τὰ
813 1190 975 1275 σωμάτων
991 1188 1243 1276 ἐνθυμούμενοι,
1264 1193 1318 1259 καί
1334 1190 1392 1258 διὰ
1405 1189 1464 1279 τὴν

237 1285 416 1360 ἀσθένειαν
442 1295 501 1378 τῆς
530 1291 618 1371 ἰδίας
646 1290 779 1380 φύσεως
799 1286 995 1380 ἀρνούμενοι
1014 1291 1054 1358 τὸ
1076 1291 1198 1380 Ι’φύσει
1218 1292 1273 1360 καὶ
1293 1293 1382 1361 ἰ’διον
1403 1295 1463 1360 τοῦ

237 1391 383 1479 πατράς,·
421 1390 493 1480 εῦρα
519 1392 581 1480 γὰρ
609 1388 729 1473 αὐτοὺς
757 1391 802 1480 μὴ
830 1395 988 1472 νοοῦντας
1009 1391 1066 1460 καὶ
1087 1396 1162 1472 πῶς
1183 1393 1273 1461 ἐστιν
1297 1390 1315 1460 ὁ
1337 1387 1462 1480 θεὸςῆ

236 1495 393 1575 ποταπός
414 1495 504 1563 ἐστιν
527 1491 545 1560 δ
568 1495 688 1582 πατήρ,
712 1489 893 1581 ἀρνεῖσθαι
913 1497 967 1562 καί
983 1490 1093 1574 αῦτὸν,
1110 1493 1186 1562 ἐπεὶ
1198 1494 1255 1562 καὶ
1268 1493 1308 1561 τὸ
1322 1500 1464 1581 γέννημα

236 1599 295 1664 τοῦ
317 1595 445 1683 πατρὸς
466 1595 503 1676 ἐξ
523 1596 648 1665 ἑαυτῶν
669 1598 846 1681 μετροῦσιν
869 1597 902 1663 οἱ
925 1594 1077 1684 άφρονες.
1123 1589 1192 1663 ἀλλ’
1217 1591 1322 1675 οῦτως
1343 1590 1463 1674 αῦτοῦς

237 1698 461 1780 διακειμένους
492 1697 548 1764 καὶ
579 1698 772 1782 νομίζοντας
798 1696 844 1784 μὴ
873 1696 1041 1765 δύνασθαι
1072 1692 1158 1765 εἶναι
1179 1697 1267 1764 ‘view
1295 1699 1355 1763 τοῦ
1378 1701 1461 1764 θεοῦ

238 1796 410 1882 οἰκτείρειν
430 1801 491 1883 μὲν
512 1787 621 1878 ἀξιον,
652 1798 777 1884 ἐρωτᾶν
801 1799 913 1866 δὲκαὶ
936 1801 1111 1886 διελέγχειν
1133 1793 1253 1878 αῦτοῦς
1274 1793 1461 1867 ἀκόλουθόν

152 1898 321 1980 Μιαέστι,
344 1899 427 1983 τάχα
447 1893 507 1988 κᾷν
529 1896 634 1980 οῦτως
656 1900 703 1979 είς
725 1901 887 1988 αἴσθησιν
910 1902 1067 1969 ῦέηίωσιν.
1112 1895 1141 1968 εί
1163 1896 1239 1968 καθ’
1256 1896 1341 1985 ῦμῦς
1355 1899 1391 1982 ἐξ
1405 1897 1463 1968 οῦκ

240 1999 344 2068 ῦντων
365 2000 474 2070 ιιἐστὶν
498 1998 515 2068 ῦ
537 2000 617 2081 οἷὸς,
630 2001 686 2069 καὶ
708 1997 767 2069 οῦκ
787 1992 827 2088 ἦν
849 2002 930 2090 πρὶν
951 2006 1110 2091 γεννηθῇ,
1134 2001 1269 2082 πάντως
1290 2025 1358 2069 που
1379 2001 1461 2070 κατὰ

237 2110 415 2187 μετουσίαν
444 2104 501 2172 καὶ
523 2100 623 2183 αὐτὸς
643 2104 715 2184 υίὸς
735 2103 793 2171 καί
812 2103 896 2184 θεὸς
916 2104 972 2172 καὶ
994 2111 1101 2192 σοφία
1123 2103 1262 2193 ἐκλήθη·
1292 2099 1378 2170 οῦιω
1400 2103 1461 2190 γάρ

237 2204 293 2272 καὶ
314 2205 356 2273 τὰ
377 2204 462 2274 ῦλλα
483 2205 595 2272 πάντα
616 2211 791 2293 σονέστηκέ
811 2230 848 2273 τε
869 2206 925 2273 καὶ
946 2202 1145 2292 ἀγιαζόμενα
1160 2205 1340 2286 δοξάζεται.
1371 2210 1462 2282 τίνος

236 2313 347 2375 τοίνυν
369 2307 441 2376 ἐστὶ
460 2314 607 2392 μέτοχος,
632 2307 739 2375 εἰπεῖν
761 2303 846 2390 ῦμάς
868 2301 998 2394 ἀνάγκη.
1029 2307 1071 2374 τά
1092 2309 1152 2393 μὲν
1173 2306 1234 2394 γάρ
1250 2304 1335 2372 ἀλλα
1350 2304 1461 2372 πάντα

235 2411 296 2474 τοῦ
317 2408 505 2493 πνεύματος
525 2415 661 2494 μετέχει,
685 2403 784 2487 αὐτὸς
806 2409 843 2475 δὲ
864 2405 929 2494 ἀρα
950 2403 1026 2476 καθ’
1051 2404 1135 2493 ῦμᾶς
1156 2415 1247 2488 τίνος
1268 2401 1309 2474 ἀν
1331 2407 1381 2494 εἴη
1403 2413 1461 2492 μέ-

235 2532 350 2592 τοχος,·
383 2513 441 2576 τοῦ
464 2509 669 2595 πνεῦματοςς
701 2508 757 2576 καὶ
788 2507 852 2597 μὴν
885 2503 966 2576 αῦτὸ
994 2509 1033 2576 τὸ
1062 2513 1193 2595 πνεῦμα
1220 2509 1346 2594 μᾶλλον
1367 2507 1461 2596 παρὰ

236 2612 296 2676 τοῦ
317 2611 390 2676 οἱοῦ
412 2610 587 2696 λαμβάνει,
621 2606 667 2690 ὡς
688 2605 789 2689 αὐτὸς
811 2611 918 2698 είρηκε
927 2615 965 2690 ¹),
999 2609 1055 2676 καὶ
1083 2608 1204 2696 άλογόν
1233 2609 1323 2676 ἐστιν
1352 2609 1460 2676 είπείν

235 2713 353 2779 τοῦτον
376 2708 576 2798 δγιάζεσίίαι
596 2708 674 2798 παρ’
692 2709 826 2780 ἐκείνου.
857 2705 973 2780 οῦκοῦν
988 2716 1047 2778 τοῦ
1062 2710 1190 2798 πατρὸς
1203 2716 1346 2794 μετέχει·
1361 2713 1460 2778 τοῦτο

235 2811 298 2898 γάρ
320 2813 472 2881 λείπεται
493 2812 548 2880 καὶ
569 2809 689 2899 ἀνάγκη
713 2814 826 2898 λέγειν.
857 2812 914 2880 καὶ
933 2820 968 2880 τί
988 2816 1087 2880 τοῦτο
1110 2811 1175 2900 ἀρα
1189 2806 1210 2900 ἢ
1225 2811 1336 2880 πόθεν
1352 2811 1458 2894 έστίν;

236 2913 266 2981 εί
286 2915 347 2999 μέν
369 2905 427 2981 οῦν
449 2915 575 2996 ἔξωθέν
598 2914 687 2982 ἐστιν
710 2914 892 3002 έπινοηθὲν
914 2914 1008 3002 παρὰ
1029 2917 1087 2981 τοῦ
1110 2913 1247 3001 πατρός,
1271 2907 1381 2981 οὐκέτι
1392 2911 1460 2980 πά-

236 3015 288 3082 λιν
309 3020 368 3082 τοῦ
391 3016 518 3103 πατρὸς
539 3021 698 3102 ’μετέχων
721 3011 761 3086 ἀν
784 3017 844 3104 εἰἠ,
868 3011 953 3085 ἀλλὰ
974 3020 1033 3083 τοῦ
1056 3018 1181 3096 ἐ’ξωθεν
1197 3021 1381 3101 χωομένου,
1404 3012 1460 3082 καί
1505 3059 1516 3064 -

236 3111 345 3184 οῦκέιι
377 3113 477 3198 αῦτὸς
506 3112 583 3186 οῦδὲ
612 3117 762 3206 δεύτερος
790 3117 885 3185 ἔσται
910 3118 1010 3201 ’μετὰ
1030 3117 1088 3183 τὸν
1110 3123 1254 3202 πατέρα,
1289 3116 1369 3199 έχων
1391 3114 1459 3200 πρὸ

236 3218 355 3286 ἑαυτοῦ
377 3219 491 3300 έκεῖνο,
515 3216 673 3287 οὐδὲτοῦ
695 3217 823 3303 πατρὸς
844 3216 915 3296 υίὸς
937 3213 977 3284 ἀν
999 3219 1147 3302 λεχθείη,
1171 3212 1239 3284 ἀλλ’
1264 3217 1396 3298 ἐκείνου,
1419 3206 1459 3282 οῦ

235 3317 292 3384 καὶ
311 3326 455 3402 μετέχων
476 3321 548 3398 υίὸς
568 3319 624 3386 καὶ
645 3317 727 3396 θεὸς
749 3318 881 3404 ἐκλήθη.
927 3317 956 3384 εἰ
978 3319 1014 3384 δὲ
1035 3321 1133 3385 τοῦτο
1156 3316 1285 3387 άτοπον
1305 3317 1360 3386 καί
1381 3315 1459 3386 ἀσε-

236 3423 306 3502 βές,
330 3418 480 3502 λέγοντος
500 3421 560 3503 μὲν
582 3422 642 3485 τοῦ
665 3418 808 3505 πατρὸς·
837 3409 933 3498 οῦτάς
955 3419 1045 3487 ἔστιν
1068 3416 1086 3486 ὁ
1109 3418 1180 3500 υἱός
1201 3444 1265 3507 μου
1288 3415 1306 3486 ὁ
1329 3414 1458 3508 ἀγαπη-

235 3517 336 3598 τός’),
372 3521 524 3605 λέγοντος
551 3521 587 3586 δὲ
614 3518 670 3586 καὶ
697 3523 757 3586 τοῦ
786 3520 859 3586 υἱοῦ
887 3526 1018 3608 πατέρα
1038 3522 1127 3589 λ’διον
1150 3517 1235 3590 εἶναι
1253 3519 1313 3588 τὸν
1335 3521 1457 3601 θεόν’),

235 3619 354 3710 ιδῆλον
389 3617 443 3688 ὅτι
475 3615 533 3688 οῦκ
566 3620 692 3701 ἔξωθεν
726 3615 794 3685 ἀλλ’
820 3620 855 3688 ἐκ
880 3625 939 3710 τῆς
961 3618 1076 3704 οὐσίας
1096 3627 1155 3690 τοῦ
1177 3622 1305 3710 πατρός
1326 3622 1398 3690 ίστι
1418 3622 1457 3694 τὸ

235 3720 459 3807 μεττχόμενον.
502 3725 602 3790 τοῦτο
632 3722 668 3788 δὲ
691 3720 793 3788 πάλιν
815 3721 872 3790 ἐὰν
894 3723 1004 3812 ἕτερον
1024 3715 1046 3814 ᾖ
1067 3725 1161 3813 παρὰ
1181 3724 1240 3812 τὴν
1261 3719 1376 3790 οὐσίαν
1398 3725 1456 3790 τοῦ

236 3823 319 3905 υίοῦ,
341 3823 380 3890 τὸ
403 3811 476 3892 ἲῦον
499 3821 627 3891 ἀτοπον
651 3819 843 3912 ἀπαντήσει,
866 3832 969 3910 μέσον
991 3827 1095 3895 πάλιν
1110 3823 1340 3911 εὑρισκομένου
1361 3823 1457 3892 1*τοῦ-

235 3947 294 3990 του
317 3925 352 3992 ἐκ
372 3929 431 3992 τοῦ
452 3925 580 4013 πατρὸς
601 3924 656 3992 καὶ
678 3929 736 4012 τῆς
759 3921 874 4007 οῦσίας
894 3931 953 3995 τοῦ
976 3928 1057 4010 υίοῦ,
1081 3925 1153 4016 ἥτις
1174 3933 1258 3994 ποτέ
1280 3927 1359 3994 ἔστι.

306 4116 329 4176 1)
348 4116 413 4166 loun.
434 4116 474 4176 16,
495 4115 533 4166 λέ.
603 4115 628 4174 2)
647 4117 727 4166 Μοιιο.
747 4115 772 4176 3,
792 4118 831 4167 17.
854 4119 892 4180 Π,
911 4119 934 4168 5,
1005 4117 1030 4175 3)
1048 4117 1114 4166 Ιοτο.
1133 4115 1158 4174 8,
1178 4114 1217 4162 54.

271 4264 294 4300 ι.
317 4250 358 4300 Sic
382 4249 521 4313 Seguerinn.
547 4249 602 4312 Ιίες.
629 4251 766 4302 ῦολίετίιο,
798 4261 823 4302 ει
908 4267 928 4300 α.
947 4249 1087 4310 Seguerian.
1108 4239 1169 4294 υἱὸν
1185 4244 1260 4296 θεοῦ.
1287 4247 1339 4297 Mox
1359 4247 1455 4300 Gohler,

237 4317 341 4368 Felekm.
354 4319 376 4368 ί.
410 4321 439 4368 λι
457 4319 496 4368 ulii
515 4325 538 4368 ει
553 4318 609 4367 editi
624 4310 665 4397 μή
683 4319 804 4368 ominum.
874 4327 898 4366 ει
916 4317 1018 4366 ίεΙεΙιτα.
1033 4317 1055 4365 1.
1072 4309 1119 4364 καὶ
1136 4306 1177 4362 ίλὲ
1212 4325 1254 4362 ειν
1271 4306 1377 4368 αῦτιάτ.

269 4385 293 4436 b.
311 4385 467 4448 SicSeguer.
501 4386 530 4435 λι
548 4387 604 4446 neg.
624 4378 822 4450 ιδιονκαίφῦ-
907 4385 931 4434 d.
949 4385 1093 4445 Ιο·8εραου.
1111 4383 1179 4432 deest
1210 4377 1277 4434 στίν.
1315 4383 1456 4436 Ιῒείελον.λ.

237 4462 287 4502 σει.
324 4455 369 4504 Alii
388 4461 411 4504 τί
429 4453 484 4506 editi
503 4449 589 4519 φάσει
606 4445 685 4504 ἴδιον.
874 4459 898 4500 ει
916 4451 938 4500 ῦ.
957 4443 1033 4500 έστλν
1051 4443 1065 4499 ὅ
1084 4443 1157 4504 δεῦε.
