2872 5046
165 217 190 262 8.
206 217 361 262 humanu
377 219 601 264 tacutnttscott
617 219 732 265 cotim
748 219 974 264 consumtum.
1119 206 1177 269 861

8 393 20 434 ι
47 389 140 435 num.
161 372 210 434 12.
234 369 314 452 puoch
342 369 376 431 cle
405 377 608 451 quaternitate
630 370 757 452 lepitur,
787 391 875 455 quam
897 390 916 432 a
939 368 1101 433 Catholicis
1120 383 1269 450 pransu.

8 478 103 536 sitate
135 471 243 534 induci
263 470 506 534 criminabantur
529 471 774 554 Apollinaristae,
799 474 901 536 eston
922 475 1072 534 sententia
1095 469 1186 532 hahe-

10 576 121 655 Epist.
134 574 175 635 aa
185 572 364 653 Epictetum
406 571 451 634 Nc
464 573 571 644 multa
594 577 624 634 si
644 577 694 635 assi
714 574 803 636 lihcat
825 573 901 636 auos
923 573 1073 636 ahocrsus
1089 570 1185 652 Apol-

8 681 101 738 rium
126 674 225 737 lihros
248 672 392 751 conserte
413 691 480 736 cum
502 675 577 736 aliis
587 675 747 738 Athanasii
760 675 903 755 operibus
917 678 1103 757 martineque
1119 691 1185 736 cum

8 777 102 840 stolis
128 775 169 838 acl
186 775 374 855 ²Iiptatetum
398 775 438 838 acl
458 775 637 855 Adelphium
659 786 687 838 et
710 775 951 847 ahMam'mum,
974 775 1094 839 totilla
1117 775 1183 838 loca

8 879 161 941 schendet
191 878 273 938 enter
303 893 335 937 sc
362 875 490 957 affinia,
522 887 559 939 ut
586 879 622 942 ah
652 877 752 940 codem
770 879 914 958 prosecta
935 880 1086 958 scriptore
1106 873 1185 940 nihil

8 985 94 1061 n'pat.
118 1007 125 1016 ·
143 977 278 1040 Secundi
298 976 373 1040 lrhri
392 996 480 1058 quam
497 981 597 1058 primi
614 973 788 1063 γνησιότης
808 981 908 1040 minus
930 981 963 1040 in
985 981 1185 1058 suspicionem

8 1087 42 1154 it,
68 1077 126 1142 se'd
148 1088 256 1142 neutcr
278 1096 389 1140 reuera
412 1080 530 1143 cluhius.
610 1133 615 1143 .
1128 1063 1130 1068 ¹

26 1181 92 1243 III.
142 1179 222 1244 Sane
239 1183 402 1260 punitatis
422 1181 544 1263 pridem
565 1179 727 1244 Athanasii
747 1179 834 1245 lihris
856 1199 911 1243 neo
932 1197 989 1242 suo
1012 1179 1078 1243 loco
1096 1185 1201 1261 posi-¹

23 1282 191 1364 difficilius
223 1282 287 1361 suit
313 1300 473 1361 pomoranos
502 1302 521 1344 a
550 1285 666 1364 spuriis
688 1277 906 1346 internoscere.
951 1280 1017 1343 Iam
1038 1299 1111 1342 oero
1132 1280 1188 1342 uhi

10 1403 154 1467 ecunoue
175 1381 364 1464 Apollinarii
385 1393 522 1465 spectant
545 1382 685 1446 haeresin
708 1380 1103 1466 consequenterlooautur,
1126 1383 1185 1442 mi-

8 1492 41 1548 is
78 1504 133 1573 res
162 1494 209 1547 est
226 1488 355 1564 ‚nspottt
403 1485 555 1578 Continuis
583 1489 662 1547 enim
683 1502 817 1566 semper,
852 1501 918 1546 cum
939 1501 1021 1546 nova
1042 1485 1185 1545 enan'tur

8 1590 102 1657 rasis,
127 1603 210 1648 nova
230 1589 302 1648 ilem
322 1587 417 1648 oerha
438 1605 590 1667 nouaspee
613 1591 778 1649 sententias
799 1589 881 1648 inter
903 1587 1102 1664 disceptantes
1123 1600 1183 1646 usu

8 1695 82 1750 ires
122 1687 228 1761 Quare
248 1685 295 1748 nil
314 1689 435 1761 mirum,
459 1691 540 1750 siin
558 1691 724 1769 postremis
748 1687 826 1748 hisco
839 1695 947 1749 contra
958 1683 1185 1765 Apollinarium

8 1789 142 1852 :sattius
165 1788 310 1868 praedant
332 1788 498 1850 insolenter
516 1790 595 1850 tlicta
617 1792 825 1870 reperiantur.
874 1786 959 1860 Quae
982 1797 1081 1848 tamen
1103 1784 1184 1847 hunsl

14 1887 120 1954 multa
143 1899 225 1951 sunt.
269 1887 309 1951 ht
331 1893 360 1950 si
378 1892 467 1952 initio
486 1892 585 1970 primi
604 1899 714 1953 contra
734 1887 960 1970 Apollinarium
983 1887 1057 1949 lton
1076 1904 1185 1950 accur-

8 2003 27 2054 ιι
58 1987 229 2060 nonnulla,
258 2008 333 2070 puae
362 1990 524 2052 Athanasii
554 1991 692 2070 sortasse
722 1991 879 2052 dictionem
905 1995 1005 2051 minus
1034 1979 1183 2068 raserint,

8 2095 41 2156 la
77 2093 148 2155 hinc
180 2091 318 2166 rosetus
347 2094 533 2153 coniectura.
576 2091 800 2152 Aduertcnclunt
827 2093 907 2152 enim
927 2090 967 2151 aa
987 2091 1115 2150 amicum
1137 2089 1185 2150 hic

8 2195 158 2276 ponderi,
186 2195 239 2272 pai
259 2209 331 2253 suas
354 2209 421 2253 aum
442 2188 674 2270 Apollinaristis
697 2191 917 2269 disputationes
939 2187 1104 2258 Athanasio
1127 2205 1181 2249 re-

8 2305 139 2370 suerot;
168 2291 263 2372 pclare
291 2290 463 2352 rescrrhens
486 2291 587 2352 eadem
608 2292 644 2352 de
665 2308 700 2352 re
720 2290 907 2352 Athanasius
928 2307 991 2352 non
1006 2306 1079 2352 suas
1092 2289 1181 2352 meio

8 2403 72 2476 ipae
95 2391 284 2472 familiares,
315 2392 368 2454 secl
388 2393 479 2453 amici
498 2409 614 2474 quoque
635 2400 666 2453 et
686 2389 982 2473 Apottrnartnarun
1003 2408 1090 2454 uoces
1111 2407 1183 2452 sen-
1315 2435 1316 2440 η
1427 2419 1428 2436 .

8 2499 129 2574 tiaspstc
156 2501 305 2572 usurpat,
334 2493 413 2574 puoh
439 2493 508 2571 sere
534 2493 572 2575 fit
598 2497 681 2556 intur
703 2494 903 2574 or'sputantes.
947 2491 984 2554 tt
1005 2502 1105 2555 autem
1124 2491 1183 2554 'suh

8 2599 80 2658 tium
108 2603 228 2658 tantum
256 2601 426 2674 rampant,-
454 2597 488 2658 in
509 2594 759 2676 subsequentibus
782 2596 861 2656 enim
880 2611 983 2665 nemo,
1013 2598 1064 2655 aui
1083 2593 1183 2672 stylus

8 2699 122 2761 tanasii
140 2703 232 2758 notus
255 2697 305 2770 sit,
328 2713 391 2758 non
415 2696 584 2778 loquantum
605 2695 805 2760 Athanasium
826 2696 978 2757 advertat.
1051 2725 1056 2736 ·

45 2797 93 2858 tv.
138 2795 277 2876 &terum
298 2779 386 2876 quam
408 2801 494 2858 varie
517 2799 599 2858 circa
615 2795 729 2860 Christi
743 2791 911 2876 personam
932 2791 1076 2858 errarent
1090 2791 1185 2874 Apol-

8 2901 131 2968 aristae,
154 2913 299 2977 quamque
317 2913 431 2976 parum
451 2897 511 2958 sihi
528 2909 634 2962 mutua
660 2908 844 2968 constarent,
868 2898 950 2960 haud
970 2895 1064 2958 sernel
1085 2895 1130 2956 his
1153 2898 1185 2956 in

8 3001 51 3060 ris
79 3007 204 3059 enarrat
231 2996 427 3060 Athanasius.
471 2997 533 3060 Alii
559 3003 637 3068 anun
667 2997 793 3062 Verbum
817 2997 970 3077 putabant
997 2996 1063 3060 sola
1089 2999 1186 3076 specis

8 3117 86 3160 *nem
106 3101 294 3171 assumsisse,
317 3096 373 3159 alii
394 3115 516 3160 carnem
532 3099 687 3163 molestent
702 3108 731 3162 et
744 3101 911 3162 innectam
925 3099 1039 3178 siliqua
1054 3096 1184 3158 consulo-

8 3199 136 3264 mtialem
162 3197 288 3262 Verhunt
309 3201 454 3262 inoluisse.
498 3199 626 3263 hiemem
647 3218 721 3262 uera
745 3199 907 3262 humanam
927 3208 1032 3278 utpote
1049 3199 1183 3279 pcccatis

8 3302 107 3381 :lisque
135 3301 365 3389 capitationihus
396 3301 556 3364 obnoxiam
584 3320 603 3362 a
627 3300 721 3364 Verha
750 3313 915 3364 assumtam
941 3302 1061 3361 minshne
1082 3299 1179 3378 tuisse

8 3401 153 3484 pantanu
198 3421 273 3482 puae
312 3403 376 3481 snit
411 3401 704 3482 Apollinaristorum
740 3402 897 3466 hoermcos
934 3405 1023 3485 quasi
1056 3410 1180 3464 tessera.

8 3624 29 3666 te
58 3603 258 3666 acatholicis
286 3607 398 3684 urpcri
425 3615 596 3678 carnerunt,
627 3623 749 3668 carnem
771 3605 888 3668 Christi
906 3615 1033 3668 nostrae
1054 3603 1181 3667 solutilem

8 3725 29 3766 te
52 3716 136 3784 atquc
158 3721 197 3766 ea
218 3701 319 3764 Maria
340 3715 505 3768 assumtam
525 3706 720 3785 fatebantur,
743 3710 802 3768 inm
825 3710 955 3768 animam
975 3723 1105 3787 qnoque,
1128 3705 1213 3772 scor
1220 3726 1270 3770 sn.

8 3815 82 3868 stum
103 3807 286 3878 sensitivam,
311 3804 360 3866 acl
378 3815 414 3868 ut
435 3810 479 3870 ait
499 3804 610 3870 Snulm
632 3810 764 3868 animam
785 3805 942 3868 sitalem
928 3826 961 3868 m
985 3795 1104 3870 christo
1127 3806 1183 3869 ah-

8 3908 130 3974 ttehunt.
172 3903 326 3968 Hactenus
355 3907 389 3968 tle
411 3907 499 3969 libris
522 3919 630 3971 contra
651 3906 892 4000 Apollinarium,
921 3925 996 3990 quos
1015 3913 1181 3990 postremis

8 4011 123 4072 hauasii
141 4011 220 4070 uitas
242 4011 333 4070 annis
356 4003 549 4089 conscriptos
563 4019 718 4089 putamus,
742 4027 822 4072 anno
847 4013 1060 4082 οἱνσιϊον372..
1084 4020 1181 4089 atoue,

21 4117 110 4191 patet,
128 4120 200 4189 post
220 4108 387 4189 Epistolam
409 4109 450 4170 ad
463 4106 639 4190 Epictetum
662 4114 695 4174 in
717 4129 775 4192 pua
797 4127 920 4172 errores
936 4112 1084 4174 eiusmodi
1096 4112 1185 4189 quasi

8 4223 108 4275 straus
138 4209 292 4274 inauditos
320 4219 455 4274 recenset
477 4211 671 4274 Athanasius.
716 4209 780 4275 Iiac
810 4213 844 4275 de
872 4231 907 4275 re
934 4213 1036 4292 [usius
1066 4215 1097 4274 in
1119 4207 1227 4270 vita

8 4313 123 4374 'honorii
142 4313 183 4394 [p.
200 4311 393 4376 LXXXVIII.
418 4311 474 4376 ool.
492 4312 547 4390 2.].
577 4304 579 4310 ’
