3102 5042
518 209 664 252 arrsrous
679 211 700 252 ι.
714 209 752 253 sn
767 209 963 264 serarianas.
1162 209 1165 218 ·
1215 221 1218 228 ·
1283 199 1345 262 rto

116 361 184 443 quis
205 361 265 422 iam
293 357 339 420 vei
359 357 466 420 Titium
488 375 504 418 a
525 357 613 422 Patre
641 357 686 422 ret
708 357 851 440 Spiritum
878 359 990 421 aFilio
1020 371 1070 422 ant
1098 361 1134 423 ab
1164 363 1230 442 ipso
1258 365 1429 428 Patrensss.

117 481 258 544 separare
280 456 411 524 audeat?
433 457 478 520 rel
502 458 567 539 quis
590 479 627 522 eo
651 459 825 524 temeritatis
848 461 994 530 deveniet.
1017 471 1049 524 ut
1070 447 1224 526 dissimilis
1247 475 1277 528 et
1296 467 1343 529 di-

116 583 221 628 versae
242 570 365 624 naturae
388 560 563 622 Trinitatem
586 580 671 636 esse,
703 561 848 642 etiamque
875 581 893 624 a
913 549 1002 624 Patre
1023 563 1217 628 substantiam
1240 567 1346 630 Filium

116 665 238 739 haime,
260 681 295 726 ae
316 663 444 742 deniqne
468 661 613 742 Spiritum
633 663 709 726 Titio
732 673 885 726 externum
909 682 977 726 esse
998 665 1181 728 contendat?
1226 667 1345 748 Siquis

118 786 189 829 vero
211 783 317 828 rursus
340 762 518 836 soisdtetnr,
542 765 850 842 quonammodo-haee
865 783 934 827 esse
950 766 1076 846 possint,
1100 777 1132 830 nt
1154 769 1265 852 scilieet
1279 789 1345 832 enm

117 867 248 948 Spiritus
271 866 301 928 io
323 865 411 928 nobis
435 873 498 938 est,
525 865 618 928 Filius
649 867 679 928 in
707 866 795 928 nobis
819 885 887 930 esse
909 867 1037 942 dicatur,
1071 878 1101 930 et
1122 869 1258 932 similiter
1279 889 1345 933 eura

117 969 210 1031 Filius
232 969 264 1030 in
284 968 373 1030 nobis
396 975 453 1041 est,
475 967 562 1030 Pater
584 967 616 1052 in
637 967 725 1030 nobis
746 987 814 1030 esse
836 968 939 1031 itidem
961 969 1093 1044 dicatur,
1115 972 1160 1032 vet
1182 973 1345 1051 quomodo,

119 1089 187 1134 oum
209 1069 249 1132 sit
271 1069 417 1142 Trinitas,
448 1068 566 1130 inuno
596 1077 693 1132 tamen
722 1069 904 1149 significetur
926 1069 1072 1144 Trinitas,
1100 1075 1252 1151 quomodo
1273 1075 1346 1136 item

118 1191 185 1234 enm
208 1190 285 1235 nnus
308 1172 339 1233 in
362 1169 449 1236 nobis
473 1178 535 1244 est,
565 1171 695 1232 Trinitas
718 1171 748 1232 in
776 1167 863 1232 nobis
893 1189 960 1232 esse
988 1171 1046 1234 diei
1075 1182 1180 1252 queat,
1210 1175 1345 1255 quisquis

117 1275 237 1354 inquam
260 1274 299 1336 ita
321 1271 557 1351 interrogaverit,
581 1271 626 1334 vei
646 1271 730 1352 prius
751 1272 818 1351 ipse
841 1271 1063 1352 splendorema
1084 1273 1150 1336 lune
1171 1284 1202 1338 et
1223 1276 1345 1358 sapien·

118 1375 190 1437 tiam
212 1394 228 1435 a
250 1374 384 1454 sapiente
405 1373 532 1446 dividat,
565 1374 610 1434 vel
639 1373 790 1454 quomodo
818 1374 892 1436 hnoo
919 1375 979 1436 sint
1006 1375 1163 1438 edisserat.
1208 1378 1296 1451 Quod
1318 1381 1344 1442 si

118 1483 272 1556 praestare
293 1493 354 1536 nnn
376 1475 485 1548 valeat,
509 1475 602 1538 multo
625 1475 718 1554 magis
739 1474 813 1538 haee
835 1476 873 1538 de
886 1475 949 1538 Deo
972 1475 1123 1556 inquirere
1144 1498 1277 1542 summae
1297 1489 1345 1544 te·

118 1576 264 1638 meritatis
286 1585 316 1638 et
336 1577 469 1640 insaniae
492 1595 560 1640 esse
575 1577 724 1640 fatendum
740 1585 795 1640 est.
840 1578 993 1657 Siquidem
1008 1579 1156 1655 divinitas,
1178 1583 1220 1644 uti
1236 1582 1347 1646 dietum

118 1687 180 1753 est,
209 1696 271 1740 non
298 1679 480 1758 argumentis
507 1679 649 1752 traditur,
680 1679 734 1740 sed
763 1679 821 1740 fide
850 1695 906 1742 neo
928 1697 988 1742 non
1009 1681 1127 1744 ratione
1149 1703 1216 1746 oum
1237 1685 1346 1764 pietate

117 1779 284 1844 coniuncta.
329 1781 401 1844 Nam
425 1781 451 1842 si
474 1799 549 1862 quae
571 1781 608 1842 sd
630 1780 791 1844 salutarem
812 1799 931 1844 ornnem
952 1781 1119 1862 pertinent,
1151 1803 1213 1848 asoa
1241 1791 1273 1848 in
1294 1805 1347 1848 sa-

114 1887 231 1964 pientie
253 1881 345 1956 oerdr‘,
370 1885 422 1946 sed
443 1887 475 1944 in
499 1887 667 1946 ostensione
690 1888 819 1964 spiritus
842 1895 872 1946 et
887 1887 1012 1946 uirtutis
1034 1884 1214 1964 praedicarit
1226 1886 1346 1961 Paulus,

117 1996 147 2046 et
168 1985 284 2046 ossdioit
311 2003 428 2047 arroso
456 1984 549 2048 oerdn
577 1984 607 2046 in
629 1986 786 2064 paradiso,
816 2004 891 2066 guae
920 2003 983 2048 ason
1013 1985 1082 2051 lieet
1115 1987 1230 2050 domim·
1256 1989 1376 2080 toqui·

118 2085 185 2164 quis
213 2085 251 2148 de
278 2093 380 2148 saneta
409 2085 552 2149 Trinitate
579 2086 730 2150 disserere
758 2084 893 2166 poterit?
938 2086 1145 2149 Verumtamen
1173 2089 1345 2152 huiusmodi
1354 2109 1431 2154 roeo.

117 2187 272 2250 haesitatio
300 2205 367 2250 oum
394 2187 569 2268 praesertim
602 2188 659 2250 fide
696 2187 794 2250 sanari
822 2185 948 2266 poterit,
981 2196 1044 2248 tum
1072 2189 1160 2250 etiam
1188 2189 1346 2270 praedietis

118 2289 260 2369 exemptis
289 2289 443 2370 imaginis,
471 2290 657 2371 splendoris,
692 2289 799 2362 tontis,
829 2286 925 2361 fluvii,
958 2287 1141 2350 substantiae
1169 2297 1199 2352 et
1226 2291 1346 2370 figurae.

119 2391 373 2465 Quemadmodum
397 2393 475 2454 enim
498 2393 589 2454 Filius
612 2391 642 2453 in
661 2391 774 2472 Spiritu
797 2399 936 2470 tanquam
958 2390 989 2451 iu
1012 2389 1131 2472 propria
1147 2391 1276 2473 imagine
1290 2401 1346 2468 est,

118 2493 160 2554 ita
182 2501 212 2554 et
233 2493 320 2554 Pater
341 2494 371 2556 ia
393 2493 478 2556 Filio.
523 2495 641 2557 Seilioet
661 2493 759 2556 divina
780 2491 934 2573 Scriptura
964 2500 997 2554 ut
1026 2501 1160 2558 nostram
1188 2495 1345 2558 infirmita-

119 2601 179 2656 tens
200 2595 325 2670 levaret,
357 2613 411 2675 per
439 2615 527 2677 quam
549 2595 639 2659 nobis
660 2615 710 2659 res
733 2603 829 2658 tantm
852 2595 931 2656 haud
953 2594 1023 2662 ticet
1044 2597 1297 2676 comprehendere
1318 2607 1348 2657 et

118 2714 259 2758 mamone
287 2697 448 2778 explicare,
478 2697 566 2760 nobis
593 2699 653 2760 ista
675 2697 807 2778 exempla
830 2695 1082 2768 subministravit,
1111 2704 1145 2758 ut
1171 2697 1229 2758 hoo
1255 2697 1346 2758 modo

116 2805 241 2878 propter
260 2797 454 2878 petulantium
483 2800 637 2862 hominnm
660 2799 862 2861 infidelitatem
884 2798 1102 2878 simpliciuset
1123 2805 1204 2860 extra
1225 2797 1346 2878 perion-

117 2897 179 2960 lum
199 2899 238 2960 de
259 2901 307 2963 his
329 2901 410 2982 loqui
431 2919 603 2982 possemus,
625 2902 786 2981 tineretqne
808 2901 875 2962 sine
897 2897 982 2978 eulpa
1004 2917 1053 2962 res
1074 2901 1112 2960 ita
1134 2901 1241 2962 arduas
1256 2897 1346 2960 intel·

118 2994 225 3078 ligera,
255 3019 289 3064 ao
315 3003 442 3082 denique
470 3003 591 3066 credere
620 3021 707 3066 unam
739 3020 809 3064 esse
840 3001 1104 3062 sanctificationem
1126 3019 1162 3061 ex
1184 3001 1270 3061 Patre
1291 3015 1346 3076 per

120 3101 225 3164 Filium
247 3103 278 3165 in
301 3105 415 3186 Spiritu
437 3113 541 3168 saneto
563 3103 746 3185 productam.
790 3103 864 3164 Nam
896 3101 1147 3180 quemadmodum
1178 3099 1346 3178 unigenitus

119 3211 166 3266 est
185 3203 298 3280 Filius,
327 3207 371 3270 sio
391 3217 422 3268 et
443 3207 591 3287 Spiritus,
619 3207 670 3286 qrri
697 3204 810 3269 ai'iiio
838 3203 925 3264 datur
948 3211 979 3264 et
1003 3201 1146 3275 mittitur,
1176 3221 1254 3264 nnus
1275 3201 1346 3264 item

118 3417 230 3491 τριάδος
247 3437 288 3478 τις
304 3419 418 3487 ἐξειπεῖν
435 3417 596 3486 dordonam
614 3427 641 3476 tn
654 3427 703 3479 uo-
753 3425 809 3476 editi
836 3431 883 3474 art.
904 3416 938 3470 τά
963 3431 987 3474 et
1011 3414 1043 3470 ἵν’
1071 3425 1186 3474 omittant
1210 3423 1346 3490 habentque

117 3493 178 3544 bier.
197 3494 301 3544 Teietm.
316 3495 338 3543 1.
358 3495 462 3544 etBasil.
481 3507 524 3544 ror
541 3486 559 3541 ἆ
579 3488 704 3547 iusdsest.
754 3486 861 3544 ἔδωκεν.

119 3561 177 3610 item
197 3563 336 3612 Gohterian.
353 3571 376 3611 et
394 3562 497 3611 Tettium.
513 3561 533 3611 l.
553 3509 704 3622 ἔυνῆσετιιι.
791 3576 813 3623 g.
833 3561 873 3610 sio
892 3559 947 3622 fleg.
971 3559 991 3608 l.
1016 3559 1147 3622 otingiie.
1189 3559 1349 3611 treantes

117 3628 209 3690 ingiie.
227 3637 306 3678 aarum
326 3643 379 3679 enm
398 3629 504 3691 Regini.
523 3630 706 3693 Segnendssii.
759 3629 914 3678 Teiotsmsnui
930 3627 953 3676 2.
971 3619 1000 3683 ἐξ
1017 3613 1055 3686 ἧς.
1094 3629 1225 3694 Utrumque
1244 3629 1312 3679 abest
1335 3642 1348 3677 a

117 3689 241 3745 δύναται.
284 3697 335 3748 tior
361 3698 418 3758 fleg.
439 3697 460 3746 i.
485 3697 585 3760 Segner.
610 3697 707 3750 Gobier.
761 3697 860 3746 Gobler.
880 3703 903 3747 et
921 3695 1059 3745 Telctm.i.
1095 3696 1157 3746 Editi
1181 3712 1237 3746 vero
1261 3703 1285 3746 et
1308 3697 1348 3746 aiii

119 3771 144 3814 et
162 3764 267 3813 Fetetrm.
289 3766 310 3814 ι.
334 3760 504 3834 θεραπεύειν.
541 3767 587 3816 stti
611 3773 635 3816 et
652 3767 710 3816 aditi
761 3756 829 3824 ἑξῆς.
856 3763 930 3812 Panto
948 3762 1101 3826 postReg.i.
1116 3765 1350 3827 stSagnensshent

118 3829 297 3898 daemoniosae.
761 3825 791 3881 ἐκ
807 3822 913 3896 πατρὸς
929 3823 963 3878 δι’
982 3822 1051 3880 υἱοῦ.
1085 3832 1149 3882 Editi
1162 3833 1235 3884 statii
1253 3824 1283 3882 ἐκ
1299 3846 1350 3882 πα-

153 3901 177 3949 d.
197 3900 255 3962 iieg.
275 3900 297 3950 i.
316 3908 340 3950 et
358 3901 457 3962 Seguer.
476 3892 595 3965 φιμὶδέ
612 3906 657 3949 eto.
760 3891 888 3963 τρὸςιιαὶ
905 3889 974 3947 uiuri.
1009 3900 1068 3948 item
1094 3901 1135 3950 iid.
1160 3909 1183 3950 et
1201 3901 1273 3952 Basil.
1292 3901 1349 3951 ibid.

155 3983 178 4016 a.
197 3969 238 4017 Sic
256 3969 312 4031 Reg.
334 3969 357 4018 t.
374 3977 399 4018 et
416 3968 516 4030 Segner.
550 3966 595 4016 ttn
613 3981 669 4016 rere
687 3975 711 4018 et
760 3959 915 4032 γινόμενον.
943 3965 989 4014 sni
1007 3975 1030 4016 et
1048 3967 1104 4017 editi
1114 3961 1271 4035 γενόμενον.
1299 3969 1350 4018 Mor

55 4083 58 4088 .
120 4035 177 4086 editi
195 4029 290 4100 πατρί,
310 4036 353 4085 sed
372 4036 489 4085 mendosa
506 4034 646 4084 uteridsns
664 4043 709 4084 est.
761 4037 818 4084 item
837 4035 936 4096 Segner.
957 4033 1027 4084 Gabi.
1054 4043 1078 4084 et
1095 4037 1200 4086 Tetcitm.
1222 4038 1244 4087 ι.
1263 4037 1351 4086 habeut

118 4103 170 4154 Nee
187 4105 331 4152 enimPater
349 4103 392 4152 ssd
407 4103 512 4168 Spiritus
523 4102 709 4166 sanetusimago
759 4095 912 4168 proveravit·
930 4093 944 4148 ὃ
962 4093 1027 4154 uiris.
1062 4104 1106 4154 diii
1121 4113 1145 4155 et
1154 4105 1210 4156 editi
1227 4101 1351 4170 γέννημα

119 4177 158 4219 sst
176 4171 247 4230 Titii,
265 4179 291 4221 nt
308 4171 360 4234 ipse
379 4170 453 4220 Titios
471 4172 550 4231 imago
569 4177 606 4219 est
623 4169 710 4232 Patris,
759 4165 906 4236 μονογενὲς
923 4162 937 4216 ὁ
955 4162 1020 4222 υἱός,

119 4237 193 4301 idque
209 4241 302 4302 passim
321 4239 394 4290 docet
411 4239 436 4286 S.
454 4238 607 4288 Athanasius.
794 4239 819 4287 h.
838 4239 940 4296 verbnm
963 4231 1022 4286 ἐστι
1038 4241 1188 4290 restituimus
1205 4253 1233 4290 ex
1250 4239 1307 4299 iisg.
1327 4238 1350 4286 ι.

155 4306 171 4354 ι.
192 4305 232 4355 Sin
250 4305 338 4367 negt.
353 4307 454 4368 Segner.
472 4315 496 4354 et
507 4303 600 4368 Aegiis.
634 4305 710 4356 iidem
761 4305 903 4367 etSeguar.
939 4306 999 4356 ibid.
1018 4307 1100 4368 iidem,
1119 4309 1176 4370 neg.
1195 4305 1218 4356 2.
1237 4313 1260 4354 st
1278 4305 1350 4355 Basil.

120 4372 179 4434 aeg.
200 4373 223 4422 i.
246 4381 269 4422 st
286 4375 388 4436 Seguer.
415 4373 472 4423 ibid.
491 4367 614 4450 δέδωκεν.
651 4375 709 4423 item
761 4363 828 4420 αὐτὸ
853 4371 968 4439 πνεῦμα.
1015 4375 1060 4425 stit
1091 4383 1114 4426 st
1141 4375 1197 4424 editi
1227 4362 1294 4420 adst
1318 4365 1350 4420 τὸ

121 4432 463 4492 strennuissimus&
489 4453 582 4495 nurus.
617 4441 663 4492 atti
687 4449 711 4492 et
760 4439 875 4506 πνεῦμα.
1162 4469 1166 4476 -
