3054 5304
575 167 684 212 onarro
701 167 740 210 rr.
758 167 874 210 coortu
888 167 1022 212 annuos.
1334 153 1396 234 ptr

160 323 254 388 modi
275 323 393 398 dieitur,
415 317 639 398 intelligendum
661 325 718 393 est,
738 336 800 380 non
823 318 855 380 ei
872 327 1008 398 tanquam
1024 317 1166 397 indigenti
1180 317 1274 381 lmese
1288 319 1397 394 dawm,

162 427 227 489 sed
253 424 369 510 homini
396 422 573 504 peripsum
595 419 734 482 Verbum.
777 419 896 482 Etenim
917 419 1054 500 quisquis
1076 437 1133 499 pro
1155 419 1213 480 alio
1234 419 1397 496 intercedit,

40 567 45 578 ·
164 527 297 608 gratiam
319 525 386 606 ipse
408 523 525 605 ancipit,
547 539 609 584 non
631 539 688 602 qna
710 521 850 600 indigeat,
874 521 927 583 sed
949 517 1072 601 propter
1093 519 1185 594 illum,
1208 519 1292 582 cuius
1314 539 1398 584 causa

167 627 342 690 intercedit.

263 731 293 792 7.
337 726 482 790 Nimirum
510 723 761 806 quemadmodum
790 731 911 786 nostras
938 723 1125 786 infirmitates
1147 723 1213 804 ipse
1234 741 1295 784 non
1317 723 1398 784 intir-

168 848 244 892 mus
267 827 409 909 suscepit,
431 835 465 899 et,
483 826 606 890 esurivit
627 824 761 906 quamvis
783 843 846 886 non
868 825 1022 899 esuriens,
1044 833 1078 886 ut
1098 833 1203 886 nostra
1223 825 1304 887 l’atri
1327 825 1399 886 olfe-

171 949 249 992 rens
272 929 393 1002 deleret,
426 929 467 991 ita
488 947 544 1008 pro
567 927 789 989 infirmitatibus·
811 926 890 988 dona
912 945 928 988 a
951 925 1013 988 Deo
1036 926 1101 1006 ipse
1122 925 1237 1006 accipit,
1260 935 1292 988 ut
1312 926 1399 990 bomo

35 1059 36 1066 ε
171 1031 234 1112 ipsi
264 1032 439 1093 coniunctos
468 1031 576 1092 borum
603 1030 751 1110 particeps
782 1047 851 1092 esse
878 1035 976 1109 queat.
1021 1027 1097 1090 llino
1123 1027 1189 1108 ipse
1210 1027 1265 1090 ait:
1298 1027 1400 1092 Omnia

38 1191 39 1194 ,
171 1151 380 1216 quaeeunque·
391 1133 502 1195 dedisti
520 1131 596 1194 mibi
616 1132 684 1195 dedi
703 1135 755 1202 eis,
778 1137 808 1192 et
829 1131 951 1192 iterum:
971 1149 1031 1211 pro
1055 1135 1100 1193 eie
1121 1147 1207 1211 rogo.
1243 1127 1302 1190 Pro
1319 1129 1400 1194 nobit

172 1253 286 1316 nempe
307 1231 447 1312 rogabat,
466 1232 536 1305 bis,
560 1249 635 1312 quae
656 1240 760 1294 nosco
783 1241 870 1305 sunt,
887 1231 1057 1312 susceptis,
1086 1239 1116 1293 et
1136 1229 1223 1294 dabat
1245 1249 1320 1312 quae
1341 1233 1401 1313 ipse

173 1335 351 1415 accipiebat.
395 1333 544 1406 Quoniam
576 1329 784 1412 igitur‘llerbo
812 1333 970 1394 coniuncto
993 1351 1058 1394 cum
1081 1331 1201 1406 bomine
1222 1332 1311 1395 Pater
1332 1351 1401 1412 pro·

174 1443 246 1516 pter
268 1435 368 1515 ipsum
389 1433 518 1496 Verbum
540 1431 654 1496 bomini
676 1433 780 1509 dabat,
809 1443 843 1497 ut
870 1435 1049 1496 exaltaretur
1071 1453 1249 1518 omnemque
1271 1443 1401 1514 potesta-

174 1545 240 1599 tem
261 1535 385 1598 baberet
407 1544 437 1598 et
454 1535 509 1598 alia
525 1535 712 1610 huiuamodi3
734 1536 845 1598 idcirco
869 1537 967 1599 omnia
992 1535 1200 1598 adscribuntur
1220 1535 1278 1617 ipsi
1299 1535 1401 1613 Verbo,

174 1639 226 1700 cui
256 1647 285 1700 et
316 1637 405 1699 veluti
433 1637 542 1699 dantur
563 1655 754 1718 quaecunque
772 1627 833 1700 =tros
855 1656 910 1718 per
931 1638 1031 1718 ipsum
1052 1637 1223 1726 accipimus.
1267 1638 1305 1700 Ut
1327 1639 1401 1701 enim

175 1745 303 1820 propter
329 1757 387 1800 nos
415 1740 507 1802 bomo
530 1739 624 1801 lactus
647 1747 709 1812 est,
736 1738 776 1801 ita
798 1757 856 1801 nos
879 1749 1004 1821 propter
1025 1759 1092 1802 eom
1115 1741 1284 1804 exaltamur.
1328 1739 1402 1804 Nibil

175 1839 270 1920 igitur
299 1839 418 1902 absurdi
441 1849 504 1914 est,
539 1840 565 1902 ai
588 1841 835 1921 quemadmodum
858 1842 989 1922 seipsum
1011 1849 1135 1923 propter
1156 1861 1212 1904 non
1235 1841 1402 1918 humiliavit,

48 2017 51 2024 Ι
177 1940 221 2002 ita
250 1948 280 2002 et
306 1951 430 2023 prepter
458 1960 515 2004 nos
537 1942 657 2004 exaltari
679 1942 802 2004 dicatur.
845 1943 946 2022 ltaque
969 1945 1094 2007 donavit
1114 1943 1177 2014 illi,
1199 1943 1230 2004 id
1252 1950 1299 2004 est
1319 1944 1402 2005 nobie

133 2061 144 2082 r
176 2050 303 2124 propter
324 2042 438 2123 ipsum,
468 2051 498 2106 et
527 2043 694 2119 enoltooe‘t,
729 2042 761 2102 id
789 2051 921 2104 estnon
950 2044 981 2104 in
1009 2045 1087 2125 ipso.
1143 2041 1271 2104 Verbum
1304 2059 1402 2120 porro,

178 2161 245 2205 corn
267 2161 325 2205 nos
349 2145 527 2217 exaltamur,
550 2143 710 2222 accipimus
732 2149 763 2206 et
783 2142 966 2215 adiuvamur,
989 2145 1074 2222 quasi
1096 2143 1196 2222 ipsum
1218 2141 1402 2217 exaltaretur,

176 2246 325 2325 acciperet
352 2253 399 2306 est
427 2245 631 2316 adinraretur,
660 2242 769 2322 gratias
790 2243 851 2322 agit
872 2243 962 2316 Patri,
985 2253 1146 2322 nostraque
1178 2242 1210 2304 in
1242 2261 1276 2305 se
1307 2242 1402 2323 ipsum
1490 2293 1493 2305 .

183 2345 328 2406 transfert
351 2354 381 2403 et
402 2343 459 2404 ait:
495 2343 604 2405 Ornata
626 2359 819 2425 quaeeunque
840 2345 951 2407 dediati
968 2344 1044 2405 mili
1064 2344 1133 2406 dedi
1152 2346 1204 2407 eis.

136 2637 138 2641 ⁸
267 2647 296 2710 8.
340 2645 441 2708 Ariani
468 2644 591 2708 Eusebii
621 2645 755 2729 gregales
785 2663 851 2708 corn
873 2644 949 2706 Filio
977 2643 1155 2724 principium
1183 2643 1329 2708 existendi
1350 2646 1403 2708 tri·

181 2749 292 2820 bunut,
320 2747 461 2810 simulant
491 2766 526 2810 se
554 2747 634 2808 nolle
664 2765 730 2810 eum
753 2747 837 2826 regni
858 2745 1036 2826 principium
1057 2745 1177 2808 habero.
1220 2747 1308 2828 Atqui
1330 2747 1404 2812 istud

182 2847 338 2908 ridiculum
360 2848 466 2919 iberita
496 2847 644 2926 siquidem
674 2848 724 2927 qui
745 2847 821 2909 Filio
844 2848 894 2909 dat
915 2847 1061 2908 existendi
1083 2847 1278 2928 principium,
1311 2849 1404 2910 mani·

182 2947 260 3008 leste
273 2945 467 3026 principium
494 2965 614 3027 qunque
640 2948 784 3028 regnandi
811 2947 854 3009 illi
883 2947 949 3022 dat,
980 2966 1015 3009 ao
1041 2948 1168 3028 proinde
1190 2949 1308 3010 inundo
1330 2949 1404 3027 quod

183 3053 292 3126 regam
323 3065 357 3108 sa
391 3065 495 3109 menos
522 3047 582 3128 ipsi
610 3067 679 3111 esse
700 3049 839 3129 produnt
885 3050 944 3121 Qut
967 3048 1037 3133 iterp
1059 3049 1143 3110 aiunt
1163 3067 1279 3110 merum
1299 3067 1405 3112 nomen

183 3149 250 3210 Filii
279 3167 365 3222 esse,
393 3147 499 3222 Filium
528 3157 626 3212 antem
647 3150 700 3212 llei
728 3149 759 3212 id
791 3157 838 3212 est
858 3150 988 3212 Verbum
1009 3149 1107 3212 Patris
1129 3148 1261 3211 essentia
1283 3157 1314 3212 et
1335 3149 1405 3212 snb·

184 3250 292 3312 stantia
313 3268 436 3312 vacuum
460 3269 544 3325 esse,
574 3253 690 3331 lingunt
712 3269 746 3314 se
767 3252 911 3313 adversus
933 3251 1001 3313 illos
1024 3250 1187 3331 indignari,
1221 3249 1272 3330 qui
1293 3249 1405 3312 dicunt:

185 3349 252 3414 Fuit
280 3349 437 3431 aliqnando
465 3370 533 3414 cum
560 3370 623 3414 non
650 3360 740 3415 esset.
783 3353 873 3432 Atqui
895 3353 925 3414 id
948 3351 1037 3414 etiam
1058 3351 1215 3414 ridiculum
1237 3357 1293 3414 eet
1336 3350 1406 3413 Nam

150 3521 152 3526 .
184 3452 234 3532 qui
262 3451 345 3514 illum
376 3470 415 3515 ne
443 3472 514 3516 esse
541 3453 661 3534 quidem
683 3451 803 3528 volunt,
835 3454 893 3518 illie
915 3461 1110 3528 succensent,
1143 3452 1193 3532 qui
1215 3469 1284 3514 eum
1306 3451 1406 3514 saltem

185 3563 320 3633 temporo
352 3573 422 3616 ease
454 3556 629 3619 concedunt
674 3556 777 3636 ltaque
809 3555 840 3616 bi
869 3556 958 3618 etiam
985 3555 1165 3644 confitentur
1191 3553 1270 3634 quod
1293 3559 1407 3634 negant

187 3673 254 3730 cnm
273 3654 349 3717 alios
370 3657 604 3735 reprehendunt.
647 3656 806 3720 Praeterea
827 3656 1000 3731 Eusebiani,
1024 3657 1074 3736 qui
1096 3656 1202 3719 Filium
1223 3654 1407 3730 confitentur,

186 3774 253 3818 eum
286 3764 390 3818 natura
419 3756 547 3819 Verbum
576 3777 644 3820 esse
671 3765 796 3838 negant,
830 3758 953 3838 solaque
981 3757 1172 3836 cogitatione
1185 3755 1275 3818 Verbi
1303 3773 1408 3817 nomen

187 3855 259 3919 lilio
282 3857 387 3919 volunt
408 3856 542 3933 concedi,
564 3857 612 3922 alii
634 3877 722 3934 vero,
745 3859 795 3940 qui
817 3858 946 3922 Verbum
969 3858 1163 3932 confitentur,
1185 3865 1294 3938 negant
1314 3857 1408 3938 ipsum

186 4095 366 4189 ζταζιείνωσεν
394 4102 508 4166 ἑαυτὸν,
542 4099 629 4164 οὕτως
652 4103 699 4158 aul
732 4099 772 4158 δι’
826 4101 915 4190 ἀρχὴν
931 4098 1009 4190 clepa.
1031 4111 1107 4190 paulo
1122 4103 1334 4178 permagnam&
1352 4109 1410 4174 flete

187 4191 283 4262 ›tratas-v
639 4247 644 4256 ¹
707 4245 720 4256 ..
825 4173 952 4228 noceam
969 4193 1058 4246 αρχην
1075 4189 1121 4231 ete
1391 4207 1394 4220 ·

188 4246 303 4362 editissbcl
315 4245 408 4363 iiigstat
416 4244 564 4376 sibiieriiig
583 4247 694 4376 Singili:
695 4244 776 4363 ¹3:551!
859 4279 877 4330 l.
901 4279 941 4331 Sic
958 4281 1015 4342 lleg.
1033 4289 1058 4332 et
1075 4275 1174 4345 Seguen
1209 4279 1238 4329 tt
1256 4276 1297 4328 alii
1315 4285 1340 4330 et
1358 4277 1413 4330 editi

188 4377 277 4441 buglis.
302 4369 390 4446 ἀρχὴν
411 4378 461 4430 τοῦ
486 4369 565 4432 εἶναι.
607 4379 653 4432 llil
671 4389 695 4433 et
717 4381 774 4434 editi
825 4345 1034 4414 waratonem.

431 5009 440 5018 ,
