3176 5058
243 305 255 324 1
282 261 331 324 50.
640 251 648 270 '
681 271 708 314 s.
723 271 1113 316 ιτειυιειιιυευιεειειοει

194 426 338 489 mco&
360 421 469 508 λόγου,
493 415 598 498 οῦτως
621 415 745 496 εἰκόνος
766 410 867 484 αῦτοῦ
890 413 985 497 όντος
1006 417 1040 485 ἐν
1063 411 1151 505 αότηῦ
1174 413 1311 502 ἐκτίσθη
1323 418 1369 486 τὰ
1382 418 1510 487 πάντα.

279 521 384 602 οῦτως
407 525 443 590 όέ
464 545 516 598 τις
537 521 615 606 περί
636 521 695 586 τοῦ
717 525 829 604 κυρίου
852 518 1093 604 διανοούμενος,
1117 513 1154 586 οῦ
1177 518 1364 606 προςκόψει
1383 523 1433 607 τῷ
1457 521 1510 588 λέ-

277 631 333 710 θιμ
356 626 415 690 τοῦ
438 619 690 707 πρσςκόμματος
699 623 735 700 ¹),
760 614 844 686 ἀλλὰ
864 620 990 704 μᾶλλον
1012 619 1212 706 πορεύσεται
1233 618 1319 705 πρὸς
1339 621 1399 706 τήν
1422 622 1509 706 λάμ-

278 739 342 812 ψιν
364 729 535 790 κατέναντι
555 725 613 788 τοῦ
637 719 748 809 φωτός
767 725 827 806 τῆς
849 715 1025 809 ἀληθείας·
1047 724 1145 786 τοῦτο
1167 719 1228 806 γὰρ
1245 717 1347 799 όντως
1361 720 1432 788 ίστί
1448 725 1508 810 τῆς

279 821 460 912 ’ἀληθείας
491 822 530 890 τό
567 821 733 911 φρόνημα,
769 817 837 910 κᾷν
857 822 1080 909 όιαῤῥαγῶσιν
1109 811 1203 887 οῦτοι
1230 822 1505 908 φιλονεικοῦντες,

278 925 362 1014 μήτε
383 923 440 991 τόν
461 923 543 992 θεὸν
565 923 752 1010 σεβόμενοι,
782 922 865 1012 μήτε
885 921 963 1002 τοὺς
985 922 1107 989 ἐκτῶν
1129 918 1332 1002 ἀποδείξεων
1354 920 1507 1010 ἐλέγχους

281 1025 520 1116 ἐντρεπόμενοι.

366 1135 413 1196 18.
463 1129 504 1196 Οἱ
530 1129 590 1213 μὲν
614 1116 671 1193 οῦν
693 1128 771 1212 περὶ
793 1119 954 1210 Εῦσέβιον
977 1122 1082 1204 οῦτως
1103 1123 1328 1208 ἐξεταζόμενοι
1348 1123 1425 1191 τότε
1446 1125 1506 1191 διὰ

278 1232 412 1298 πολλῶν
433 1233 487 1297 καὶ
509 1228 722 1316 καταγνόντες
744 1227 880 1306 ἑαυτῶν,
903 1225 995 1294 καθά
1016 1238 1192 1312 προεῖπον,
1217 1222 1425 1313 ἀπέγραψαν,
1447 1229 1504 1292 καί

276 1330 491 1419 μεταγνόντες
512 1327 678 1420 ἠρέμησαν
699 1332 754 1396 καί
777 1324 993 1416 ἀνεχώρησαν.
1038 1327 1154 1415 ἐπειδὴ
1178 1317 1323 1395 δὲοῦτοι
1338 1327 1505 1394 νεανιευό-
1570 1323 1571 1332 ’

275 1459 370 1520 μενοι
391 1439 465 1512 ταῖς
488 1427 655 1518 ἀσεβείαις
676 1432 729 1496 καὶ
753 1430 1020 1508 σκοτοδινιῶντες
1042 1432 1118 1514 περὶ
1141 1428 1199 1513 τὴν
1221 1423 1384 1518 ἀλήθειαν
1406 1425 1503 1496 οὐδὲν
1570 1431 1571 1500 ξ

277 1537 387 1622 ἕτερον
409 1531 430 1620 ἢ
451 1537 641 1620 κατηγορεῖν
663 1529 721 1617 τὴν
744 1529 882 1597 σόνοόον
904 1530 1136 1617 ἐπιχειροῦσιν,
1161 1529 1350 1598 εἰπάτωσαν
1372 1526 1452 1618 ἡμῖν
1469 1531 1504 1598 ἐκ
1570 1529 1571 1546 ἰ

276 1644 386 1702 ποίων
417 1631 510 1700 αῦτοί
540 1635 677 1720 γραφῶν
703 1630 884 1715 μαθόντες,
914 1627 935 1719 ή
962 1631 1055 1717 παρὰ
1083 1638 1172 1711 τίνος
1191 1635 1258 1698 τών
1280 1627 1382 1716 άγίων
1404 1628 1504 1698 ἀκοά-

277 1759 408 1814 οαντες,
438 1733 732 1818 συμπεφορήκασιν
761 1732 891 1811 ἑαυτοῖς
913 1733 1071 1819 ῥημάτια,
1101 1731 1139 1798 τὸ
1163 1733 1198 1812 ἐξ
1219 1727 1276 1798 οῦκ
1298 1729 1418 1813 όντων,
1446 1736 1502 1798 καλ

278 1833 336 1902 οῦκ
357 1825 396 1920 ἦν
418 1837 497 1920 πρίν
518 1837 676 1920 γεννηθῇ,
705 1835 759 1898 καί
791 1831 831 1897 τό
859 1823 897 1918 ήν
920 1857 1005 1900 ποτε
1032 1829 1088 1900 ότε
1111 1829 1168 1899 οὐκ
1190 1823 1244 1920 ἦν,
1273 1835 1326 1898 καί
1349 1832 1388 1898 τὸ
1409 1837 1503 1918 1’τρε-
1570 1913 1571 1932 η

277 1935 373 2016 πτόν,
396 1939 449 2001 καί
471 1935 510 2000 τὸ
533 1933 768 2020 προϋπάρχειν,
792 1935 845 2000 καί
868 1933 906 1998 τό
928 1933 1108 2022 θελήματι,
1133 1935 1166 2000 ἐν
1189 1930 1240 2012 οἷς
1260 1932 1344 2000 κατὰ
1364 1937 1424 2000 τσῦ
1445 1959 1501 2000 nv·
1570 1969 1571 1994 ι

276 2043 350 2122 ρίου
371 2037 546 2117 παίζοντες
566 2035 821 2120 μυθολογοῦσιν.
868 2029 885 2100 ό
906 2037 967 2119 μὲν
988 2034 1049 2120 γάρ
1071 2034 1232 2121 μακάριος
1246 2037 1383 2116 Παῦλος
1404 2035 1439 2104 ἰν
1458 2040 1500 2124 τῇ
1570 2025 1571 2080 3

276 2132 553 2232 πρὸςἙβραίους
581 2143 681 2223 φησί·
712 2141 826 2202 πίστει
858 2139 996 2219 νοοῦμεν
1025 2141 1246 2223 κατηρτίσθαι
1272 2135 1349 2216 τοὺς
1378 2137 1501 2216 αἰῶνας

276 2238 398 2326 ῥήματι
418 2242 512 2318 θεοῦ,
537 2237 584 2316 εἰς
604 2235 644 2302 τό
665 2234 725 2321 4’μή
749 2235 783 2302 ίκ
799 2241 1007 2322 φαινομένων
1022 2235 1061 2302 τό
1074 2237 1280 2322 βλεπόμενον
1294 2241 1498 2322 γεγονέναιλ).

275 2336 345 2408 ἀλλ’
370 2335 464 2409 υῦόίν
486 2337 596 2412 κοινόν
618 2340 665 2425 τῷ
688 2336 774 2424 λόγῳ
797 2335 882 2421 πρὸς
903 2336 980 2415 τοὺς
1002 2336 1141 2415 αἰῶνας·
1165 2333 1264 2416 αάτός
1283 2337 1345 2425 γάρ
1368 2338 1457 2406 ἔστιν
1480 2335 1498 2404 ό

274 2442 499 2526 προόπάρχων
527 2439 615 2524 ἰπρὸ
642 2443 709 2505 τῶν
731 2436 876 2518 αἰώνων,
907 2433 954 2503 δι’
981 2427 1019 2503 οῦ
1040 2439 1095 2504 καὶ
1118 2439 1151 2504 σί
1173 2439 1290 2516 αἰῶνες
1310 2437 1499 2524 γεγόνασιν·
1570 2511 1571 2514 ¹

277 2542 311 2609 ἐν
334 2543 369 2609 όί
391 2545 437 2627 τῷ
460 2547 604 2624 Ποιμένι
624 2547 824 2626 γέγραπται·
854 2536 970 2625 ἐπειδὴ
991 2542 1045 2605 καί
1068 2543 1166 2607 τοῦτο
1187 2547 1243 2606 καί
1264 2562 1318 2607 τοι
1337 2540 1382 2626 μή
1405 2533 1443 2605 ῦν
1464 2539 1500 2608 ἔκ
1570 2551 1571 2574 ¹

190 2644 335 2706 Ρσελτοῦ
356 2640 494 2718 κανόνος
516 2645 741 2726 προφέρουσι·
763 2642 916 2725 ’πρῶτον
927 2639 1062 2706 πάντων
1074 2647 1263 2720 πίστευσον,
1286 2636 1500 2718 ότιείςέστιν

278 2738 414 2820 όθεός,
447 2736 465 2806 ὁ
493 2739 535 2806 τὰ
556 2739 667 2806 πάντα
680 2746 802 2817 κτίσας
822 2744 876 2806 καί
899 2747 1112 2826 καταρτίσας,
1141 2743 1195 2807 καί
1217 2742 1359 2829 ποιήσας
1381 2739 1414 2806 ἐκ
1434 2745 1501 2807 τοῦ

274 2842 319 2930 μή
352 2839 446 2921 όντος
480 2842 527 2927 εἰς
552 2840 591 2908 τὸ
620 2835 705 2908 εἰναι
731 2839 773 2906 τά
801 2841 920 2907 πάντα.
966 2836 1051 2908 ἀλλὰ
1077 2845 1130 2909 καί
1159 2845 1256 2909 τοῦτο
1279 2843 1380 2910 πάλιν
1403 2835 1500 2909 οῦδὲν

272 2944 360 3029 πρός
386 2942 443 3010 τόν
471 2943 543 3011 υἱόν
570 2942 657 3010 ἐστι·
691 2944 768 3028 περὶ
795 2940 857 3029 γάρ
885 2947 951 3008 τῶν
973 2942 1109 3009 πάντων
1125 2944 1216 3031 ,λέγει
1236 2947 1303 3010 τών
1326 2939 1372 3010 δι’
1398 2939 1499 3010 αὐτοῦ

271 3051 462 3132 γενομένων,
487 3035 532 3112 ῶν
554 3047 607 3111 καί
632 3040 731 3123 ἀλλος
753 3043 842 3110 ἐστὶν
865 3039 980 3122 αῦτός·
1004 3038 1117 3129 οὐγὰρ
1134 3039 1500 3132 οἷόντετὸνόημιουρ-

272 3152 392 3233 γοῦντα
412 3159 485 3226 τοῖς
506 3140 561 3212 ὑπ’
587 3139 687 3212 αὐτοῦ
709 3150 899 3232 γενομένοις
921 3151 1218 3230 συγκαταριθμεῖν,
1247 3147 1277 3212 εἰ
1297 3145 1341 3234 μή
1364 3149 1417 3212 καί
1440 3146 1498 3212 τὸν

273 3245 482 3333 ἀρχιτέκτονα
504 3258 577 3324 τοῖς
598 3242 653 3310 ὑπ’
679 3241 780 3312 αὐτοῦ
802 3251 991 3328 γενομένοις
1013 3245 1254 3332 οἰκοδομήμασι
1269 3246 1326 3312 τόν
1342 3243 1442 3314 αῦτόν
1457 3243 1498 3312 ἀν

270 3373 323 3424 τις
344 3349 571 3432 παραφρονῶν
593 3346 691 3428 λέγοι.
737 3346 828 3409 όιατί
847 3350 958 3410 τοίνυν
980 3339 1149 3434 ἀγράφους
1171 3343 1264 3413 αὐτοὶ
1288 3349 1392 3428 λέξεις
1413 3347 1499 3434 πρὸς

273 3442 427 3530 ἀσέβειαν
450 3442 658 3530 ἐφευρόντες,
684 3443 857 3510 αἰτιῶνται
877 3444 954 3525 τοῦς
975 3441 1156 3536 ’ἀγράφοις
1177 3450 1302 3529 λέξεσιν
1325 3447 1499 3535 εὐσεβοῦν-

271 3569 349 3626 τας,·
381 3542 420 3608 τὸ
441 3545 501 3627 μὲν
523 3541 583 3627 γὰρ
607 3539 738 3628 ἀσεβεῖν
760 3547 931 3626 παντελῶς
952 3549 1145 3629 κεκώλυται,
1169 3545 1229 3636 κάν
1251 3553 1418 3629 ποικίλοις
1440 3550 1499 3637 ῥή-

271 3667 355 3728 μασι
376 3646 429 3710 καί
452 3649 618 3723 πιθανοῖς
639 3651 827 3733 σοφίσμασι
847 3648 1060 3734 περιβάλλειν
1083 3645 1164 3716 αῦτό
1186 3677 1238 3731 τις
1260 3651 1425 3740 ἐπιχειρῇ·
1456 3651 1496 3717 τὸ

263 3731 308 3813 ’όὲ
331 3740 476 3831 εὐσεβεῖν
506 3741 599 3812 όσισν
627 3745 720 3831 παρά
752 3751 856 3816 πᾶσιν
886 3746 1108 3838 ὡμολόγηται,
1138 3745 1197 3839 κάν
1220 3752 1421 3835 ξενιζοόσαις
1444 3755 1498 3818 λό-

269 3850 342 3927 ξεσί
361 3873 413 3927 τις
433 3847 607 3934 χρήσηται,
637 3847 699 3926 ἕως
719 3847 821 3934 μόνον
845 3847 863 3916 ό
885 3854 986 3939 λέγων
1010 3847 1139 3938 εὐσεβὲς
1161 3855 1249 3937 *ἔχοι
1270 3855 1309 3920 τὸ
1331 3853 1495 3942 φρόνημα,

268 3947 326 4015 καὶ
353 3943 401 4015 δι’
427 3943 551 4029 αὐτῶν,
585 3947 602 4014 ὃ
624 3949 782 4038 νενόηκεν,
807 3948 950 4040 εὐσεβῶς
970 3953 1126 4039 βούλεται
1147 3961 1326 4042 σημαίνειν.
1371 3953 1495 4038 τὰμὲν

340 4137 363 4198 ι)
382 4137 450 4187 κου.
469 4137 494 4196 υ,
513 4137 553 4188 ει.
623 4138 648 4200 ν)
668 4140 738 4191 fleur.
759 4141 799 4202 ιι,
818 4142 842 4194 ε.

303 4285 325 4320 ε.
345 4271 401 4333 ίίυς.
420 4264 561 4334 εῦσεβείας.
908 4277 977 4340 μνίου
995 4292 1023 4326 εο
1043 4277 1154 4338 existere,
1173 4295 1201 4328 κε
1219 4278 1322 4344 deniquo
1340 4281 1433 4328 εΡυίτε
1445 4293 1494 4328 ουκ
1570 4323 1571 4340 ,

302 4338 326 4387 b.
341 4339 434 4402 Nempe
446 4343 523 4390 Ariani
541 4343 667 4401 docebant,
686 4343 787 4392 Verbum
799 4358 856 4393 εεεε
908 4353 992 4394 namra
1011 4345 1053 4394 εεό
1071 4345 1192 4395 voluntate
1210 4361 1265 4396 esse
1284 4348 1437 4408 productum,
1456 4346 1498 4394 id·
1570 4343 1571 4384 ἰ

268 4405 392 4456 mutabilis
412 4415 519 4468 naturae,
538 4412 568 4460 ὶιε
588 4421 614 4460 εἰ
631 4426 659 4460 ευ
677 4411 705 4460 ad
719 4411 854 4460 bonumve!
908 4426 955 4476 ηυε
973 4411 1021 4468 inis
1040 4413 1138 4461 vocibus
1157 4414 1313 4474 significatur.

268 4473 357 4522 malum
385 4483 467 4538 posset
493 4487 647 4540 convertam
673 4479 768 4528 Patrem
796 4480 852 4527 item
940 4493 960 4527 c.
979 4479 1019 4528 Sic
1038 4479 1094 4542 fleg.
1114 4488 1139 4529 οι
1156 4481 1257 4531 elom.
1277 4483 1306 4532 de
1325 4481 1495 4532 ίουυιοειλουε
1570 4521 1571 4542 ,
