3212 5060
527 283 635 328 omaro
652 280 694 326 m.
711 283 824 328 eoam
839 283 987 328 soranos..
1287 273 1349 335 sut

126 453 156 506 et
174 443 274 522 purim
297 439 416 506 Filium,
439 447 468 499 et
490 435 640 500 aeonium
661 455 768 500 nomen
790 439 852 499 eius
876 436 1060 508 Emmanuel,
1084 437 1164 518 pnod
1184 449 1228 501 eet
1251 443 1435 501 inter-raso.

123 553 277 623 pretorem
299 541 455 604 nobiseum
478 535 572 598 bees.
601 599 605 611 ,

209 645 261 708 30.
307 639 365 714 Qui
388 637 479 716 igitur
500 635 627 698 divinam
650 637 830 718 scripturam
854 638 970 717 legerit,
1001 640 1096 702 disent
1118 639 1235 720 quidem
1260 641 1348 702 verba
1459 666 1462 682 ·

126 764 161 808 ex
183 753 282 806 vetere
303 742 514 811 Testamenta,
547 737 600 800 sed
629 757 664 800 er
686 738 844 815 Evangelio
867 741 996 800 attendat
1018 742 1174 804 Dominum
1198 743 1350 804 homiuem
1448 790 1450 798 ,

127 848 234 909 tautum
257 861 335 906 esse.
379 841 452 903 Nam
484 839 626 909 Verbum,
657 838 765 917 inquit,
795 857 868 901 roro
895 842 1011 920 foetam
1031 855 1077 906 eat
1100 855 1128 906 et
1151 845 1296 910 bobttooit
1318 848 1351 906 in
1418 873 1421 880 ·

127 949 225 1010 nodis.
270 943 366 1006 Homo
389 942 519 1022 inquam
539 941 632 1002 iactus
665 947 728 1012 est,
758 957 818 1000 non
841 947 938 1000 autem
962 940 991 1000 in
1014 941 1162 1004 bominem
1184 946 1272 1006 venit.
1317 946 1350 1006 id

127 1048 205 1110 enim
228 1049 305 1110 seire
328 1046 415 1107 etiam
438 1061 563 1118 narasse
586 1050 649 1115 est,
680 1061 718 1104 ne
747 1043 824 1103 torte
852 1041 882 1102 in
905 1039 1073 1102 huiusmodi
1096 1045 1273 1107 seutentiam
1294 1047 1350 1108 de·

128 1151 279 1212 flectentes
307 1147 390 1228 impii
418 1145 533 1225 aliquos
561 1145 721 1224 decipiant,
755 1143 854 1223 iiiique
886 1143 1071 1214 existiment,
1104 1145 1353 1223 quemadmodum
1395 1222 1398 1227 Ι

128 1251 197 1314 oiim
227 1249 354 1314 Verbum
383 1248 414 1310 in
448 1265 687 1326 unumquemque
718 1245 893 1310 Sanctorum
927 1245 1097 1319 descendit,
1130 1244 1170 1306 ita
1202 1245 1291 1308 etiam
1321 1247 1352 1310 in

126 1353 278 1415 huminem
300 1349 435 1422 venisse,
463 1356 496 1410 ut
518 1365 585 1408 eum
610 1355 742 1410 sanatam
765 1346 903 1408 redderet
925 1354 955 1408 et
977 1347 1006 1409 in
1030 1346 1095 1425 ipso
1118 1354 1287 1426 appareret,
1310 1349 1353 1409 uti

127 1455 157 1516 in
180 1453 246 1514 aliis
269 1451 401 1531 contigit.
435 1449 467 1512 Si
483 1449 561 1510 enim
577 1449 616 1510 ita
639 1468 673 1510 se
696 1467 745 1510 rea
768 1448 899 1522 baberet,
923 1455 952 1510 et
967 1449 997 1509 iu
1014 1448 1134 1511 tramine
1149 1449 1353 1510 tantummodo

127 1553 329 1636 apparuisset,
356 1551 429 1614 nihil
452 1569 524 1612 sane
546 1561 628 1612 esset
649 1549 730 1630 quod
752 1550 976 1612 admirationem
999 1557 1104 1629 posset
1132 1567 1269 1626 movere,
1297 1569 1354 1612 neo

74 1719 77 1737 ¹
127 1656 178 1738 qui
201 1673 268 1718 eunt
291 1651 442 1726 videbant,
472 1652 666 1733 obstupefacti
695 1651 856 1714 dixissent:
890 1651 1041 1714 Uarianam
1064 1651 1122 1713 iste
1144 1651 1214 1714 est?
1242 1660 1272 1713 et
1294 1651 1354 1714 Cur

126 1765 166 1819 tu.
181 1737 277 1818 nomo'
295 1773 360 1816 com
384 1755 439 1828 sis,
464 1753 592 1832 teipsum
617 1752 687 1815 tacis
711 1751 829 1816 boum?
861 1751 1137 1832 dudiro'siquidem
1160 1753 1201 1814 ilii
1223 1771 1353 1830 pansae·

124 1865 244 1918 verant:
281 1855 402 1917 Factum
435 1863 484 1916 est
512 1853 640 1916 Verbum
661 1854 786 1945 'bomini
815 1853 851 1932 ad
884 1853 1016 1932 singulos
1049 1853 1225 1934 Prophetae.
1270 1855 1355 1918 Nono

124 1967 224 2021 autem
246 1967 402 2038 postquam
425 1955 477 2018 Dei
499 1954 642 2028 Verbum,
665 1975 719 2035 per
740 1957 820 2036 quood
844 1957 942 2018 omnia
965 1957 1140 2027 factasunt,
1163 1957 1253 2020 etiam
1275 1958 1353 2020 filius

125 2058 256 2122 bominis
278 2059 341 2121 beri
364 2077 424 2119 noa
446 2058 561 2130 renuit,
584 2075 676 2137 seque
698 2058 795 2136 ipsum
818 2057 980 2118 humiliarit
1001 2057 1079 2118 servi
1100 2059 1196 2118 forma
1218 2067 1354 2140 aceepta3

125 2161 237 2223 ideireo
259 2179 329 2222 arur
353 2159 464 2222 Christi
488 2159 605 2220 iudaeis
630 2167 677 2219 est
698 2157 886 2230 scandatum,
908 2157 995 2218 nobis
1018 2165 1116 2218 autem
1141 2158 1277 2219 Christus
1300 2159 1353 2221 Dei

125 2263 220 2326 virtum
243 2272 273 2324 et
294 2262 347 2324 Dei
370 2259 513 2340 sapientia
536 2267 591 2320 est.
629 2257 700 2318 Nam
720 2257 855 2328 Verbum,
879 2256 1118 2329 utaitioannes,
1144 2275 1215 2320 coro
1237 2261 1354 2338 foetum
1430 2273 1434 2284 ⁴

126 2378 183 2428 est.
228 2363 380 2440 Siquidem
410 2377 476 2420 mos
499 2367 546 2421 est
568 2359 736 2437 Scripturas
758 2376 859 2420 sacrae
880 2357 1031 2418 homiaem
1055 2373 1171 2418 earnem
1195 2359 1352 2438 appellare.

129 2464 207 2524 iiiuc
236 2461 313 2540 opud
341 2460 451 2522 loelem
480 2459 657 2540 Prophetom
690 2458 811 2526 dieitur:
849 2459 1010 2541 dfflrndom
1039 2459 1073 2520 de
1101 2463 1214 2540 spirita
1235 2479 1299 2523 meo
1321 2466 1354 2524 in

130 2582 244 2628 omnem
267 2581 398 2624 earnem.
442 2563 514 2624 item
536 2561 637 2623 Daniel
658 2561 775 2640 Astyagi
799 2560 884 2622 dixit:
908 2558 969 2640 Epo
992 2559 1073 2626 idolo
1093 2562 1271 2641 monsforto
1291 2581 1354 2626 aaa
1458 2565 1463 2574 '

131 2665 206 2733 noio,
229 2666 283 2726 aed
304 2664 399 2728 Deum
421 2667 577 2737 or'oentmn,
601 2667 653 2744 qui
673 2662 788 2732 eoelum
809 2673 837 2723 et
860 2673 975 2724 terrem
998 2665 1112 2724 oreoor't
1134 2675 1163 2725 et
1185 2669 1216 2724 in
1239 2683 1353 2726 omnent
1400 2713 1420 2730 ,.

132 2786 251 2830 coenem
273 2767 458 2830 dominatum
480 2766 577 2828 dubet.
610 2765 665 2826 iiio
686 2765 766 2826 enim
788 2773 821 2824 ut
843 2771 872 2825 et
892 2763 955 2826 boel
976 2763 1130 2824 hominum
1145 2781 1239 2842 genus
1255 2765 1353 2826 carnis

131 2869 251 2930 nomine
274 2868 428 2946 signifieat.

218 3070 268 3131 31.
314 3066 395 3138 Olim¹
414 3067 502 3145 igitur
524 3067 559 3127 ad
583 3065 716 3146 singulos
739 3067 865 3128 Sanctus
884 3067 990 3128 tartum
1008 3077 1053 3126 est
1070 3065 1207 3141 Verbum,
1230 3085 1353 3147 eosque,

132 3169 181 3250 qui
204 3169 302 3248 ipsum
324 3167 411 3246 digne
434 3177 638 3246 susceperunt,
662 3167 759 3234 eiieoit
773 3175 903 3240 sanatos,
916 3183 981 3228 ‘neo
996 3177 1093 3228 tamen
1109 3185 1174 3230 eom
1190 3168 1231 3230 ilii
1246 3187 1353 3230 nasce·

131 3278 251 3342 rentur,
275 3269 383 3330 dictum
407 3278 452 3331 est
474 3269 570 3349 ipsam
593 3269 742 3331 bominem
765 3271 872 3331 iactum
895 3287 980 3342 esse,
1008 3287 1063 3330 neo
1085 3287 1150 3331 cum
1172 3279 1353 3350 paterentur,

131 3390 255 3453 passum
278 3391 354 3434 esse.
399 3371 469 3433 Cum
493 3380 590 3445 autem
614 3371 643 3433 in
666 3373 725 3434 fine
746 3372 929 3434 soeculorum
953 3371 987 3432 ad
1012 3371 1224 3434 destruendum
1246 3391 1352 3454 pecca-

132 3483 194 3536 tum
224 3491 259 3534 ex
286 3472 514 3554 Mariapradiit
541 3475 592 3546 (ita
616 3473 695 3536 enim
718 3473 797 3535 Patri
818 3474 912 3534 visum
936 3481 981 3534 est
1002 3491 1087 3535 suum
1111 3473 1226 3536 mittere
1248 3475 1372 3538 Filium·

133 3575 240 3636 iactum
264 3593 299 3634 ex
321 3573 461 3648 muliere,
490 3576 597 3636 iactum
627 3575 682 3636 snb
710 3575 802 3656 tege),
832 3583 900 3636 tune
922 3574 1031 3636 dictum
1054 3583 1116 3650 est,
1145 3575 1243 3656 ipsum
1265 3597 1352 3642 earne

134 3685 263 3738 assumta
296 3675 446 3736 hominem
475 3677 581 3738 tactum
615 3695 684 3740 esse
711 3685 796 3758 atque
825 3697 878 3757 pro
908 3676 994 3738 nobis
1017 3677 1046 3737 in
1071 3697 1104 3738 ea
1127 3695 1195 3740 esse
1217 3693 1351 3764 pessum,

135 3898 187 3945 eius
218 3909 383 3944 successorem
412 3897 470 3944 baro
493 3911 505 3944 a
531 3897 627 3946 Danista
655 3897 716 3946 dcta
767 3898 864 3958 Segner.
883 3893 1047 3961 γεγέννηται,
1075 3896 1350 3964 ΑΙὶίωκε.γεγὲνηται.

135 3979 189 4014 esso
217 3972 334 4012 memorat
359 3964 511 4026 Scriptura·
544 3965 601 4013 item
629 3963 716 4014 ibidem
769 3965 845 4014 Editio
865 3966 971 4015 Commo!
989 3962 1107 4028 γένηται.

136 4029 274 4082 retonat.
294 4039 318 4080 et
335 4031 391 4080 editi
410 4021 442 4078 ob
459 4026 580 4096 σέβωμεν.
605 4035 633 4080 m
645 4035 717 4082 ceteri
802 4034 817 4079 i.
844 4032 914 4081 basii.
934 4034 1062 4095 aringiis.
1083 4025 1132 4082 ὅτι.
1176 4035 1233 4083 ibid.
1254 4036 1307 4098 Reg.
1330 4037 1353 4086 i.

136 4113 193 4148 mss.
213 4099 371 4162 atSoriptum
390 4091 422 4146 ob
441 4095 563 4165 σέβομαι.
605 4149 615 4176 ’
769 4107 791 4148 rt
809 4101 878 4158 Sego,
900 4092 1067 4165 ἐπεδήμησεν
1085 4093 1163 4157 ἅπαξ.
1191 4103 1234 4150 ,trit
1254 4111 1277 4152 et
1294 4105 1351 4154 editi

169 4181 189 4216 e.
208 4166 263 4228 Reg,
280 4166 300 4215 1.
320 4176 343 4217 et
360 4168 499 4231 Seguerian.
516 4160 568 4234 μὲν
585 4181 634 4213 συν
649 4160 718 4230 πρὸς
768 4159 933 4232 ἐπεδήμησεν
956 4160 1103 4236 ἅνθρωπος
1127 4161 1205 4224 ἅπαξ.
1246 4171 1352 4220 Nannius

135 4225 257 4282 ineam.
294 4235 363 4285 Gabi.
388 4245 411 4285 et
435 4235 538 4286 return.
560 4233 580 4284 i.
603 4221 721 4300 μὲνοῦν
771 4249 818 4283 non
838 4235 893 4295 irgit
911 4251 1006 4300 quoqne
1024 4231 1178 4300 ἄνθρωπος.
1226 4237 1275 4285 tto:
1294 4239 1351 4297 Rrg.

49 4355 52 4364 ,
135 4293 312 4353 statuemur.
349 4302 392 4352 tto
406 4310 428 4352 et
444 4304 515 4353 editio
535 4303 651 4354 Commei.
668 4297 721 4368 μὲν
773 4302 794 4351 i.
813 4311 836 4350 rt
855 4300 952 4362 Serum.
972 4295 1103 4362 ἀθέτησιν
1127 4288 1270 4369 ἄμαρτίας.
1307 4303 1353 4351 atti

136 4361 304 4422 εἱςὲκαστον.
324 4368 397 4420 Panto
408 4379 462 4436 post
474 4367 721 4436 mssyturropedutor
770 4377 794 4418 et
812 4371 867 4420 editi
886 4361 1017 4430 ἀθέτησιν
1036 4370 1081 4430 τῆς
1099 4364 1241 4436 ἁμαρτίας.
1368 4421 1370 4424 ,

136 4430 253 4487 ἐκείνων.
278 4437 355 4487 Editio
373 4447 450 4488 autem
470 4439 584 4489 Commei.
602 4434 719 4504 ytumpei-
804 4451 825 4498 g.
852 4439 906 4500 tteg.
932 4439 953 4486 1.
978 4441 1075 4500 Segaer.
1102 4439 1190 4500 nuptio.
1214 4433 1354 4486 (inhiaret

135 4517 194 4550 νων
216 4497 331 4554 ἐκείνων.
377 4507 465 4556 ibidem
493 4514 592 4571 uimque
617 4509 672 4568 Bag.
697 4513 720 4556 et
770 4505 873 4558 Feioim.
894 4506 915 4556 1.
934 4501 1113 4570 γεννώμενον.
