3176 5058
418 251 564 296 EPISTOLA
579 251 618 294 ΒΕ
632 249 775 294 uacuum
791 247 936 294 bimum
952 250 1072 294 sunum.
1319 243 1356 303 71

127 401 284 484 „dignitas
315 419 490 480 summaque
518 397 636 462 bomini
664 400 835 480 magnitudo
863 409 910 462 est
938 399 969 461 in
995 399 1089 462 Deum
1110 401 1229 466 Patrem
1259 407 1445 470 omni-rma.

125 513 318 586 „potentem
342 513 371 564 et
392 504 423 564 in
446 501 595 564 Christum
617 501 714 564 lesum
736 503 802 563 eius
824 500 939 574 Filium,
962 512 992 563 et
1008 501 1039 562 in
1055 501 1198 581 Spiritum
1213 515 1358 584 sanctum,

126 625 191 682 „ac
218 605 349 668 Verbum
376 603 439 666 Deo
467 601 672 670 universorum
702 621 770 665 esse
799 603 924 669 mirum.
968 603 1031 684 liqe
1060 603 1155 673 enim,
1184 605 1296 686 inquit,
1331 620 1360 672 et

126 707 251 782 „Pater
273 725 369 770 uuum
398 721 512 766 aumas.
556 701 607 774 Et,
633 703 698 784 liqn
720 709 753 766 ia
775 703 884 778 Putre,
914 716 942 767 et
964 703 1056 766 Pater
1083 710 1115 768 ta
1142 725 1188 769 me
1215 720 1270 771 eat.
1314 710 1359 774 lta

128 809 273 883 „scilicet
294 805 391 870 diviua
413 803 543 866 Trinitas
574 811 603 865 et
627 813 727 866 saneta
747 803 931 866 blenarcbiae
953 805 1130 886 praedicatio
1154 809 1266 889 integra
1289 829 1356 873 ser·
1377 861 1397 892 ·.

131 909 310 982 „vabitur.“

218 1315 269 1376 27.
315 1311 401 1384 Quod
423 1319 521 1374 autem
544 1311 670 1374 Verbum
692 1313 729 1374 ab
751 1313 926 1374 aeternitate
942 1313 982 1374 sit
1004 1331 1070 1376 cum
1085 1312 1182 1387 Patre,
1205 1333 1262 1377 nee
1282 1315 1357 1378 alte·

31 1463 34 1470 .
129 1416 195 1476 rius
218 1432 304 1494 quam
326 1412 420 1474 Patris
443 1412 625 1476 substantiae
648 1414 692 1475 rel
715 1415 885 1494 hypostasis
907 1415 1048 1494 proprius
1072 1415 1120 1488 sit,
1149 1422 1181 1478 ut
1203 1415 1359 1478 declaravit

106 1516 283 1596 'synodum
310 1513 397 1576 liceat
423 1533 476 1576 vos
506 1514 613 1576 iterum
642 1535 658 1576 a
688 1515 839 1578 laboriose
869 1515 998 1596 Origene
1029 1517 1143 1580 audire.
1185 1517 1259 1578 Nam
1281 1535 1357 1596 quae

127 1617 177 1680 ille
210 1617 289 1679 velut
319 1616 472 1698 inquirens
505 1623 534 1675 et
562 1615 717 1696 disputans
747 1617 883 1698 scripsit,
918 1635 979 1678 uun
1011 1617 1051 1680 ita
1079 1617 1248 1699 accipienda
1276 1625 1441 1693 suntuna.

125 1720 211 1800 quasi
233 1719 278 1780 sic
299 1717 363 1797 ipsc
386 1717 527 1790 sentiret,
558 1716 611 1778 sed
640 1735 676 1780 ex
705 1736 809 1780 eorum
831 1727 930 1782 mente
953 1717 1127 1798 quibuscum
1150 1720 1297 1800 disputat;
1326 1727 1356 1782 at

126 1839 204 1900 quae
226 1819 351 1880 tidenter
372 1817 474 1880 definit
495 1827 526 1878 et
547 1819 682 1893 affirmat,
704 1819 778 1882 baec
800 1839 868 1882 vera
891 1829 937 1882 est
955 1819 1010 1882 viri
1025 1820 1113 1883 buius
1128 1839 1271 1902 perquam
1288 1829 1355 1884 stu«

126 1919 210 1984 diesi
232 1919 386 1982 sententia.
429 1918 531 1998 ltaque
552 1929 623 1999 pust
643 1939 687 1994 ea,
713 1940 788 2001 quae
810 1921 1028 1984 exercitationis
1050 1921 1142 2002 gratia
1164 1922 1201 1984 ad
1223 1922 1354 1984 baereti-

125 2042 183 2086 cos
206 2022 293 2096 dixit,
327 2021 424 2084 statim
446 2021 598 2100 propriam
620 2021 683 2100 ipse
712 2031 842 2084 mentem
871 2023 918 2084 bis
940 2022 1038 2084 verbis
1062 2023 1198 2103 exponit:
1232 2023 1285 2096 „Si
1308 2031 1356 2085 est

124 2125 252 2204 „image
274 2123 328 2186 liei
350 2122 517 2194 invisibilis,
539 2112 694 2184 inuisibilis
718 2142 834 2202 qunque
856 2133 902 2186 est
928 2123 992 2204 ips'a
1012 2123 1120 2203 imago.
1166 2123 1244 2196 Quin
1267 2123 1356 2189 etiam

68 2233 73 2242 ’
123 2226 264 2302 „addere
279 2225 385 2297 ausim,
409 2243 475 2286 cum
492 2224 532 2284 sit
548 2223 710 2285 similitudo
726 2224 834 2298 Patris,
857 2242 919 2286 non
940 2243 1032 2306 posse
1053 2225 1128 2298 lieri,
1150 2234 1183 2287 ut
1198 2224 1355 2303 aliquanda

125 2327 338 2400 „contueris
383 2325 508 2398 Quando
532 2326 611 2388 enim
633 2327 723 2400 Deus,
747 2345 835 2404 quem
857 2325 984 2386 loannes
1005 2326 1101 2386 lucem
1123 2323 1250 2402 appellat
1276 2326 1356 2394 (nam

128 2428 238 2501 „Deras
268 2427 325 2488 lun
353 2431 427 2500 est),
457 2425 596 2504 propriae
624 2426 734 2505 gloriae
763 2424 924 2505 splendore
953 2425 1060 2497 caruit,
1095 2433 1128 2486 ut
1159 2423 1226 2502 quis
1253 2421 1360 2484 audeat

131 2521 342 2605 „principium
362 2525 502 2588 existendi
525 2526 599 2588 Filia
623 2529 770 2602 tribuere,
793 2527 878 2608 quasi
901 2526 1013 2590 scilicet
1034 2535 1120 2588 antea
1143 2541 1203 2588 uon
1227 2519 1358 2586 luisset?

129 2625 351 2702 „Quandcuam
373 2647 442 2691 sere
463 2647 524 2690 nun
548 2639 611 2690 erat
625 2630 763 2701 Verbum,
785 2629 924 2702 Verbum,
946 2629 1077 2708 inquam,
1099 2627 1179 2708 quod
1195 2634 1226 2689 et
1239 2625 1358 2688 Patrem

129 2730 310 2810 „cognoscit
331 2739 362 2792 et
383 2740 429 2792 est
449 2731 600 2792 character
621 2749 655 2790 ac
675 2731 773 2808 imago
795 2730 927 2792 eiusdem
950 2729 1150 2801 substantiae,
1173 2745 1248 2808 quae
1269 2725 1359 2803 dique

130 2845 215 2899 „nec
234 2831 360 2909 exprimi
382 2848 437 2890 nee
458 2829 607 2890 nominari
628 2849 683 2891 nec
703 2830 831 2909 preferri
852 2829 972 2910 possiti
1015 2830 1161 2908 lulcltigat
1183 2828 1278 2898 enim,
1308 2823 1359 2902 qui

130 2907 260 3000 ‚Jdicere
282 2930 385 2988 audet:
410 2928 478 2988 ree
500 2927 673 3007 aliquando,
697 2948 764 2990 cum
785 2947 847 2990 aaa
869 2929 1069 3001 asscribitur,
1091 2931 1170 2991 idem
1192 2945 1261 2988 esse
1282 2943 1316 2986 ac
1332 2923 1361 2986 si

127 3024 288 3102 „diceretz
319 3027 475 3105 Sapientia
496 3025 658 3106 aliquande
680 3045 745 3088 uon
766 3039 846 3100 erat,
872 3028 999 3091 Verbum
1020 3047 1083 3090 eea
1104 3041 1187 3100 erat,
1213 3032 1276 3089 nita
1297 3043 1360 3088 aas

128 3133 265 3205 „erat.“
307 3125 391 3188 ldem
412 3144 518 3187 rursus
541 3124 581 3186 ita
603 3124 668 3188 alibi
691 3127 837 3205 loquitur:
870 3128 1000 3202 „Verum
1029 3131 1112 3190 netas
1135 3135 1181 3192 est
1201 3145 1256 3190 nec
1275 3126 1356 3207 peri-

134 3227 227 3305 „culo
249 3237 340 3302 cacat,
362 3235 487 3308 propter
507 3234 641 3290 nostram
664 3227 863 3292 infirmitatem
877 3229 972 3292 Deum
994 3238 1133 3310 quantum
1155 3230 1185 3292 in
1207 3229 1293 3292 nobis
1308 3237 1356 3292 est

133 3330 310 3410 „·unigenito
331 3328 449 3412 privare
471 3329 579 3403 Verbo,
603 3328 681 3408 quod
704 3347 825 3409 semper
846 3349 911 3393 cum
934 3331 984 3394 illa
1007 3331 1077 3407 luit,
1101 3343 1129 3394 ct
1150 3331 1198 3396 illa
1220 3342 1282 3396 crat
1303 3351 1352 3395 sa-

133 3481 153 3510 „
161 3433 280 3514 pientia,
303 3451 360 3512 qua
382 3430 587 3494 delectabatur.
631 3431 769 3511 Alioquin
790 3451 858 3494 eum
880 3451 940 3494 nen
969 3452 1088 3515 semper
1108 3433 1201 3498 luisse
1223 3434 1352 3498 delecta-

133 3544 226 3608 „tum
247 3533 467 3614 intelligendum
488 3532 577 3594 erit.“
621 3531 665 3593 En
693 3533 784 3612 igitur
809 3551 865 3596 nos
892 3535 1010 3614 quidem
1039 3536 1115 3598 lianc
1138 3536 1356 3599 sententiama

130 3635 268 3701 Patribus
290 3635 326 3696 ad
348 3634 450 3697 Patres
472 3634 619 3696 transisse
641 3635 894 3710 demonstramus3
922 3655 977 3698 vos
1006 3655 1095 3710 vero,
1123 3656 1141 3697 o
1163 3635 1233 3698 novi
1254 3633 1355 3697 ludaei

128 3749 158 3803 et
180 3735 309 3818 Calpbae
331 3735 479 3815 discipuli,
501 3754 578 3815 quos
600 3735 713 3810 Patres,
736 3736 787 3815 qui
807 3735 913 3798 restris
928 3737 1041 3799 reculis
1058 3739 1192 3812 laverint,
1216 3734 1355 3798 exhibere

125 3835 283 3923 potestis?
326 3835 445 3898 Nullum
472 3843 551 3899 certe
578 3835 754 3916 prudentem
783 3845 812 3896 et
839 3837 1002 3917 sapientem
1030 3856 1160 3918 unquam
1181 3832 1357 3915 proferetis3

127 3959 236 4006 omnes
267 3936 346 4000 enim
373 3955 389 3998 a
417 3935 501 3998 rabis
529 3937 691 4000 abhorrent
715 3945 833 4018 praeter
859 3955 952 4000 unum
979 3935 1145 4012 diabolum,
1178 3934 1228 4016 qni
1250 3949 1358 4014 nempe

127 4268 196 4331 genis
214 4261 334 4328 operibns
348 4273 395 4308 nen
415 4259 534 4322 teguntur.
570 4257 619 4308 Clu.
638 4265 720 4308 tamen
771 4257 826 4308 edit
845 4245 981 4316 Cemmel.;
1005 4269 1058 4306 eam
1076 4263 1156 4306 umen
1175 4251 1233 4304 nibil
1253 4255 1315 4300 vetat
1332 4247 1355 4298 ln

128 4335 192 4400 opp.
210 4332 266 4381 edd.
286 4327 368 4378 linaei.
388 4326 405 4374 l.
424 4341 448 4390 p.
470 4325 526 4376 189.
544 4340 568 4376 n.
586 4321 623 4388 d]
772 4325 846 4376 latino
865 4323 975 4388 erprirui.
1060 4388 1065 4400 '
1088 4389 1093 4398 Ι

159 4403 184 4452 d.
202 4399 285 4451 Editio
303 4395 444 4444 Parisisnais
463 4394 604 4458 perticulam
622 4385 659 4446 nir
676 4391 721 4442 ad·
805 4407 828 4443 c.
846 4391 902 4453 itaq.
921 4381 1001 4440 εἰκών
1018 4394 1112 4438 omittat

304 4454 312 4472 Ι

128 4469 163 4520 dit
180 4477 236 4520 ente
253 4475 409 4532 προτερον,
434 4462 479 4513 sed
502 4461 571 4512 abest
587 4475 601 4512 a
619 4473 678 4512 mes.
697 4467 722 4510 et
806 4457 825 4512 l.
842 4457 883 4510 Sic
900 4457 957 4520 [leq.
991 4453 1054 4504 ddici
1072 4459 1151 4504 sutem
1169 4457 1193 4504 et
1209 4448 1250 4500 alii
1269 4439 1330 4511 ipu‘
1358 4415 1360 4426 Α
