3214 5048
588 223 697 268 onemo
713 187 745 268 n.
761 223 877 271 cenent
892 225 1026 270 munos.
1342 219 1409 286 atu
1485 283 1493 296 ,

176 373 311 451 ,sterili
353 373 488 454 Namque
520 374 598 456 apud
630 373 778 437 homines
801 387 873 458 post
903 375 1022 458 aliquod
1055 377 1196 442 duntaxat
1223 387 1341 464 tempus
1371 400 1491 448 exeunt.

174 475 371 554 „bominibus
393 475 445 538 lilii
467 483 647 551 nascuntur,
670 477 710 540 ita
732 485 765 539 nt
786 478 867 542 verbi
889 479 981 559 gratia
996 487 1086 560 ⁴pater
1107 481 1226 562 triginta
1249 482 1289 545 sit
1310 502 1407 547 anno-

176 599 282 656 „rum,
310 597 377 641 cum
405 577 525 659 genitus
553 577 632 640 iilius
661 587 759 649 ortum
786 579 907 660 accipit,
936 581 1116 664 omninoque
1144 584 1241 664 quiris
1274 586 1406 650 hominis

179 680 279 758 „lilius
308 698 370 744 non
399 679 484 760 prins
507 679 619 740 exstitit
639 699 727 760 quam
757 682 874 762 genitus
903 689 981 744 est.“
1025 683 1141 749 Rursus
1163 705 1234 750 vero
1256 686 1297 750 ita
1320 705 1405 750 mur-

175 788 312 846 murant:
348 781 430 857 „Qui
450 780 514 844 fieri
536 789 648 862 potest,
668 775 706 845 'ut
725 782 855 846 Verbum
878 784 918 845 sit
938 783 1031 846 Filius
1054 795 1084 848 et
1104 787 1200 879 imago
1223 787 1301 854 neit
1328 789 1404 854 Nam

177 882 364 960 „bominum-
384 882 504 944 verbum
533 901 568 946 cn
597 882 716 963 syllabis
749 884 949 965 compositum
977 885 1124 965 loquentis
1146 889 1327 954 uoluntatem
1349 909 1403 954 so-

177 985 352 1061 „lummodo
374 984 493 1058 indicat,
516 993 679 1065 posteaque
702 984 813 1072 desinit
834 993 865 1048 et
886 985 1066 1048 evanescit.“

262 1089 313 1152 35.
336 1091 339 1098 '
357 1085 407 1149 Sic
433 1086 493 1162 illi,
522 1087 607 1166 quasi
628 1087 687 1150 iarn
708 1096 968 1167 argumentorum,
997 1106 1073 1168 quae
1094 1088 1236 1154 adversus
1259 1111 1293 1156 se
1315 1107 1404 1175 supra

104 1175 118 1185 ’
176 1188 262 1252 allata
289 1199 373 1264 sunt,
404 1187 504 1261 obliti,
533 1188 641 1252 iterum
669 1207 737 1252 sese
764 1189 812 1251 his
834 1189 997 1270 impietatis
1031 1190 1241 1270 constringunt
1269 1193 1403 1258 vinculis.

175 1289 285 1352 Verum
307 1290 348 1352 ita
371 1307 425 1366 eps
448 1290 513 1378 ipsa
535 1293 666 1353 confutat
687 1289 805 1353 veritas.
850 1291 883 1353 si
906 1292 943 1354 de
965 1291 1063 1372 aliquo
1085 1289 1208 1354 homine
1231 1311 1331 1354 sermo
1348 1293 1488 1362 illistam

179 1393 242 1463 est,
275 1392 327 1464 bn,
365 1409 402 1452 na
433 1392 519 1454 etiam
550 1391 587 1454 de
616 1393 680 1456 eius
710 1393 802 1455 verbo
832 1402 863 1455 et
889 1393 950 1455 filio
980 1393 1126 1474 cogitent,
1159 1393 1212 1456 sed
1236 1393 1262 1456 si
1285 1393 1322 1456 de
1343 1394 1406 1458 Deo

177 1491 332 1555 hominum
354 1502 488 1556 creatore
509 1494 672 1575 disputant,
696 1495 771 1558 nihii
792 1495 924 1570 humani,
949 1496 1001 1558 sed
1024 1496 1124 1576 potius
1146 1495 1219 1558 nihil
1240 1495 1300 1558 nisi
1316 1514 1408 1578 supra

176 1594 485 1660 hominum-naturam
507 1595 684 1678 concipiant
729 1598 803 1661 Nam
826 1598 922 1679 qualis
945 1598 1140 1678 estgenitor,
1164 1597 1250 1662 talem
1274 1609 1303 1662 el
1319 1597 1405 1679 geni·
1445 1597 1451 1604 ’

175 1704 236 1758 lum
265 1717 333 1760 esse
361 1717 486 1762 necasse
514 1705 577 1772 est,
612 1699 764 1780 etqualis
792 1709 839 1762 est
868 1699 955 1762 Verbi
983 1699 1086 1775 Pater,
1118 1701 1174 1762 tale
1195 1700 1404 1782 quoqneeiue

173 1797 262 1861 debet
289 1818 358 1863 esse
386 1801 524 1864 Verbum.
567 1801 670 1882 ltaque
698 1802 789 1864 homo
812 1803 949 1882 quidem,
978 1801 1081 1882 quiin
1105 1809 1240 1882 tempore
1264 1801 1403 1882 gignitur,

173 1900 239 1981 ipse
268 1920 385 1984 quoque
413 1904 443 1964 in
471 1911 606 1984 tempore
636 1899 732 1984 gignit'
754 1904 866 1978 filium,
895 1913 924 1966 et
951 1905 1019 1984 quia
1049 1922 1084 1965 ex
1112 1903 1205 1966 nihilo
1229 1913 1278 1966 est
1298 1906 1404 1978 laetus,

173 1999 284 2065 idcirco
307 2005 372 2067 eius
394 2006 516 2069 verbum
539 2006 651 2068 desinit
672 2025 728 2069 nec
748 2017 913 2087 permanet.
958 2005 1037 2094 [leus
1060 2014 1242 2068 autemnon
1265 2005 1403 2068 uthomo

174 2111 234 2182 est,
257 2108 505 2186 quemadmodum
528 2117 654 2171 testatur
676 2107 845 2188 Scriptum,
868 2107 922 2168 sed
944 2107 971 2168 is
993 2105 1112 2186 estqui
1135 2114 1197 2178 est,
1221 2119 1255 2165 ac
1275 2103 1417 2181 proinde

172 2224 241 2268 rere
269 2209 381 2288 pariter
410 2220 458 2272 est
485 2210 550 2270 eius
573 2209 717 2282 Verbum,
750 2227 928 2290 semperque
958 2215 1004 2269 est
1033 2225 1100 2268 eum
1128 2205 1232 2277 Patre,
1264 2211 1403 2280 tanquam

172 2307 246 2390 lucis
270 2309 421 2390 splendor.
464 2309 622 2372 Praeterea
654 2309 776 2370 verbnm
806 2309 961 2370 hominnm
985 2326 1020 2368 ex
1043 2306 1160 2385 syllabis
1183 2313 1229 2366 est
1250 2303 1406 2390 composi·¹

173 2415 247 2481 tum,
270 2427 326 2470 nec
346 2397 415 2472 ririt
435 2428 492 2471 nec
513 2409 584 2488 qnid
607 2409 705 2483 efficit,
730 2409 783 2472 scd
805 2409 956 2490 loquentis
974 2416 1088 2468 tantum
1104 2412 1232 2466 mentem
1248 2402 1403 2484 significat,

175 2507 333 2588 statimque
355 2516 389 2570 nt
409 2508 479 2572 exiit
500 2510 663 2587 evanescit,
696 2510 805 2594 qnippe
828 2529 894 2574 enm
916 2508 1029 2573 nullum
1052 2517 1133 2572 esset
1155 2507 1294 2580 omnino,
1317 2514 1403 2568 ante·

156 2596 260 2692 ¹qnam
282 2614 484 2692 prolemetur3
515 2612 585 2675 hinc
612 2613 759 2678 nec-vivit
780 2633 836 2678 nec
857 2612 926 2694 quid
949 2613 1054 2688 efficit,
1084 2629 1140 2673 nec
1161 2610 1289 2691 denique
1311 2609 1401 2672 homo

173 2721 220 2776 est
241 2713 394 2777 hominum
416 2714 548 2777 verbum.
594 2715 683 2779 Cuius
707 2717 807 2798 utique
830 2715 873 2778 rei
896 2735 930 2779 ea
953 2723 1000 2778 est
1020 2715 1115 2790 ratio,
1145 2732 1232 2793 qnam
1262 2701 1403 2787 diximus,

173 2815 241 2893 quia
263 2815 376 2878 seilicet
396 2817 544 2891 hominis,
575 2818 625 2896 qui
654 2819 725 2878 illud
755 2818 863 2897 gignit,
891 2827 994 2878 natura
1016 2825 1063 2877 est
1084 2835 1121 2878 ex
1141 2815 1246 2876 nihilo.
1288 2815 1327 2876 tt
1348 2814 1401 2876 ttei

173 2914 302 2990 Verbum
325 2933 386 2976 non
408 2922 454 2976 est
475 2915 596 2994 aliquid,
620 2918 699 2994 quod
722 2920 900 2996 proteratur,
923 2925 957 2977 ut
978 2917 1055 2976 lorte
1078 2913 1185 2976 dixerit
1207 2915 1323 2994 aliquis,
1346 2934 1402 2978 nec

64 3055 68 3063 ·
175 3011 257 3075 vocis
286 3033 379 3076 sonus
408 3023 469 3088 est,
498 3031 554 3077 nec
575 3017 655 3094 quod
676 3016 756 3078 Deus
778 3015 980 3098 praeceperit,
1009 3015 1068 3075 hoc
1087 3015 1181 3076 Filius
1204 3021 1266 3085 est,
1294 3013 1347 3074 sed
1372 3020 1405 3074 ut

173 3114 249 3178 lucis
279 3115 435 3195 splendor,
471 3115 515 3176 sic
542 3115 591 3176 ille
620 3117 770 3196 perlectus
799 3128 845 3179 est
872 3134 908 3176 ex
935 3115 1067 3195 perlecto
1096 3115 1185 3175 setus.
1230 3111 1307 3174 Hinc
1334 3111 1405 3174 item

172 3215 254 3280 Deus
277 3223 325 3278 est
345 3218 409 3297 ipsa
432 3216 528 3296 imago
550 3217 615 3280 ltei.
659 3220 733 3280 Nam
755 3220 849 3292 Dens,
873 3218 979 3298 inquit,
1003 3227 1071 3280 erut
1096 3213 1232 3278 Verbum.
1275 3213 1404 3293 insuper

171 3317 262 3380 rerba
283 3317 436 3382 hominnm
458 3318 532 3380 nibil
555 3319 590 3380 ad
614 3319 800 3384 efficiendum
822 3320 931 3395 valent,
954 3319 1033 3382 unde
1051 3319 1143 3380 bonno
1159 3335 1220 3378 non
1235 3315 1334 3379 verbis
1350 3313 1426 3379 sed'

206 3585 228 3621 a.
246 3573 347 3632 Sequar.
365 3574 462 3624 Gebler.
480 3575 586 3624 t'etctnn
597 3573 619 3622 l.
633 3573 691 3623 ald.
710 3566 761 3634 τὴν
811 3576 890 3627 Ceteri
908 3583 931 3624 et
950 3573 1007 3624 editi
1024 3565 1117 3631 ἐπειδὴ
1137 3563 1201 3622 οὐδὲ
1219 3557 1260 3633 ἦν.
1285 3572 1338 3624 idox
1356 3573 1402 3624 Se-

172 3632 353 3704 ἇνθρωπίνην
370 3633 464 3720 φύξιν.
502 3643 554 3692 tter
571 3642 643 3692 iidem
663 3651 760 3707 praeter
811 3658 880 3708 gaer.
899 3633 960 3692 οὔτε
977 3633 1090 3708 ἐνεργεῖ.

171 3707 310 3762 Γειειπι.4,
327 3700 382 3774 γὰρ
398 3723 415 3774 p
434 3709 473 3758 ubi
491 3709 559 3771 ingl.
578 3717 602 3759 ει
620 3710 757 3776 Fetclrrp.d.
845 3715 861 3762 i.
882 3713 982 3774 Seguer.
1002 3718 1025 3760 et
1044 3711 1099 3770 tleg.
1118 3699 1219 3768 enardi.

175 3760 214 3822 ’ν.
252 3775 327 3824 Panlo
354 3785 410 3840 post
427 3777 567 3838 Segnerian.
585 3783 610 3825 et
620 3777 724 3827 Felclnn.
734 3779 758 3830 l.
845 3781 866 3829 l.
887 3781 942 3840 llog.
960 3775 1044 3826 rotro
1060 3769 1137 3826 lotar
1153 3767 1218 3828 υἱός.
1254 3773 1401 3824 ibidem&-

209 3841 266 3896 nior
284 3833 319 3890 ἂν
334 3829 360 3910 ᾖ.
397 3843 441 3892 Alii
460 3852 485 3892 et
497 3844 553 3894 editi
564 3835 759 3905 incusante.
810 3861 877 3910 goer.
888 3844 1056 3896 adelelmi.
1068 3837 1105 3896 uia
1119 3831 1401 3922 qutdcdnoet'praopm.

205 3911 222 3960 l.
241 3911 341 3970 Segner.
361 3911 416 3973 lleg.
435 3910 525 3972 dngiic.
544 3911 650 3962 Velolrm.
664 3913 688 3962 4.
699 3922 722 3962 ει
734 3914 757 3962 5.
809 3915 854 3965 dlii
879 3921 903 3963 et
926 3913 982 3962 editi
1007 3903 1044 3965 nie
1067 3907 1131 3976 spois
1152 3905 1199 3958 aori
1223 3900 1401 3974 ἂπαυγασμα.

170 3969 201 4027 lv
217 3970 314 4043 χρόνῳ
337 3972 508 4045 γεννώμενος
531 3993 592 4041 qnae
615 3981 640 4029 in
664 3979 718 4029 aliia
736 3988 760 4030 et
809 3981 869 4031 item
888 3981 976 4030 ibidem
995 3979 1094 4058 Spgner.
1113 3985 1137 4028 et
1155 3979 1210 4040 lieg.
1231 3968 1318 4031 abror
1334 3969 1401 4026 lori.

171 4045 241 4096 atim
259 4045 355 4097 desunt.
403 4103 406 4108 ,
811 4049 873 4098 eniri
892 4055 916 4097 et
933 4047 973 4097 alii
992 4037 1154 4097 noverim

205 4128 228 4175 g.
248 4113 289 4164 Sic
311 4115 411 4176 Sogner.
436 4115 493 4176 lleg.
512 4111 603 4176 Anglie.
622 4112 761 4164 Goblerian.
846 4115 862 4164 Ι,
882 4115 938 4175 lieg.
957 4113 1028 4163 lircil.
1047 4113 1115 4175 ingl.
1134 4121 1158 4163 et
1176 4111 1314 4164 feletemb.
1326 4104 1403 4162 terta

170 4179 277 4231 Velolrm.
297 4181 320 4230 l.
339 4189 362 4231 et
380 4181 403 4231 b.
437 4181 483 4232 titt
508 4197 565 4233 vero
584 4189 607 4231 et
626 4181 683 4230 editi
703 4171 759 4229 ἀλλ’
810 4176 857 4231 arai
875 4173 963 4230 εἰκών.
1001 4179 1075 4230 ΡιιιΙο
1100 4189 1156 4245 post
1178 4181 1317 4243 Segnerioo.
1344 4182 1402 4241 tuq.

172 4237 348 4298 deleniret
367 4241 463 4302 twice
479 4250 577 4300 omittis
595 4249 736 4299 interiectis.
811 4249 883 4299 Basti.
902 4249 993 4311 tngtic.
1011 4249 1148 4300 Goblerinn.
1169 4247 1273 4298 Veli-lim.
1295 4247 1315 4297 1.
1335 4254 1358 4294 ει
1376 4245 1400 4294 l.

205 4316 229 4366 b.
249 4315 354 4366 totuin.
372 4317 395 4367 4.
415 4307 477 4366 οὔτε
494 4309 552 4382 lurp
572 4315 606 4372 εἴ,
625 4305 693 4364 ‹ittd
709 4307 759 4382 με’-
812 4305 977 4365 odddraiuw.
1003 4317 1081 4366 Ceteri
1100 4325 1123 4366 et
1141 4317 1197 4366 editi
1217 4306 1298 4364 obstr
1314 4307 1399 4388 ζστιν.

171 4395 226 4436 vot·
261 4383 336 4433 Panlo
360 4392 419 4450 post
435 4383 532 4448 Segner.
551 4329 608 4434 brat
624 4376 695 4450 μηδὲ
712 4367 755 4463 '1:⁹-
811 4383 903 4434 ibidem
921 4383 1062 4446 Segnerinn.
1087 4377 1131 4432 dod
1155 4374 1219 4430 edat
1237 4375 1285 4429 ded
1301 4375 1400 4440 λογων,

174 4449 273 4501 oetier.
291 4450 395 4502 Velcim.
411 4453 432 4502 l.
444 4452 502 4504 ιιι.
520 4445 610 4512 ἐπειδὴ
629 4443 700 4518 μηδὲ
717 4465 757 4511 qv.
811 4451 874 4502 Editi
893 4458 916 4502 ει
935 4451 976 4500 olii
994 4443 1038 4500 dod
1056 4445 1102 4498 ani
1120 4441 1185 4500 obet
1201 4457 1246 4498 etc.
