3102 5042
485 257 629 302 aersuont
644 259 663 302 r.
678 259 715 302 so
732 259 927 304 samareum.
1253 245 1316 311 693
1344 296 1347 304 .

92 415 201 496 spiritu
222 411 337 474 mentio
360 411 434 472 laeta
458 408 562 484 luerit,
591 409 621 472 id
649 409 686 472 de
714 409 813 491 aliquo
841 410 1059 490 praedicturum
1088 411 1245 492 spirituum
1265 413 1401 484 ira-ooo.

88 514 273 598 telligeretis.
319 510 497 576 Huiusmodi
519 511 569 572 ille
591 519 647 584 est,
670 512 706 574 de
728 531 786 592 quo
808 513 885 592 apud
893 512 1015 576 Esaiam
1035 513 1160 593 legitur:
1182 515 1317 580 Consen-

86 625 129 682 so't
156 621 251 680 Arum
280 633 346 678 eum
374 613 538 694 Epiroten,
568 625 597 675 et
625 615 781 694 ode’tstpuit
808 620 908 678 onem
934 619 998 678 eius
1025 626 1055 678 et
1081 621 1184 678 noima
1209 617 1320 698 populi

86 727 167 791 erus,
197 717 444 800 quemadmodum
465 719 498 777 io
520 715 600 778 atlon
621 717 716 778 ordor
737 733 756 778 n
778 719 890 796 spiritu
912 722 1096 784 concutitur.
1143 717 1225 780 ldem
1246 718 1318 781 item
1372 743 1375 754 ·

83 823 134 884 his
162 819 263 881 uerhis
290 817 452 879 indicatur:
493 817 645 878 Eueitoott
672 817 819 882 Domr'uua
847 822 991 899 spiritum
1018 823 1050 882 in
1076 837 1164 882 more
1196 827 1318 899 propter

84 924 203 986 Ionam.
247 920 373 982 Tonitru
394 917 542 997 siquidem
566 927 730 997 sequuntur
751 919 874 998 spiritns
896 927 1061 995 ventorum,
1084 921 1129 983 uti
1148 920 1271 1000 contigit
1284 921 1316 984 in

86 1023 199 1104 pluria,
221 1039 294 1102 quae
316 1029 419 1084 uonna
437 1019 535 1080 heheh
559 1020 673 1094 recidit,
696 1022 942 1100 quemadmodum
964 1022 1186 1102 scriptumest:
1208 1023 1250 1085 Bt
1262 1024 1402 1102 sodon.

87 1137 157 1188 etus
180 1134 225 1187 eet
246 1142 340 1204 osque
362 1123 420 1184 hoe
442 1133 471 1184 et
492 1141 587 1204 usque
609 1122 695 1196 lenos
712 1136 741 1188 et
772 1124 848 1188 coeit
869 1126 1024 1189 odaooruti
1043 1135 1115 1190 sunt
1135 1124 1265 1188 nuditus
1287 1135 1316 1188 et

82 1231 210 1308 spiritu.
758 1220 762 1231 '

172 1331 203 1392 9.
250 1327 382 1410 „ilerum
405 1325 473 1405 quia
496 1325 615 1399 Christi,
638 1326 785 1407 inquiunt,
807 1327 942 1390 meminit
962 1327 1122 1408 Scriptura,
1144 1327 1215 1390 hine
1234 1326 1313 1388 litut

88 1429 254 1510 „spiritus
276 1427 314 1489 de
339 1445 397 1506 quo
419 1427 468 1489 hie
489 1435 536 1488 est
557 1417 703 1507 quaestio,
725 1429 824 1491 nmlns
838 1429 913 1492 alius
929 1429 1138 1509 intelligendus
1160 1429 1202 1492 sit
1221 1447 1311 1509 praee

90 1542 166 1604 „ter
187 1530 329 1610 Spiritum
353 1535 519 1592 sanetum.“
564 1529 645 1592 itane
675 1549 746 1610 ergo
775 1531 916 1612 Spiritum
946 1541 1080 1594 sanetum
1107 1549 1165 1594 una
1193 1530 1312 1610 quidem

89 1652 159 1694 oum
174 1631 290 1694 Christo
313 1631 461 1692 nominari
482 1630 675 1694 attendistis?
708 1633 746 1694 ht
766 1632 885 1694 ubinam
906 1633 988 1696 illum
1008 1645 1113 1696 natura
1134 1630 1240 1694 aFilio
1262 1629 1310 1692 di-

88 1735 159 1797 ridi
181 1743 210 1796 et
244 1733 375 1814 separari
414 1732 617 1808 intellexistis,
657 1734 707 1813 qui
741 1733 892 1797 Christum
926 1734 1045 1816 quidem
1083 1752 1147 1795 rem
1183 1740 1312 1796 meatem

82 1855 148 1898 nou
185 1855 270 1908 esse,
315 1834 370 1896 sed
403 1833 548 1914 Spiritum
581 1844 715 1898 sanetum
748 1854 811 1898 rem
844 1844 973 1898 creatam
1013 1853 1081 1898 esse
1116 1833 1231 1898 audetis
1265 1831 1312 1894 di-

81 1936 179 2002 cere?
220 1936 388 1998 hhsnrdum
403 1953 476 1998 sane
497 1936 602 2012 luerit,
633 1955 683 2009 ea,
715 1956 789 2017 quae
804 1941 909 2000 natura
928 1937 1084 2000 dissimilia
1105 1944 1191 2011 sunt,
1224 1933 1313 1996 simul

81 2039 245 2103 nominare
281 2038 442 2118 eidemque
480 2038 574 2118 glorie
618 2039 777 2102 celebrare.
834 2040 916 2112 Quae
953 2039 1032 2102 enim
1069 2037 1237 2101 commuuio
1266 2033 1312 2096 rel

81 2159 163 2222 quae
183 2137 347 2202 similitudo
369 2139 413 2202 rei
436 2149 551 2202 creatae
573 2157 638 2226 eum
662 2139 820 2204 creatore?
862 2141 1009 2204 Proiecto.
1023 2141 1049 2201 si
1078 2139 1117 2202 ita
1147 2146 1222 2213 est‚·
1238 2137 1312 2200 nihil

81 2241 166 2304 aliud
187 2251 325 2321 superest
354 2259 439 2322 quam
452 2271 456 2284 ·
469 2251 502 2304 ut
523 2240 597 2302 Filio
619 2259 687 2314 res,
716 2259 790 2321 quas
821 2241 887 2320 ipse
909 2241 1032 2312 creavit,
1060 2237 1261 2310 annumeretis
1283 2246 1312 2300 et

83 2342 287 2420 coniungatis.
331 2342 428 2422 ltaque
451 2344 524 2404 setis
546 2342 665 2421 quidem
689 2361 757 2404 esse
779 2341 946 2416 videbatur,
975 2341 1053 2420 quod
1075 2340 1153 2420 apud
1173 2337 1309 2417 Prophe-

85 2455 151 2504 tam
173 2442 317 2522 seriptum
339 2452 394 2518 est,
415 2444 452 2506 de
474 2444 581 2524 spiritu
604 2451 768 2519 ventorum,
793 2453 825 2505 ut
845 2442 903 2506 iam
925 2443 1034 2506 dietum
1057 2449 1114 2516 est,
1136 2439 1310 2518 intelligere.

88 2546 203 2606 Verum
231 2544 465 2625 quandoquidem
494 2549 598 2608 laetam
625 2546 736 2610 ibidem
757 2546 794 2608 de
817 2545 935 2609 Christo
963 2545 1144 2608 mentionem
1171 2539 1312 2615 obtinus,

84 2652 227 2710 accurate
246 2663 298 2710 rer
319 2656 364 2710 est
384 2649 471 2712 nohis
495 2648 674 2730 explicanda,
698 2647 724 2710 si
746 2649 823 2710 lorte
845 2647 915 2727 quid
936 2648 1042 2710 melius
1061 2647 1097 2710 de
1119 2645 1169 2708 illo
1191 2643 1311 2722 spiritu,

82 2747 139 2829 qui
161 2743 254 2810 creari
282 2747 403 2828 dicitnr,
437 2752 596 2826 ostendere
626 2750 789 2831 possimus.
833 2750 911 2824 Quid
940 2758 986 2813 est
1011 2732 1101 2828 igitu'r
1132 2745 1312 2808 annunciare

83 2853 166 2914 inter
186 2850 325 2914 homines
341 2849 489 2914 Christum
510 2853 586 2928 eins,
609 2871 696 2932 quem
717 2853 815 2932 ipsum
830 2851 981 2914 hominem
995 2849 1069 2924 fieri,
1092 2848 1229 2928 idemque
1244 2864 1312 2909 esse

85 2969 125 3012 ae
145 2950 231 3014 illud:
253 2952 329 3014 Eeee
349 2955 435 3032 oirqo
456 2957 490 3015 io
511 2967 599 3018 utero
622 2953 739 3018 dolebit
755 2964 782 3016 et
801 2957 903 3036 pariet
916 2954 1024 3034 filium,
1048 2963 1076 3014 et
1090 2950 1311 3012 ooeoduotne-

89 3069 162 3114 meo
181 3057 243 3116 eiua
265 3053 451 3128 Emmanuel,
474 3064 504 3115 et
526 3054 590 3128 alia,
614 3072 688 3133 quae
711 3053 747 3116 de
762 3055 827 3116 eius
842 3055 967 3116 adventu
982 3053 1091 3132 scripta
1113 3047 1205 3112 stent?
1238 3047 1311 3110 Cum

89 3151 183 3232 igitur
202 3173 237 3215 eo
260 3153 318 3216 loei
339 3155 428 3218 Verhi
450 3157 481 3218 in
503 3175 621 3218 earnem
643 3155 784 3219 adventus
806 3156 1019 3228 annuncietur,
1042 3151 1158 3232 qualem
1179 3158 1310 3212 ereetum

86 3254 228 3334 spiritum
250 3255 414 3337 intelligere
437 3257 578 3320 dehemus
600 3266 719 3338 praeter
739 3257 891 3320 hominurn
920 3255 1073 3335 spiritum,
1102 3254 1152 3335 qui
1179 3249 1312 3314 refieitur

82 3365 119 3418 et
139 3365 316 3432 renovatur,
348 3359 595 3437 quemadmodum
618 3359 697 3422 Deus
724 3379 779 3439 per
799 3357 983 3420 Ezechielem
1010 3353 1160 3438 pollicitus
1187 3361 1234 3417 est
1261 3350 1310 3414 tli-

80 3475 176 3520 cens:
205 3457 245 3524 Bt
266 3460 342 3523 dudo
364 3461 448 3525 vodis
472 3481 525 3525 eor
545 3481 673 3536 novum,
703 3473 731 3526 et
752 3465 895 3542 spiritum
915 3479 1028 3524 novum
1049 3459 1126 3524 daho
1153 3455 1254 3526 vohis,
1280 3463 1312 3518 et

123 3743 147 3793 d.
166 3744 222 3808 lleq.
241 3745 262 3796 1.
281 3755 304 3796 et
321 3747 420 3811 Sequer.
439 3740 496 3798 ἐπεὶ
512 3743 584 3816 περὶ,
604 3743 677 3816 φασί
726 3751 831 3801 Felehm.
851 3751 873 3800 1.
900 3748 990 3812 hnqlie.
1014 3749 1072 3810 Req.
1090 3748 1115 3798 2.
1139 3738 1312 3800 evvtotdtuv

77 3817 134 3861 ete.
727 3819 825 3870 addunt.
859 3815 904 3866 lttt
922 3825 946 3867 at
963 3817 1034 3867 editio
1054 3816 1170 3867 Commel.
1189 3815 1312 3864 abiiciunt.

108 3894 146 3956 ,⁰·
166 3879 232 3957 oque
256 3892 389 3958 sequnntur
409 3878 466 3950 χρὴ
490 3883 565 3934 νοεῖν
582 3892 627 3936 ete.
645 3885 680 3935 ad
760 3888 784 3936 h.
803 3887 859 3936 Post
883 3869 932 3932 οὖν
954 3884 1012 3948 Reg.
1027 3885 1049 3934 1.
1068 3883 1093 3934 et
1108 3883 1249 3946 Sequeriam‘
1264 3873 1315 3928 καί

80 3960 119 3994 το
138 3958 246 4012 noevum
263 3961 294 3996 ro
312 3943 393 4015 ἅγιον
410 3953 499 4003 hahent
516 3955 572 4014 fleg.
592 3953 615 4002 l.
632 3954 676 4002 Se·
727 3954 823 4005 addunt
1327 3983 1331 3999 =

79 4027 157 4074 gaer.
184 4015 279 4066 notter,
304 4027 328 4068 et
349 4019 454 4070 heloim.
476 4021 497 4070 1.
515 4021 675 4070 desuutrero
761 4022 777 4070 i.
805 4019 1120 4082 Sithoniasque.
1155 4019 1270 4070 ltGohl.
1289 4029 1314 4069 et

83 4084 113 4132 in
133 4081 186 4160 aliis
205 4091 228 4160 qt
246 4085 324 4164 editiq.
727 4089 833 4138 heloim.
850 4085 872 4137 1.
887 4085 969 4135 τοῦτο
988 4081 1018 4136 τὸ
1037 4090 1109 4150 (torte
1127 4103 1172 4153 pro
1190 4085 1240 4152 uqi)
1257 4077 1313 4166 φά-

124 4151 140 4197 t.
153 4163 219 4197 outo
230 4163 285 4215 post
299 4151 464 4212 αποξενίζειν
475 4157 590 4206 obiiciunt
601 4155 676 4218 liegii,
727 4169 788 4204 ναι·
811 4148 870 4204 idoai
888 4163 932 4206 ete.
967 4157 1090 4220 Angliean.
1114 4149 1203 4221 τούτῳ
1222 4165 1313 4221 <pam

84 4217 433 4284 sequestratumque.
469 4229 497 4276 At
519 4225 560 4274 alii
579 4233 603 4274 et
620 4225 676 4274 editi
727 4219 769 4280 τὸ,
791 4217 851 4273 ldnai
869 4235 913 4274 ete.
949 4224 1010 4274 Edit.
1035 4224 1154 4276 Commel.
1171 4231 1195 4274 et
1213 4224 1268 4284 hoq.
1287 4221 1311 4268 'l-
1351 4237 1356 4250 ’

83 4285 185 4362 hahent.
221 4287 272 4337 hlox
295 4291 351 4353 hoq.
372 4291 395 4340 1.
418 4293 518 4353 Sequar.
538 4291 635 4344 Gohler.
654 4301 678 4343 et
726 4285 815 4357 τούτῳ
832 4284 938 4372 φάναι·
958 4284 1018 4340 ἰδού
1036 4301 1080 4344 ete.
1116 4292 1311 4354 Paaloportpro

82 4353 194 4432 heloim.
216 4355 237 4404 1.
257 4347 288 4402 οὗ
306 4352 496 4418 κατενοήσατε,
516 4350 560 4408 ὅτι
578 4369 623 4412 ete.
727 4355 871 4426 laeduntur
893 4361 998 4412 Felcim.
1016 4359 1040 4412 2.
1058 4369 1083 4412 et
1104 4359 1176 4411 editio
1195 4353 1313 4407 Commeh

87 4433 285 4553 lflqgnusztflnureret
303 4421 463 4561 ‘illumi
477 4428 567 4559 illini:
579 4429 676 4548 &iiiiii
727 4423 937 4562 dqiiwligqitff'et
953 4495 1053 4562 Sequer.
1072 4485 1088 4556 ii
1105 4484 1139 4542 τό
1155 4497 1200 4546 elt-
