<?xml version="1.0" encoding="UTF-8"?>
<!DOCTYPE html PUBLIC "-//W3C//DTD XHTML 1.0 Transitional//EN"
    "http://www.w3.org/TR/xhtml1/DTD/xhtml1-transitional.dtd">
<html xmlns="http://www.w3.org/1999/xhtml" xml:lang="en" lang="en">
 <head>
  <title>
</title>
<meta http-equiv="Content-Type" content="text/html;charset=utf-8" />
  <meta name='ocr-system' content='tesseract 3.04.00' />
  <meta name='ocr-capabilities' content='ocr_page ocr_carea ocr_par ocr_line ocrx_word'/>
</head>
<body>
  <div class='ocr_page' id='page_1' title='image "./sanctiathanasii03athagoog_0115.png"; bbox 0 0 3176 5058; ppageno 0'>
   <div class='ocr_carea' id='block_1_1' title="bbox 422 317 1357 380">
    <p class='ocr_par' dir='ltr' id='par_1_1' title="bbox 422 317 1357 380">
     <span class='ocr_line' id='line_1_1' title="bbox 422 317 1357 380; baseline 0.005 -14"><span class='ocrx_word' id='word_1_1' title='bbox 422 323 565 366; x_wconf 76' lang='lat' dir='ltr'>srtsrots</span> <span class='ocrx_word' id='word_1_2' title='bbox 581 319 619 366; x_wconf 73' lang='lat' dir='ltr'>DE</span> <span class='ocrx_word' id='word_1_3' title='bbox 634 323 778 368; x_wconf 69' lang='lat' dir='ltr'>DROEETIS</span> <span class='ocrx_word' id='word_1_4' title='bbox 793 323 937 370; x_wconf 70' lang='lat' dir='ltr'>iilffliissi</span> <span class='ocrx_word' id='word_1_5' title='bbox 953 325 1072 370; x_wconf 79' lang='lat' dir='ltr'>srnoot.</span> <span class='ocrx_word' id='word_1_6' title='bbox 1316 317 1357 380; x_wconf 71' lang='grc'>87</span> 
     </span>
    </p>
   </div>
   <div class='ocr_carea' id='block_1_2' title="bbox 7 473 1442 661">
    <p class='ocr_par' dir='ltr' id='par_1_2' title="bbox 7 473 1442 661">
     <span class='ocr_line' id='line_1_2' title="bbox 7 473 1442 549; baseline 0.002 -10"><span class='ocrx_word' id='word_1_7' title='bbox 7 540 10 549; x_wconf 82' lang='grc'><strong>,</strong></span> <span class='ocrx_word' id='word_1_8' title='bbox 131 473 417 540; x_wconf 85' lang='lat' dir='ltr'>consubstantialem</span> <span class='ocrx_word' id='word_1_9' title='bbox 439 473 574 534; x_wconf 82' lang='lat' dir='ltr'>confiteri</span> <span class='ocrx_word' id='word_1_10' title='bbox 596 493 629 536; x_wconf 88' lang='lat' dir='ltr'>se</span> <span class='ocrx_word' id='word_1_11' title='bbox 650 474 821 538; x_wconf 80' lang='lat' dir='ltr'>atiirmahat</span> <span class='ocrx_word' id='word_1_12' title='bbox 864 475 1063 542; x_wconf 70' lang='lat' dir='ltr'>nascentem</span> <span class='ocrx_word' id='word_1_13' title='bbox 1086 488 1158 541; x_wconf 89' lang='lat' dir='ltr'>sunt</span> <span class='ocrx_word' id='word_1_14' title='bbox 1177 480 1442 544; x_wconf 68' lang='lat' dir='ltr'>eihstatenses</span> 
     </span>
     <span class='ocr_line' id='line_1_3' title="bbox 10 574 1362 661; baseline 0.009 -27"><span class='ocrx_word' id='word_1_15' title='bbox 10 631 11 634; x_wconf 74' lang='grc'>,</span> <span class='ocrx_word' id='word_1_16' title='bbox 133 577 200 653; x_wconf 84' lang='lat' dir='ltr'>„Et</span> <span class='ocrx_word' id='word_1_17' title='bbox 220 577 308 639; x_wconf 86' lang='lat' dir='ltr'>aliam</span> <span class='ocrx_word' id='word_1_18' title='bbox 330 574 489 656; x_wconf 89' lang='lat' dir='ltr'>epistolam</span> <span class='ocrx_word' id='word_1_19' title='bbox 511 574 631 654; x_wconf 76' lang='lat' dir='ltr'>scripsi,</span> <span class='ocrx_word' id='word_1_20' title='bbox 659 575 711 638; x_wconf 81' lang='lat' dir='ltr'>ehi</span> <span class='ocrx_word' id='word_1_21' title='bbox 733 577 867 652; x_wconf 76' lang='lat' dir='ltr'>omenti,</span> <span class='ocrx_word' id='word_1_22' title='bbox 895 578 996 642; x_wconf 75' lang='lat' dir='ltr'>salsam</span> <span class='ocrx_word' id='word_1_23' title='bbox 1025 599 1095 642; x_wconf 88' lang='lat' dir='ltr'>essa</span> <span class='ocrx_word' id='word_1_24' title='bbox 1115 599 1174 661; x_wconf 85' lang='lat' dir='ltr'>qua</span> <span class='ocrx_word' id='word_1_25' title='bbox 1197 581 1239 643; x_wconf 90' lang='lat' dir='ltr'>ilii</span> <span class='ocrx_word' id='word_1_26' title='bbox 1262 583 1294 645; x_wconf 89' lang='lat' dir='ltr'>in</span> <span class='ocrx_word' id='word_1_27' title='bbox 1315 601 1362 646; x_wconf 89' lang='lat' dir='ltr'>mc</span> 
     </span>
    </p>
   </div>
   <div class='ocr_carea' id='block_1_3' title="bbox 135 675 1444 1474">
    <p class='ocr_par' dir='ltr' id='par_1_3' title="bbox 135 675 1444 1474">
     <span class='ocr_line' id='line_1_4' title="bbox 135 675 1362 761; baseline 0.004 -20"><span class='ocrx_word' id='word_1_28' title='bbox 135 687 288 754; x_wconf 86' lang='lat' dir='ltr'>„utuntur</span> <span class='ocrx_word' id='word_1_29' title='bbox 310 675 526 746; x_wconf 73' lang='lat' dir='ltr'>criminatione,</span> <span class='ocrx_word' id='word_1_30' title='bbox 549 675 635 754; x_wconf 80' lang='lat' dir='ltr'>quasi</span> <span class='ocrx_word' id='word_1_31' title='bbox 657 676 768 738; x_wconf 83' lang='lat' dir='ltr'>scilicet</span> <span class='ocrx_word' id='word_1_32' title='bbox 790 677 838 757; x_wconf 89' lang='lat' dir='ltr'>qui</span> <span class='ocrx_word' id='word_1_33' title='bbox 857 697 1023 760; x_wconf 73' lang='lat' dir='ltr'>negassem,</span> <span class='ocrx_word' id='word_1_34' title='bbox 1046 681 1197 746; x_wconf 82' lang='lat' dir='ltr'>Christum</span> <span class='ocrx_word' id='word_1_35' title='bbox 1213 683 1276 748; x_wconf 83' lang='lat' dir='ltr'>Deo</span> <span class='ocrx_word' id='word_1_36' title='bbox 1291 703 1362 761; x_wconf 63' lang='lat' dir='ltr'>esse</span> 
     </span>
     <span class='ocr_line' id='line_1_5' title="bbox 136 775 1360 856; baseline 0.007 -15"><span class='ocrx_word' id='word_1_37' title='bbox 136 775 464 856; x_wconf 67' lang='lat' dir='ltr'>„consubstantialem</span> <span class='ocrx_word' id='word_1_38' title='bbox 507 775 571 841; x_wconf 84' lang='lat' dir='ltr'>Etsi</span> <span class='ocrx_word' id='word_1_39' title='bbox 594 777 675 838; x_wconf 91' lang='lat' dir='ltr'>enim</span> <span class='ocrx_word' id='word_1_40' title='bbox 697 779 807 850; x_wconf 77' lang='lat' dir='ltr'>fateor,</span> <span class='ocrx_word' id='word_1_41' title='bbox 835 795 883 840; x_wconf 89' lang='lat' dir='ltr'>me</span> <span class='ocrx_word' id='word_1_42' title='bbox 910 781 940 841; x_wconf 92' lang='lat' dir='ltr'>id</span> <span class='ocrx_word' id='word_1_43' title='bbox 968 781 1098 844; x_wconf 88' lang='lat' dir='ltr'>nominis</span> <span class='ocrx_word' id='word_1_44' title='bbox 1126 785 1206 848; x_wconf 86' lang='lat' dir='ltr'>nullo</span> <span class='ocrx_word' id='word_1_45' title='bbox 1239 785 1270 848; x_wconf 92' lang='lat' dir='ltr'>in</span> <span class='ocrx_word' id='word_1_46' title='bbox 1293 786 1360 850; x_wconf 86' lang='lat' dir='ltr'>ioco</span> 
     </span>
     <span class='ocr_line' id='line_1_6' title="bbox 137 875 1444 968; baseline 0.002 -26"><span class='ocrx_word' id='word_1_47' title='bbox 137 887 335 955; x_wconf 73' lang='lat' dir='ltr'>„scammum</span> <span class='ocrx_word' id='word_1_48' title='bbox 357 877 576 956; x_wconf 79' lang='lat' dir='ltr'>seripturarum</span> <span class='ocrx_word' id='word_1_49' title='bbox 598 875 763 948; x_wconf 82' lang='lat' dir='ltr'>invenisse,</span> <span class='ocrx_word' id='word_1_50' title='bbox 791 884 888 940; x_wconf 69' lang='lat' dir='ltr'>nmen</span> <span class='ocrx_word' id='word_1_51' title='bbox 917 898 989 956; x_wconf 85' lang='lat' dir='ltr'>qnae</span> <span class='ocrx_word' id='word_1_52' title='bbox 1017 882 1236 964; x_wconf 86' lang='lat' dir='ltr'>subsequuntur</span> <span class='ocrx_word' id='word_1_53' title='bbox 1268 898 1444 968; x_wconf 77' lang='lat' dir='ltr'>argu-naor.</span> 
     </span>
     <span class='ocr_line' id='line_1_7' title="bbox 140 974 1359 1056; baseline 0.007 -15"><span class='ocrx_word' id='word_1_54' title='bbox 140 979 366 1056; x_wconf 86' lang='lat' dir='ltr'>„mentatioees</span> <span class='ocrx_word' id='word_1_55' title='bbox 386 995 481 1050; x_wconf 90' lang='lat' dir='ltr'>meae,</span> <span class='ocrx_word' id='word_1_56' title='bbox 505 995 577 1056; x_wconf 88' lang='lat' dir='ltr'>quas</span> <span class='ocrx_word' id='word_1_57' title='bbox 599 975 720 1055; x_wconf 81' lang='lat' dir='ltr'>quidem</span> <span class='ocrx_word' id='word_1_58' title='bbox 741 974 784 1038; x_wconf 90' lang='lat' dir='ltr'>illi</span> <span class='ocrx_word' id='word_1_59' title='bbox 805 977 995 1051; x_wconf 84' lang='lat' dir='ltr'>reticuerunt,</span> <span class='ocrx_word' id='word_1_60' title='bbox 1018 981 1053 1040; x_wconf 89' lang='lat' dir='ltr'>ah</span> <span class='ocrx_word' id='word_1_61' title='bbox 1073 984 1126 1044; x_wconf 86' lang='lat' dir='ltr'>hac</span> <span class='ocrx_word' id='word_1_62' title='bbox 1139 989 1282 1050; x_wconf 87' lang='lat' dir='ltr'>sententia</span> <span class='ocrx_word' id='word_1_63' title='bbox 1298 1007 1359 1052; x_wconf 90' lang='lat' dir='ltr'>non</span> 
     </span>
     <span class='ocr_line' id='line_1_8' title="bbox 141 1077 1359 1167; baseline 0.008 -25"><span class='ocrx_word' id='word_1_64' title='bbox 141 1078 348 1159; x_wconf 85' lang='lat' dir='ltr'>„discrepant</span> <span class='ocrx_word' id='word_1_65' title='bbox 393 1078 471 1152; x_wconf 86' lang='lat' dir='ltr'>Quin</span> <span class='ocrx_word' id='word_1_66' title='bbox 494 1079 581 1140; x_wconf 87' lang='lat' dir='ltr'>etiam</span> <span class='ocrx_word' id='word_1_67' title='bbox 603 1077 724 1140; x_wconf 90' lang='lat' dir='ltr'>hnmani</span> <span class='ocrx_word' id='word_1_68' title='bbox 746 1085 852 1157; x_wconf 86' lang='lat' dir='ltr'>partus</span> <span class='ocrx_word' id='word_1_69' title='bbox 874 1079 1039 1158; x_wconf 86' lang='lat' dir='ltr'>exemplum</span> <span class='ocrx_word' id='word_1_70' title='bbox 1054 1081 1084 1142; x_wconf 91' lang='lat' dir='ltr'>in</span> <span class='ocrx_word' id='word_1_71' title='bbox 1100 1086 1226 1148; x_wconf 87' lang='lat' dir='ltr'>medium</span> <span class='ocrx_word' id='word_1_72' title='bbox 1241 1091 1359 1167; x_wconf 77' lang='lat' dir='ltr'>preterii,</span> 
     </span>
     <span class='ocr_line' id='line_1_9' title="bbox 140 1177 1361 1265; baseline 0.007 -22"><span class='ocrx_word' id='word_1_73' title='bbox 140 1199 257 1261; x_wconf 84' lang='lat' dir='ltr'>„quem</span> <span class='ocrx_word' id='word_1_74' title='bbox 288 1198 394 1260; x_wconf 88' lang='lat' dir='ltr'>nempe</span> <span class='ocrx_word' id='word_1_75' title='bbox 422 1179 609 1260; x_wconf 86' lang='lat' dir='ltr'>perspicuum</span> <span class='ocrx_word' id='word_1_76' title='bbox 642 1185 689 1240; x_wconf 92' lang='lat' dir='ltr'>est</span> <span class='ocrx_word' id='word_1_77' title='bbox 715 1177 949 1242; x_wconf 85' lang='lat' dir='ltr'>eiusdem&#39;esse</span> <span class='ocrx_word' id='word_1_78' title='bbox 976 1188 1113 1256; x_wconf 90' lang='lat' dir='ltr'>naturae,</span> <span class='ocrx_word' id='word_1_79' title='bbox 1145 1185 1299 1265; x_wconf 83' lang='lat' dir='ltr'>addidique</span> <span class='ocrx_word' id='word_1_80' title='bbox 1325 1211 1361 1252; x_wconf 88' lang='lat' dir='ltr'>eo</span> 
     </span>
     <span class='ocr_line' id='line_1_10' title="bbox 140 1279 1382 1362; baseline 0.006 -18"><span class='ocrx_word' id='word_1_81' title='bbox 140 1282 269 1358; x_wconf 87' lang='lat' dir='ltr'>„solum</span> <span class='ocrx_word' id='word_1_82' title='bbox 290 1288 427 1361; x_wconf 88' lang='lat' dir='ltr'>parentes</span> <span class='ocrx_word' id='word_1_83' title='bbox 449 1281 522 1344; x_wconf 81' lang='lat' dir='ltr'>aiios</span> <span class='ocrx_word' id='word_1_84' title='bbox 545 1297 614 1343; x_wconf 88' lang='lat' dir='ltr'>esse</span> <span class='ocrx_word' id='word_1_85' title='bbox 636 1298 653 1342; x_wconf 91' lang='lat' dir='ltr'>a</span> <span class='ocrx_word' id='word_1_86' title='bbox 674 1279 738 1341; x_wconf 83' lang='lat' dir='ltr'>suis</span> <span class='ocrx_word' id='word_1_87' title='bbox 760 1279 879 1356; x_wconf 83' lang='lat' dir='ltr'>liberis,</span> <span class='ocrx_word' id='word_1_88' title='bbox 912 1282 993 1360; x_wconf 91' lang='lat' dir='ltr'>quod</span> <span class='ocrx_word' id='word_1_89' title='bbox 1022 1281 1080 1362; x_wconf 88' lang='lat' dir='ltr'>ipsi</span> <span class='ocrx_word' id='word_1_90' title='bbox 1108 1301 1169 1346; x_wconf 89' lang='lat' dir='ltr'>non</span> <span class='ocrx_word' id='word_1_91' title='bbox 1191 1285 1251 1348; x_wconf 89' lang='lat' dir='ltr'>sint</span> <span class='ocrx_word' id='word_1_92' title='bbox 1270 1287 1382 1361; x_wconf 70' lang='lat' dir='ltr'>tiberi·</span> 
     </span>
     <span class='ocr_line' id='line_1_11' title="bbox 141 1382 1365 1474; baseline 0.007 -30"><span class='ocrx_word' id='word_1_93' title='bbox 141 1401 226 1458; x_wconf 86' lang='lat' dir='ltr'>„aee</span> <span class='ocrx_word' id='word_1_94' title='bbox 246 1382 318 1444; x_wconf 83' lang='lat' dir='ltr'>item</span> <span class='ocrx_word' id='word_1_95' title='bbox 337 1401 463 1444; x_wconf 87' lang='lat' dir='ltr'>necesse</span> <span class='ocrx_word' id='word_1_96' title='bbox 491 1401 559 1444; x_wconf 85' lang='lat' dir='ltr'>esse</span> <span class='ocrx_word' id='word_1_97' title='bbox 581 1388 632 1444; x_wconf 89' lang='lat' dir='ltr'>aut</span> <span class='ocrx_word' id='word_1_98' title='bbox 653 1388 793 1460; x_wconf 84' lang='lat' dir='ltr'>parentes</span> <span class='ocrx_word' id='word_1_99' title='bbox 815 1400 885 1444; x_wconf 88' lang='lat' dir='ltr'>esse</span> <span class='ocrx_word' id='word_1_100' title='bbox 907 1391 958 1444; x_wconf 90' lang='lat' dir='ltr'>aut</span> <span class='ocrx_word' id='word_1_101' title='bbox 978 1383 1102 1444; x_wconf 79' lang='lat' dir='ltr'>liberes.</span> <span class='ocrx_word' id='word_1_102' title='bbox 1145 1383 1182 1446; x_wconf 80' lang='lat' dir='ltr'>Et</span> <span class='ocrx_word' id='word_1_103' title='bbox 1203 1385 1280 1449; x_wconf 88' lang='lat' dir='ltr'>hanc</span> <span class='ocrx_word' id='word_1_104' title='bbox 1299 1387 1365 1474; x_wconf 63' lang='lat' dir='ltr'>qui7</span> 
     </span>
    </p>
   </div>
   <div class='ocr_carea' id='block_1_4' title="bbox 7 1462 1367 1563">
    <p class='ocr_par' dir='ltr' id='par_1_4' title="bbox 7 1462 1367 1563">
     <span class='ocr_line' id='line_1_12' title="bbox 7 1462 1367 1563; baseline 0.013 -28"><span class='ocrx_word' id='word_1_105' title='bbox 7 1462 10 1475; x_wconf 87' lang='lat'>&#39;</span> <span class='ocrx_word' id='word_1_106' title='bbox 120 1485 237 1560; x_wconf 78' lang='lat' dir='ltr'>·‚‚dam</span> <span class='ocrx_word' id='word_1_107' title='bbox 258 1483 422 1563; x_wconf 83' lang='lat' dir='ltr'>epistolem,</span> <span class='ocrx_word' id='word_1_108' title='bbox 445 1491 478 1545; x_wconf 89' lang='lat' dir='ltr'>ut</span> <span class='ocrx_word' id='word_1_109' title='bbox 500 1481 568 1554; x_wconf 84' lang='lat' dir='ltr'>dixi,</span> <span class='ocrx_word' id='word_1_110' title='bbox 592 1481 631 1544; x_wconf 90' lang='lat' dir='ltr'>oh</span> <span class='ocrx_word' id='word_1_111' title='bbox 646 1491 835 1561; x_wconf 77' lang='lat' dir='ltr'>praesentem</span> <span class='ocrx_word' id='word_1_112' title='bbox 849 1501 950 1546; x_wconf 84' lang='lat' dir='ltr'>rerum</span> <span class='ocrx_word' id='word_1_113' title='bbox 971 1491 1083 1548; x_wconf 89' lang='lat' dir='ltr'>statum</span> <span class='ocrx_word' id='word_1_114' title='bbox 1097 1485 1291 1550; x_wconf 81' lang='lat' dir='ltr'>exhihendam</span> <span class='ocrx_word' id='word_1_115' title='bbox 1306 1507 1367 1552; x_wconf 90' lang='lat' dir='ltr'>non</span> 
     </span>
    </p>
   </div>
   <div class='ocr_carea' id='block_1_5' title="bbox 133 1583 1367 2378">
    <p class='ocr_par' dir='ltr' id='par_1_5' title="bbox 133 1583 1367 2378">
     <span class='ocr_line' id='line_1_13' title="bbox 143 1583 1367 1670; baseline 0.003 -22"><span class='ocrx_word' id='word_1_116' title='bbox 143 1585 280 1661; x_wconf 81' lang='lat' dir='ltr'>„haheo3</span> <span class='ocrx_word' id='word_1_117' title='bbox 309 1584 439 1664; x_wconf 80' lang='lat' dir='ltr'>alioquin</span> <span class='ocrx_word' id='word_1_118' title='bbox 461 1584 542 1664; x_wconf 90' lang='lat' dir='ltr'>ipsa,</span> <span class='ocrx_word' id='word_1_119' title='bbox 572 1601 648 1662; x_wconf 85' lang='lat' dir='ltr'>qnae</span> <span class='ocrx_word' id='word_1_120' title='bbox 669 1590 740 1646; x_wconf 88' lang='lat' dir='ltr'>tunc</span> <span class='ocrx_word' id='word_1_121' title='bbox 759 1583 886 1663; x_wconf 86' lang='lat' dir='ltr'>scripsi,</span> <span class='ocrx_word' id='word_1_122' title='bbox 914 1585 1002 1648; x_wconf 87' lang='lat' dir='ltr'>rerba</span> <span class='ocrx_word' id='word_1_123' title='bbox 1030 1585 1077 1648; x_wconf 84' lang='lat' dir='ltr'>rel</span> <span class='ocrx_word' id='word_1_124' title='bbox 1105 1587 1208 1668; x_wconf 88' lang='lat' dir='ltr'>potins</span> <span class='ocrx_word' id='word_1_125' title='bbox 1236 1588 1367 1670; x_wconf 74' lang='lat' dir='ltr'>integrae</span> 
     </span>
     <span class='ocr_line' id='line_1_14' title="bbox 138 1685 1365 1767; baseline 0.005 -17"><span class='ocrx_word' id='word_1_126' title='bbox 138 1687 310 1767; x_wconf 88' lang='lat' dir='ltr'>„epistolae</span> <span class='ocrx_word' id='word_1_127' title='bbox 333 1685 483 1766; x_wconf 85' lang='lat' dir='ltr'>exemplar</span> <span class='ocrx_word' id='word_1_128' title='bbox 505 1685 667 1758; x_wconf 78' lang='lat' dir='ltr'>misissem,</span> <span class='ocrx_word' id='word_1_129' title='bbox 690 1686 779 1764; x_wconf 89' lang='lat' dir='ltr'>quod,</span> <span class='ocrx_word' id='word_1_130' title='bbox 803 1685 854 1748; x_wconf 88' lang='lat' dir='ltr'>ubi</span> <span class='ocrx_word' id='word_1_131' title='bbox 875 1695 991 1766; x_wconf 88' lang='lat' dir='ltr'>potero,</span> <span class='ocrx_word' id='word_1_132' title='bbox 1018 1687 1116 1750; x_wconf 83' lang='lat' dir='ltr'>iacere</span> <span class='ocrx_word' id='word_1_133' title='bbox 1137 1707 1198 1752; x_wconf 87' lang='lat' dir='ltr'>non</span> <span class='ocrx_word' id='word_1_134' title='bbox 1221 1690 1365 1756; x_wconf 84' lang='lat' dir='ltr'>omittam.</span> 
     </span>
     <span class='ocr_line' id='line_1_15' title="bbox 135 1785 1365 1868; baseline 0.008 -19"><span class='ocrx_word' id='word_1_135' title='bbox 135 1788 285 1864; x_wconf 79' lang='lat' dir='ltr'>„Memini</span> <span class='ocrx_word' id='word_1_136' title='bbox 306 1788 377 1850; x_wconf 71' lang='lat' dir='ltr'>iero</span> <span class='ocrx_word' id='word_1_137' title='bbox 400 1787 554 1866; x_wconf 84' lang='lat' dir='ltr'>probeque</span> <span class='ocrx_word' id='word_1_138' title='bbox 576 1785 657 1859; x_wconf 88' lang='lat' dir='ltr'>scio,</span> <span class='ocrx_word' id='word_1_139' title='bbox 685 1805 732 1848; x_wconf 90' lang='lat' dir='ltr'>me</span> <span class='ocrx_word' id='word_1_140' title='bbox 753 1787 880 1866; x_wconf 84' lang='lat' dir='ltr'>piurima</span> <span class='ocrx_word' id='word_1_141' title='bbox 902 1805 1018 1864; x_wconf 86' lang='lat' dir='ltr'>rerum,</span> <span class='ocrx_word' id='word_1_142' title='bbox 1052 1807 1128 1868; x_wconf 80' lang='lat' dir='ltr'>quae</span> <span class='ocrx_word' id='word_1_143' title='bbox 1150 1791 1283 1858; x_wconf 87' lang='lat' dir='ltr'>eiusdem</span> <span class='ocrx_word' id='word_1_144' title='bbox 1304 1795 1365 1858; x_wconf 84' lang='lat' dir='ltr'>sint</span> 
     </span>
     <span class='ocr_line' id='line_1_16' title="bbox 139 1887 1365 1970; baseline 0.007 -18"><span class='ocrx_word' id='word_1_145' title='bbox 139 1891 297 1969; x_wconf 67' lang='lat' dir='ltr'>„generis</span> <span class='ocrx_word' id='word_1_146' title='bbox 320 1889 450 1968; x_wconf 76' lang='lat' dir='ltr'>exempla</span> <span class='ocrx_word' id='word_1_147' title='bbox 472 1889 681 1969; x_wconf 83' lang='lat' dir='ltr'>proposuisse.</span> <span class='ocrx_word' id='word_1_148' title='bbox 724 1887 856 1970; x_wconf 83' lang='lat' dir='ltr'>Nataque</span> <span class='ocrx_word' id='word_1_149' title='bbox 877 1889 953 1962; x_wconf 84' lang='lat' dir='ltr'>dixi,</span> <span class='ocrx_word' id='word_1_150' title='bbox 974 1890 1104 1969; x_wconf 87' lang='lat' dir='ltr'>plantam</span> <span class='ocrx_word' id='word_1_151' title='bbox 1126 1911 1162 1954; x_wconf 81' lang='lat' dir='ltr'>ex</span> <span class='ocrx_word' id='word_1_152' title='bbox 1183 1895 1365 1961; x_wconf 82' lang='lat' dir='ltr'>semineret</span> 
     </span>
     <span class='ocr_line' id='line_1_17' title="bbox 140 1989 1364 2070; baseline 0.007 -16"><span class='ocrx_word' id='word_1_153' title='bbox 140 2011 205 2066; x_wconf 84' lang='lat' dir='ltr'>„ex</span> <span class='ocrx_word' id='word_1_154' title='bbox 226 1992 324 2062; x_wconf 85' lang='lat' dir='ltr'>radice</span> <span class='ocrx_word' id='word_1_155' title='bbox 346 1999 478 2053; x_wconf 79' lang='lat' dir='ltr'>exortam</span> <span class='ocrx_word' id='word_1_156' title='bbox 500 1989 587 2052; x_wconf 86' lang='lat' dir='ltr'>aliam</span> <span class='ocrx_word' id='word_1_157' title='bbox 610 2007 679 2052; x_wconf 87' lang='lat' dir='ltr'>esse</span> <span class='ocrx_word' id='word_1_158' title='bbox 699 1989 736 2052; x_wconf 89' lang='lat' dir='ltr'>ah</span> <span class='ocrx_word' id='word_1_159' title='bbox 760 2008 796 2050; x_wconf 93' lang='lat' dir='ltr'>eo</span> <span class='ocrx_word' id='word_1_160' title='bbox 819 1989 897 2052; x_wconf 88' lang='lat' dir='ltr'>node</span> <span class='ocrx_word' id='word_1_161' title='bbox 918 1989 1062 2070; x_wconf 78' lang='lat' dir='ltr'>producta</span> <span class='ocrx_word' id='word_1_162' title='bbox 1083 2001 1145 2068; x_wconf 88' lang='lat' dir='ltr'>est,</span> <span class='ocrx_word' id='word_1_163' title='bbox 1178 2014 1245 2060; x_wconf 87' lang='lat' dir='ltr'>esse</span> <span class='ocrx_word' id='word_1_164' title='bbox 1266 2007 1364 2064; x_wconf 69' lang='lat' dir='ltr'>umen</span> 
     </span>
     <span class='ocr_line' id='line_1_18' title="bbox 139 2089 1365 2169; baseline 0.007 -13"><span class='ocrx_word' id='word_1_165' title='bbox 139 2093 302 2169; x_wconf 84' lang='lat' dir='ltr'>„eiusdem</span> <span class='ocrx_word' id='word_1_166' title='bbox 325 2101 466 2164; x_wconf 71' lang='lat' dir='ltr'>naturae,</span> <span class='ocrx_word' id='word_1_167' title='bbox 489 2092 610 2154; x_wconf 84' lang='lat' dir='ltr'>fluvium</span> <span class='ocrx_word' id='word_1_168' title='bbox 632 2089 770 2154; x_wconf 87' lang='lat' dir='ltr'>similiter</span> <span class='ocrx_word' id='word_1_169' title='bbox 790 2109 825 2152; x_wconf 83' lang='lat' dir='ltr'>ex</span> <span class='ocrx_word' id='word_1_170' title='bbox 846 2093 928 2154; x_wconf 81' lang='lat' dir='ltr'>fonte</span> <span class='ocrx_word' id='word_1_171' title='bbox 949 2101 1134 2156; x_wconf 79' lang='lat' dir='ltr'>emanantem</span> <span class='ocrx_word' id='word_1_172' title='bbox 1156 2095 1235 2158; x_wconf 86' lang='lat' dir='ltr'>aliud</span> <span class='ocrx_word' id='word_1_173' title='bbox 1256 2117 1365 2164; x_wconf 88' lang='lat' dir='ltr'>nomen</span> 
     </span>
     <span class='ocr_line' id='line_1_19' title="bbox 133 2192 1365 2274; baseline 0.002 -15"><span class='ocrx_word' id='word_1_174' title='bbox 133 2195 285 2272; x_wconf 53' lang='lat' dir='ltr'>,‚,hshere,</span> <span class='ocrx_word' id='word_1_175' title='bbox 301 2213 398 2274; x_wconf 86' lang='lat' dir='ltr'>neque</span> <span class='ocrx_word' id='word_1_176' title='bbox 414 2193 622 2256; x_wconf 75' lang='lat' dir='ltr'>cunctantem</span> <span class='ocrx_word' id='word_1_177' title='bbox 637 2192 693 2256; x_wconf 90' lang='lat' dir='ltr'>dici</span> <span class='ocrx_word' id='word_1_178' title='bbox 709 2192 840 2267; x_wconf 81' lang='lat' dir='ltr'>durium,</span> <span class='ocrx_word' id='word_1_179' title='bbox 862 2209 959 2272; x_wconf 87' lang='lat' dir='ltr'>neque</span> <span class='ocrx_word' id='word_1_180' title='bbox 973 2194 1096 2258; x_wconf 87' lang='lat' dir='ltr'>durium</span> <span class='ocrx_word' id='word_1_181' title='bbox 1111 2195 1234 2270; x_wconf 81' lang='lat' dir='ltr'>iontem,</span> <span class='ocrx_word' id='word_1_182' title='bbox 1248 2207 1365 2262; x_wconf 86' lang='lat' dir='ltr'>utrum-</span> 
     </span>
     <span class='ocr_line' id='line_1_20' title="bbox 134 2293 1366 2378; baseline 0.002 -20"><span class='ocrx_word' id='word_1_183' title='bbox 134 2315 225 2378; x_wconf 87' lang='lat' dir='ltr'>„que</span> <span class='ocrx_word' id='word_1_184' title='bbox 246 2295 441 2360; x_wconf 87' lang='lat' dir='ltr'>nihilominus</span> <span class='ocrx_word' id='word_1_185' title='bbox 465 2295 603 2369; x_wconf 81' lang='lat' dir='ltr'>existere,</span> <span class='ocrx_word' id='word_1_186' title='bbox 626 2294 667 2356; x_wconf 88' lang='lat' dir='ltr'>ita</span> <span class='ocrx_word' id='word_1_187' title='bbox 688 2301 722 2355; x_wconf 87' lang='lat' dir='ltr'>ut</span> <span class='ocrx_word' id='word_1_188' title='bbox 744 2293 850 2356; x_wconf 80' lang='lat' dir='ltr'>flurirm</span> <span class='ocrx_word' id='word_1_189' title='bbox 872 2293 1009 2374; x_wconf 82' lang='lat' dir='ltr'>sitaque</span> <span class='ocrx_word' id='word_1_190' title='bbox 1032 2313 1069 2358; x_wconf 84' lang='lat' dir='ltr'>ex</span> <span class='ocrx_word' id='word_1_191' title='bbox 1085 2295 1168 2356; x_wconf 80' lang='lat' dir='ltr'>tonte</span> <span class='ocrx_word' id='word_1_192' title='bbox 1183 2297 1366 2375; x_wconf 85' lang='lat' dir='ltr'>produeus.“</span> 
     </span>
    </p>
   </div>
   <div class='ocr_carea' id='block_1_6' title="bbox 84 2495 1410 3587">
    <p class='ocr_par' dir='ltr' id='par_1_6' title="bbox 84 2495 1410 3587">
     <span class='ocr_line' id='line_1_21' title="bbox 227 2495 1368 2574; baseline 0.002 -14"><span class='ocrx_word' id='word_1_193' title='bbox 227 2500 279 2562; x_wconf 77' lang='grc'>26.</span> <span class='ocrx_word' id='word_1_194' title='bbox 324 2496 412 2570; x_wconf 80' lang='lat' dir='ltr'>Quod</span> <span class='ocrx_word' id='word_1_195' title='bbox 439 2505 536 2559; x_wconf 89' lang='lat' dir='ltr'>autem</span> <span class='ocrx_word' id='word_1_196' title='bbox 558 2495 612 2558; x_wconf 79' lang='lat' dir='ltr'>liei</span> <span class='ocrx_word' id='word_1_197' title='bbox 633 2495 763 2557; x_wconf 85' lang='lat' dir='ltr'>Verbum</span> <span class='ocrx_word' id='word_1_198' title='bbox 790 2513 848 2558; x_wconf 90' lang='lat' dir='ltr'>nec</span> <span class='ocrx_word' id='word_1_199' title='bbox 873 2495 982 2556; x_wconf 74' lang='lat' dir='ltr'>fadum</span> <span class='ocrx_word' id='word_1_200' title='bbox 1004 2513 1061 2556; x_wconf 87' lang='lat' dir='ltr'>uec</span> <span class='ocrx_word' id='word_1_201' title='bbox 1081 2503 1210 2560; x_wconf 89' lang='lat' dir='ltr'>creatum</span> <span class='ocrx_word' id='word_1_202' title='bbox 1232 2498 1286 2574; x_wconf 86' lang='lat' dir='ltr'>sit,</span> <span class='ocrx_word' id='word_1_203' title='bbox 1316 2501 1368 2564; x_wconf 87' lang='lat' dir='ltr'>sed</span> 
     </span>
     <span class='ocr_line' id='line_1_22' title="bbox 137 2595 1367 2682; baseline 0.002 -22"><span class='ocrx_word' id='word_1_204' title='bbox 137 2597 283 2680; x_wconf 89' lang='lat' dir='ltr'>proprius</span> <span class='ocrx_word' id='word_1_205' title='bbox 306 2605 336 2660; x_wconf 91' lang='lat' dir='ltr'>et</span> <span class='ocrx_word' id='word_1_206' title='bbox 357 2597 524 2662; x_wconf 77' lang='lat' dir='ltr'>individuus</span> <span class='ocrx_word' id='word_1_207' title='bbox 545 2597 642 2662; x_wconf 87' lang='lat' dir='ltr'>Patris</span> <span class='ocrx_word' id='word_1_208' title='bbox 663 2596 848 2660; x_wconf 87' lang='lat' dir='ltr'>substantiae</span> <span class='ocrx_word' id='word_1_209' title='bbox 870 2597 963 2670; x_wconf 80' lang='lat' dir='ltr'>setus,</span> <span class='ocrx_word' id='word_1_210' title='bbox 993 2603 1027 2658; x_wconf 88' lang='lat' dir='ltr'>ot</span> <span class='ocrx_word' id='word_1_211' title='bbox 1047 2595 1167 2674; x_wconf 74' lang='lat' dir='ltr'>scripsit</span> <span class='ocrx_word' id='word_1_212' title='bbox 1186 2617 1290 2678; x_wconf 72' lang='lat' dir='ltr'>magna</span> <span class='ocrx_word' id='word_1_213' title='bbox 1311 2603 1367 2682; x_wconf 80' lang='lat' dir='ltr'>Sp-</span> 
     </span>
     <span class='ocr_line' id='line_1_23' title="bbox 136 2696 1366 2782; baseline 0.003 -20"><span class='ocrx_word' id='word_1_214' title='bbox 136 2699 255 2774; x_wconf 85' lang='lat' dir='ltr'>nodus,</span> <span class='ocrx_word' id='word_1_215' title='bbox 283 2717 351 2764; x_wconf 87' lang='lat' dir='ltr'>ecce</span> <span class='ocrx_word' id='word_1_216' title='bbox 371 2699 531 2782; x_wconf 73' lang='lat' dir='ltr'>Dionysius</span> <span class='ocrx_word' id='word_1_217' title='bbox 562 2717 681 2780; x_wconf 85' lang='lat' dir='ltr'>quoque</span> <span class='ocrx_word' id='word_1_218' title='bbox 703 2699 815 2762; x_wconf 85' lang='lat' dir='ltr'>Romae</span> <span class='ocrx_word' id='word_1_219' title='bbox 836 2696 1004 2778; x_wconf 77' lang='lat' dir='ltr'>Episcopus</span> <span class='ocrx_word' id='word_1_220' title='bbox 1028 2697 1163 2760; x_wconf 84' lang='lat' dir='ltr'>scribens</span> <span class='ocrx_word' id='word_1_221' title='bbox 1185 2709 1287 2764; x_wconf 88' lang='lat' dir='ltr'>contra</span> <span class='ocrx_word' id='word_1_222' title='bbox 1310 2703 1366 2766; x_wconf 86' lang='lat' dir='ltr'>Sa-</span> 
     </span>
     <span class='ocr_line' id='line_1_24' title="bbox 137 2799 1366 2879; baseline 0 -15"><span class='ocrx_word' id='word_1_223' title='bbox 137 2801 287 2864; x_wconf 89' lang='lat' dir='ltr'>heliianos</span> <span class='ocrx_word' id='word_1_224' title='bbox 308 2803 356 2864; x_wconf 90' lang='lat' dir='ltr'>his</span> <span class='ocrx_word' id='word_1_225' title='bbox 377 2803 477 2864; x_wconf 82' lang='lat' dir='ltr'>verbis</span> <span class='ocrx_word' id='word_1_226' title='bbox 499 2802 639 2864; x_wconf 83' lang='lat' dir='ltr'>adversus</span> <span class='ocrx_word' id='word_1_227' title='bbox 662 2800 730 2862; x_wconf 87' lang='lat' dir='ltr'>iilos</span> <span class='ocrx_word' id='word_1_228' title='bbox 751 2800 936 2879; x_wconf 81' lang='lat' dir='ltr'>indignatur,</span> <span class='ocrx_word' id='word_1_229' title='bbox 969 2799 1020 2877; x_wconf 88' lang='lat' dir='ltr'>qui</span> <span class='ocrx_word' id='word_1_230' title='bbox 1041 2799 1107 2862; x_wconf 84' lang='lat' dir='ltr'>tatia</span> <span class='ocrx_word' id='word_1_231' title='bbox 1130 2800 1239 2863; x_wconf 87' lang='lat' dir='ltr'>audent</span> <span class='ocrx_word' id='word_1_232' title='bbox 1259 2802 1366 2868; x_wconf 88' lang='lat' dir='ltr'>dicere.</span> 
     </span>
     <span class='ocr_line' id='line_1_25' title="bbox 141 2897 1367 2983; baseline 0.005 -22"><span class='ocrx_word' id='word_1_233' title='bbox 141 2901 236 2974; x_wconf 86' lang='lat' dir='ltr'>,‚iam</span> <span class='ocrx_word' id='word_1_234' title='bbox 256 2919 344 2974; x_wconf 80' lang='lat' dir='ltr'>vero,</span> <span class='ocrx_word' id='word_1_235' title='bbox 366 2903 478 2980; x_wconf 88' lang='lat' dir='ltr'>inquit,</span> <span class='ocrx_word' id='word_1_236' title='bbox 501 2919 626 2979; x_wconf 89' lang='lat' dir='ltr'>aequum</span> <span class='ocrx_word' id='word_1_237' title='bbox 648 2901 737 2964; x_wconf 83' lang='lat' dir='ltr'>fuerit</span> <span class='ocrx_word' id='word_1_238' title='bbox 757 2901 897 2962; x_wconf 85' lang='lat' dir='ltr'>adversus</span> <span class='ocrx_word' id='word_1_239' title='bbox 920 2897 987 2962; x_wconf 82' lang='lat' dir='ltr'>idos</span> <span class='ocrx_word' id='word_1_240' title='bbox 1010 2899 1180 2980; x_wconf 89' lang='lat' dir='ltr'>disputare,</span> <span class='ocrx_word' id='word_1_241' title='bbox 1202 2903 1252 2982; x_wconf 87' lang='lat' dir='ltr'>qui</span> <span class='ocrx_word' id='word_1_242' title='bbox 1274 2922 1367 2983; x_wconf 81' lang='lat' dir='ltr'>augu-</span> 
     </span>
     <span class='ocr_line' id='line_1_26' title="bbox 144 2999 1410 3084; baseline 0.006 -24"><span class='ocrx_word' id='word_1_243' title='bbox 144 3000 341 3076; x_wconf 87' lang='lat' dir='ltr'>„stissimam</span> <span class='ocrx_word' id='word_1_244' title='bbox 360 3001 415 3061; x_wconf 84' lang='lat' dir='ltr'>Dei</span> <span class='ocrx_word' id='word_1_245' title='bbox 428 2999 577 3062; x_wconf 84' lang='lat' dir='ltr'>Ecclesiae</span> <span class='ocrx_word' id='word_1_246' title='bbox 592 2999 850 3078; x_wconf 82' lang='lat' dir='ltr'>praedicationem,</span> <span class='ocrx_word' id='word_1_247' title='bbox 872 3001 1080 3075; x_wconf 79' lang='lat' dir='ltr'>hierarchiam,</span> <span class='ocrx_word' id='word_1_248' title='bbox 1103 3001 1134 3064; x_wconf 91' lang='lat' dir='ltr'>in</span> <span class='ocrx_word' id='word_1_249' title='bbox 1151 3009 1212 3066; x_wconf 85' lang='lat' dir='ltr'>tres</span> <span class='ocrx_word' id='word_1_250' title='bbox 1228 3005 1368 3084; x_wconf 85' lang='lat' dir='ltr'>quasdam</span> <span class='ocrx_word' id='word_1_251' title='bbox 1408 3043 1410 3048; x_wconf 68' lang='lat'>,</span> 
     </span>
     <span class='ocr_line' id='line_1_27' title="bbox 141 3099 1369 3180; baseline 0.004 -17"><span class='ocrx_word' id='word_1_252' title='bbox 141 3101 302 3178; x_wconf 85' lang='lat' dir='ltr'>„virtutes</span> <span class='ocrx_word' id='word_1_253' title='bbox 325 3119 359 3162; x_wconf 92' lang='lat' dir='ltr'>ac</span> <span class='ocrx_word' id='word_1_254' title='bbox 379 3107 531 3180; x_wconf 82' lang='lat' dir='ltr'>separatas</span> <span class='ocrx_word' id='word_1_255' title='bbox 553 3099 730 3179; x_wconf 69' lang='lat' dir='ltr'>hypostases</span> <span class='ocrx_word' id='word_1_256' title='bbox 753 3109 872 3180; x_wconf 85' lang='lat' dir='ltr'>tresque</span> <span class='ocrx_word' id='word_1_257' title='bbox 893 3101 1060 3166; x_wconf 81' lang='lat' dir='ltr'>divinitates</span> <span class='ocrx_word' id='word_1_258' title='bbox 1080 3103 1229 3176; x_wconf 83' lang='lat' dir='ltr'>dividunt,</span> <span class='ocrx_word' id='word_1_259' title='bbox 1258 3104 1369 3168; x_wconf 71' lang='lat' dir='ltr'>distin</span> 
     </span>
     <span class='ocr_line' id='line_1_28' title="bbox 141 3199 1369 3284; baseline 0.002 -18"><span class='ocrx_word' id='word_1_260' title='bbox 141 3203 251 3280; x_wconf 90' lang='lat' dir='ltr'>„dunt</span> <span class='ocrx_word' id='word_1_261' title='bbox 273 3203 496 3282; x_wconf 86' lang='lat' dir='ltr'>destruuntque.</span> <span class='ocrx_word' id='word_1_262' title='bbox 538 3199 644 3264; x_wconf 81' lang='lat' dir='ltr'>Audiri</span> <span class='ocrx_word' id='word_1_263' title='bbox 668 3201 745 3263; x_wconf 91' lang='lat' dir='ltr'>euim</span> <span class='ocrx_word' id='word_1_264' title='bbox 768 3201 911 3280; x_wconf 87' lang='lat' dir='ltr'>quosdam</span> <span class='ocrx_word' id='word_1_265' title='bbox 934 3220 968 3264; x_wconf 86' lang='lat' dir='ltr'>ex</span> <span class='ocrx_word' id='word_1_266' title='bbox 991 3203 1053 3277; x_wconf 88' lang='lat' dir='ltr'>his,</span> <span class='ocrx_word' id='word_1_267' title='bbox 1076 3205 1127 3284; x_wconf 87' lang='lat' dir='ltr'>qui</span> <span class='ocrx_word' id='word_1_268' title='bbox 1149 3203 1226 3284; x_wconf 89' lang='lat' dir='ltr'>apud</span> <span class='ocrx_word' id='word_1_269' title='bbox 1248 3223 1301 3268; x_wconf 90' lang='lat' dir='ltr'>ros</span> <span class='ocrx_word' id='word_1_270' title='bbox 1323 3205 1369 3269; x_wconf 91' lang='lat' dir='ltr'>di-</span> 
     </span>
     <span class='ocr_line' id='line_1_29' title="bbox 122 3303 1371 3384; baseline 0.003 -17"><span class='ocrx_word' id='word_1_271' title='bbox 122 3305 277 3382; x_wconf 27' lang='lat' dir='ltr'>,‚,rinum</span> <span class='ocrx_word' id='word_1_272' title='bbox 297 3304 425 3366; x_wconf 88' lang='lat' dir='ltr'>Verbum</span> <span class='ocrx_word' id='word_1_273' title='bbox 447 3303 619 3383; x_wconf 86' lang='lat' dir='ltr'>praedicant</span> <span class='ocrx_word' id='word_1_274' title='bbox 641 3303 809 3381; x_wconf 80' lang='lat' dir='ltr'>etdocent,</span> <span class='ocrx_word' id='word_1_275' title='bbox 832 3303 920 3366; x_wconf 89' lang='lat' dir='ltr'>huius</span> <span class='ocrx_word' id='word_1_276' title='bbox 942 3303 1091 3384; x_wconf 90' lang='lat' dir='ltr'>opinionis</span> <span class='ocrx_word' id='word_1_277' title='bbox 1112 3305 1270 3384; x_wconf 78' lang='lat' dir='ltr'>magistros</span> <span class='ocrx_word' id='word_1_278' title='bbox 1292 3323 1371 3382; x_wconf 79' lang='lat' dir='ltr'>esse,</span> 
     </span>
     <span class='ocr_line' id='line_1_30' title="bbox 137 3405 1370 3488; baseline 0.005 -21"><span class='ocrx_word' id='word_1_279' title='bbox 137 3406 220 3488; x_wconf 84' lang='lat' dir='ltr'>„qui</span> <span class='ocrx_word' id='word_1_280' title='bbox 243 3405 363 3486; x_wconf 82' lang='lat' dir='ltr'>quidem</span> <span class='ocrx_word' id='word_1_281' title='bbox 387 3425 422 3468; x_wconf 84' lang='lat' dir='ltr'>ex</span> <span class='ocrx_word' id='word_1_282' title='bbox 444 3405 599 3478; x_wconf 87' lang='lat' dir='ltr'>diametro,</span> <span class='ocrx_word' id='word_1_283' title='bbox 623 3413 656 3468; x_wconf 92' lang='lat' dir='ltr'>ut</span> <span class='ocrx_word' id='word_1_284' title='bbox 676 3405 715 3466; x_wconf 90' lang='lat' dir='ltr'>ita</span> <span class='ocrx_word' id='word_1_285' title='bbox 737 3405 859 3484; x_wconf 86' lang='lat' dir='ltr'>loquar,</span> <span class='ocrx_word' id='word_1_286' title='bbox 882 3405 1000 3468; x_wconf 87' lang='lat' dir='ltr'>Sabeliii</span> <span class='ocrx_word' id='word_1_287' title='bbox 1023 3406 1188 3470; x_wconf 88' lang='lat' dir='ltr'>sententiae</span> <span class='ocrx_word' id='word_1_288' title='bbox 1209 3407 1370 3472; x_wconf 85' lang='lat' dir='ltr'>adversen-</span> 
     </span>
     <span class='ocr_line' id='line_1_31' title="bbox 84 3505 1370 3587; baseline 0.002 -15"><span class='ocrx_word' id='word_1_289' title='bbox 84 3537 91 3546; x_wconf 93' lang='lat'>·</span> <span class='ocrx_word' id='word_1_290' title='bbox 137 3517 230 3586; x_wconf 73' lang='lat' dir='ltr'>„tun</span> <span class='ocrx_word' id='word_1_291' title='bbox 277 3507 357 3568; x_wconf 87' lang='lat' dir='ltr'>lilius</span> <span class='ocrx_word' id='word_1_292' title='bbox 387 3507 467 3570; x_wconf 87' lang='lat' dir='ltr'>enim</span> <span class='ocrx_word' id='word_1_293' title='bbox 494 3508 525 3570; x_wconf 91' lang='lat' dir='ltr'>iu</span> <span class='ocrx_word' id='word_1_294' title='bbox 554 3525 591 3568; x_wconf 91' lang='lat' dir='ltr'>eo</span> <span class='ocrx_word' id='word_1_295' title='bbox 619 3505 757 3569; x_wconf 87' lang='lat' dir='ltr'>consistit</span> <span class='ocrx_word' id='word_1_296' title='bbox 784 3507 939 3586; x_wconf 85' lang='lat' dir='ltr'>impietas,</span> <span class='ocrx_word' id='word_1_297' title='bbox 968 3508 1048 3587; x_wconf 92' lang='lat' dir='ltr'>quod</span> <span class='ocrx_word' id='word_1_298' title='bbox 1077 3507 1155 3570; x_wconf 91' lang='lat' dir='ltr'>dicat</span> <span class='ocrx_word' id='word_1_299' title='bbox 1175 3507 1281 3574; x_wconf 78' lang='lat' dir='ltr'>Filium</span> <span class='ocrx_word' id='word_1_300' title='bbox 1304 3531 1370 3574; x_wconf 89' lang='lat' dir='ltr'>esse</span> 
     </span>
    </p>
   </div>
   <div class='ocr_carea' id='block_1_7' title="bbox 57 3607 1370 3691">
    <p class='ocr_par' dir='ltr' id='par_1_7' title="bbox 4 3607 1370 3691">
     <span class='ocr_line' id='line_1_32' title="bbox 57 3607 1370 3691; baseline 0.001 -15.922"><span class='ocrx_word' id='word_1_301' title='bbox 57 3685 61 3690; x_wconf 27' lang='lat'>¹</span> <span class='ocrx_word' id='word_1_302' title='bbox 135 3611 294 3688; x_wconf 85' lang='lat' dir='ltr'>„Patrem</span> <span class='ocrx_word' id='word_1_303' title='bbox 321 3617 351 3671; x_wconf 90' lang='lat' dir='ltr'>et</span> <span class='ocrx_word' id='word_1_304' title='bbox 378 3609 524 3683; x_wconf 81' lang='lat' dir='ltr'>vicissim,</span> <span class='ocrx_word' id='word_1_305' title='bbox 558 3607 599 3671; x_wconf 86' lang='lat' dir='ltr'>iili</span> <span class='ocrx_word' id='word_1_306' title='bbox 626 3616 724 3671; x_wconf 69' lang='lat' dir='ltr'>auwm</span> <span class='ocrx_word' id='word_1_307' title='bbox 754 3616 815 3672; x_wconf 86' lang='lat' dir='ltr'>tres</span> <span class='ocrx_word' id='word_1_308' title='bbox 837 3608 917 3672; x_wconf 86' lang='lat' dir='ltr'>Deos</span> <span class='ocrx_word' id='word_1_309' title='bbox 945 3609 1164 3689; x_wconf 88' lang='lat' dir='ltr'>quodammodo</span> <span class='ocrx_word' id='word_1_310' title='bbox 1191 3613 1370 3691; x_wconf 86' lang='lat' dir='ltr'>praedicant,</span> 
     </span>
    </p>
   </div>
   <div class='ocr_carea' id='block_1_8' title="bbox 129 3709 1373 3996">
    <p class='ocr_par' dir='ltr' id='par_1_8' title="bbox 129 3709 1373 3996">
     <span class='ocr_line' id='line_1_33' title="bbox 134 3709 1371 3790; baseline -0.002 -12"><span class='ocrx_word' id='word_1_311' title='bbox 134 3731 236 3790; x_wconf 84' lang='lat' dir='ltr'>„cum</span> <span class='ocrx_word' id='word_1_312' title='bbox 265 3719 400 3774; x_wconf 88' lang='lat' dir='ltr'>sanctam</span> <span class='ocrx_word' id='word_1_313' title='bbox 431 3711 571 3774; x_wconf 84' lang='lat' dir='ltr'>unitatem</span> <span class='ocrx_word' id='word_1_314' title='bbox 601 3709 715 3772; x_wconf 86' lang='lat' dir='ltr'>intres</span> <span class='ocrx_word' id='word_1_315' title='bbox 739 3709 871 3774; x_wconf 83' lang='lat' dir='ltr'>diversas</span> <span class='ocrx_word' id='word_1_316' title='bbox 893 3711 1072 3790; x_wconf 74' lang='lat' dir='ltr'>hypostases</span> <span class='ocrx_word' id='word_1_317' title='bbox 1094 3709 1173 3772; x_wconf 89' lang='lat' dir='ltr'>inter</span> <span class='ocrx_word' id='word_1_318' title='bbox 1194 3731 1228 3774; x_wconf 90' lang='lat' dir='ltr'>se</span> <span class='ocrx_word' id='word_1_319' title='bbox 1250 3714 1371 3778; x_wconf 87' lang='lat' dir='ltr'>omnino</span> 
     </span>
     <span class='ocr_line' id='line_1_34' title="bbox 132 3811 1371 3895; baseline -0.002 -16"><span class='ocrx_word' id='word_1_320' title='bbox 132 3819 329 3895; x_wconf 88' lang='lat' dir='ltr'>„separatas</span> <span class='ocrx_word' id='word_1_321' title='bbox 353 3811 495 3874; x_wconf 77' lang='lat' dir='ltr'>dividunt.</span> <span class='ocrx_word' id='word_1_322' title='bbox 539 3811 668 3874; x_wconf 87' lang='lat' dir='ltr'>Necesse</span> <span class='ocrx_word' id='word_1_323' title='bbox 690 3819 737 3874; x_wconf 91' lang='lat' dir='ltr'>est</span> <span class='ocrx_word' id='word_1_324' title='bbox 758 3811 847 3885; x_wconf 87' lang='lat' dir='ltr'>enim,</span> <span class='ocrx_word' id='word_1_325' title='bbox 870 3811 1001 3874; x_wconf 83' lang='lat' dir='ltr'>divinum</span> <span class='ocrx_word' id='word_1_326' title='bbox 1024 3811 1153 3874; x_wconf 82' lang='lat' dir='ltr'>Verbum</span> <span class='ocrx_word' id='word_1_327' title='bbox 1167 3812 1229 3876; x_wconf 85' lang='lat' dir='ltr'>Deo</span> <span class='ocrx_word' id='word_1_328' title='bbox 1251 3814 1371 3876; x_wconf 82' lang='lat' dir='ltr'>unirer-</span> 
     </span>
     <span class='ocr_line' id='line_1_35' title="bbox 129 3913 1373 3996; baseline -0.002 -15"><span class='ocrx_word' id='word_1_329' title='bbox 129 3935 275 3996; x_wconf 86' lang='lat' dir='ltr'>„sorum</span> <span class='ocrx_word' id='word_1_330' title='bbox 300 3933 371 3978; x_wconf 84' lang='lat' dir='ltr'>esse</span> <span class='ocrx_word' id='word_1_331' title='bbox 392 3914 516 3988; x_wconf 83' lang='lat' dir='ltr'>unitum,</span> <span class='ocrx_word' id='word_1_332' title='bbox 540 3921 569 3976; x_wconf 90' lang='lat' dir='ltr'>et</span> <span class='ocrx_word' id='word_1_333' title='bbox 589 3913 732 3994; x_wconf 84' lang='lat' dir='ltr'>Spiritum</span> <span class='ocrx_word' id='word_1_334' title='bbox 753 3922 887 3976; x_wconf 88' lang='lat' dir='ltr'>sanctum</span> <span class='ocrx_word' id='word_1_335' title='bbox 909 3913 940 3975; x_wconf 92' lang='lat' dir='ltr'>in</span> <span class='ocrx_word' id='word_1_336' title='bbox 955 3913 1017 3976; x_wconf 85' lang='lat' dir='ltr'>Deo</span> <span class='ocrx_word' id='word_1_337' title='bbox 1038 3931 1158 3976; x_wconf 89' lang='lat' dir='ltr'>manere</span> <span class='ocrx_word' id='word_1_338' title='bbox 1179 3921 1211 3974; x_wconf 89' lang='lat' dir='ltr'>et</span> <span class='ocrx_word' id='word_1_339' title='bbox 1230 3913 1373 3986; x_wconf 87' lang='lat' dir='ltr'>hahitare,</span> 
     </span>
    </p>
   </div>
   <div class='ocr_carea' id='block_1_9' title="bbox 7 4013 1374 4104">
    <p class='ocr_par' dir='ltr' id='par_1_9' title="bbox 7 4013 1374 4104">
     <span class='ocr_line' id='line_1_36' title="bbox 7 4013 1374 4104; baseline -0.004 -20"><span class='ocrx_word' id='word_1_340' title='bbox 7 4096 9 4104; x_wconf 85' lang='lat'>.</span> <span class='ocrx_word' id='word_1_341' title='bbox 130 4039 200 4099; x_wconf 86' lang='lat' dir='ltr'>„ac</span> <span class='ocrx_word' id='word_1_342' title='bbox 221 4015 360 4098; x_wconf 82' lang='lat' dir='ltr'>denique</span> <span class='ocrx_word' id='word_1_343' title='bbox 382 4015 509 4079; x_wconf 82' lang='lat' dir='ltr'>divinam</span> <span class='ocrx_word' id='word_1_344' title='bbox 531 4015 706 4078; x_wconf 85' lang='lat' dir='ltr'>Trinitatem</span> <span class='ocrx_word' id='word_1_345' title='bbox 727 4015 759 4078; x_wconf 91' lang='lat' dir='ltr'>in</span> <span class='ocrx_word' id='word_1_346' title='bbox 781 4033 884 4088; x_wconf 88' lang='lat' dir='ltr'>unum,</span> <span class='ocrx_word' id='word_1_347' title='bbox 906 4014 990 4094; x_wconf 87' lang='lat' dir='ltr'>quasi</span> <span class='ocrx_word' id='word_1_348' title='bbox 1005 4013 1035 4076; x_wconf 91' lang='lat' dir='ltr'>in</span> <span class='ocrx_word' id='word_1_349' title='bbox 1058 4014 1212 4093; x_wconf 86' lang='lat' dir='ltr'>quemdam</span> <span class='ocrx_word' id='word_1_350' title='bbox 1235 4016 1374 4078; x_wconf 82' lang='lat' dir='ltr'>uerticem</span> 
     </span>
    </p>
   </div>
   <div class='ocr_carea' id='block_1_10' title="bbox 129 4113 1374 4300">
    <p class='ocr_par' dir='ltr' id='par_1_10' title="bbox 129 4113 1374 4300">
     <span class='ocr_line' id='line_1_37' title="bbox 129 4113 1374 4201; baseline -0.008 -16"><span class='ocrx_word' id='word_1_351' title='bbox 129 4172 151 4200; x_wconf 89' lang='lat'>„</span> <span class='ocrx_word' id='word_1_352' title='bbox 161 4121 279 4201; x_wconf 86' lang='lat' dir='ltr'>(Deum</span> <span class='ocrx_word' id='word_1_353' title='bbox 302 4117 516 4180; x_wconf 83' lang='lat' dir='ltr'>universorum</span> <span class='ocrx_word' id='word_1_354' title='bbox 538 4117 772 4198; x_wconf 88' lang='lat' dir='ltr'>omnipotentem</span> <span class='ocrx_word' id='word_1_355' title='bbox 795 4117 884 4193; x_wconf 84' lang='lat' dir='ltr'>dico),</span> <span class='ocrx_word' id='word_1_356' title='bbox 907 4115 1009 4176; x_wconf 89' lang='lat' dir='ltr'>reduci</span> <span class='ocrx_word' id='word_1_357' title='bbox 1025 4121 1053 4176; x_wconf 91' lang='lat' dir='ltr'>et</span> <span class='ocrx_word' id='word_1_358' title='bbox 1066 4113 1173 4194; x_wconf 82' lang='lat' dir='ltr'>colligi.</span> <span class='ocrx_word' id='word_1_359' title='bbox 1195 4115 1268 4178; x_wconf 88' lang='lat' dir='ltr'>Nam</span> <span class='ocrx_word' id='word_1_360' title='bbox 1284 4115 1374 4178; x_wconf 86' lang='lat' dir='ltr'>iutiiis</span> 
     </span>
     <span class='ocr_line' id='line_1_38' title="bbox 130 4213 1373 4300; baseline -0.01 -12"><span class='ocrx_word' id='word_1_361' title='bbox 130 4271 152 4300; x_wconf 86' lang='lat'><strong>„</strong></span> <span class='ocrx_word' id='word_1_362' title='bbox 162 4219 331 4292; x_wconf 76' lang='lat' dir='ltr'>Marcionis</span> <span class='ocrx_word' id='word_1_363' title='bbox 356 4217 509 4294; x_wconf 87' lang='lat' dir='ltr'>doctrina,</span> <span class='ocrx_word' id='word_1_364' title='bbox 538 4237 613 4298; x_wconf 88' lang='lat' dir='ltr'>quac</span> <span class='ocrx_word' id='word_1_365' title='bbox 641 4215 842 4280; x_wconf 88' lang='lat' dir='ltr'>monarchiam</span> <span class='ocrx_word' id='word_1_366' title='bbox 870 4216 901 4276; x_wconf 92' lang='lat' dir='ltr'>in</span> <span class='ocrx_word' id='word_1_367' title='bbox 922 4215 979 4276; x_wconf 87' lang='lat' dir='ltr'>tria</span> <span class='ocrx_word' id='word_1_368' title='bbox 1007 4213 1151 4295; x_wconf 87' lang='lat' dir='ltr'>principia</span> <span class='ocrx_word' id='word_1_369' title='bbox 1172 4224 1252 4278; x_wconf 87' lang='lat' dir='ltr'>secat</span> <span class='ocrx_word' id='word_1_370' title='bbox 1275 4222 1304 4277; x_wconf 92' lang='lat' dir='ltr'>et</span> <span class='ocrx_word' id='word_1_371' title='bbox 1326 4214 1373 4276; x_wconf 89' lang='lat' dir='ltr'>di-</span> 
     </span>
    </p>
   </div>
   <div class='ocr_carea' id='block_1_11' title="bbox 132 4373 1273 4614">
    <p class='ocr_par' dir='ltr' id='par_1_11' title="bbox 132 4373 1273 4614">
     <span class='ocr_line' id='line_1_39' title="bbox 164 4373 1136 4472; baseline -0.015 -7"><span class='ocrx_word' id='word_1_372' title='bbox 164 4415 189 4464; x_wconf 90' lang='lat' dir='ltr'>h.</span> <span class='ocrx_word' id='word_1_373' title='bbox 209 4412 252 4464; x_wconf 87' lang='lat' dir='ltr'>Sic</span> <span class='ocrx_word' id='word_1_374' title='bbox 271 4411 332 4472; x_wconf 75' lang='lat' dir='ltr'>Bag.</span> <span class='ocrx_word' id='word_1_375' title='bbox 375 4404 455 4454; x_wconf 82' lang='lat' dir='ltr'>Ceteri</span> <span class='ocrx_word' id='word_1_376' title='bbox 473 4411 552 4455; x_wconf 82' lang='lat' dir='ltr'>antem</span> <span class='ocrx_word' id='word_1_377' title='bbox 571 4411 595 4456; x_wconf 86' lang='lat' dir='ltr'>et</span> <span class='ocrx_word' id='word_1_378' title='bbox 612 4404 669 4456; x_wconf 88' lang='lat' dir='ltr'>editi</span> <span class='ocrx_word' id='word_1_379' title='bbox 686 4401 737 4452; x_wconf 80' lang='grc' dir='ltr'>πᾶ·</span> <span class='ocrx_word' id='word_1_380' title='bbox 824 4404 847 4453; x_wconf 91' lang='lat' dir='ltr'>d.</span> <span class='ocrx_word' id='word_1_381' title='bbox 865 4400 914 4451; x_wconf 79' lang='grc' dir='ltr'>τοῦ</span> <span class='ocrx_word' id='word_1_382' title='bbox 932 4402 1000 4453; x_wconf 85' lang='lat' dir='ltr'>abest</span> <span class='ocrx_word' id='word_1_383' title='bbox 1017 4418 1029 4452; x_wconf 86' lang='lat' dir='ltr'>a</span> <span class='ocrx_word' id='word_1_384' title='bbox 1049 4403 1104 4464; x_wconf 71' lang='lat' dir='ltr'>dep.</span> <span class='ocrx_word' id='word_1_385' title='bbox 1132 4373 1136 4378; x_wconf 31' lang='grc' dir='ltr'>Ι</span> 
     </span>
     <span class='ocr_line' id='line_1_40' title="bbox 132 4463 1273 4541; baseline -0.018 -5"><span class='ocrx_word' id='word_1_386' title='bbox 132 4495 188 4541; x_wconf 76' lang='grc' dir='ltr'>σιν,</span> <span class='ocrx_word' id='word_1_387' title='bbox 209 4492 236 4533; x_wconf 91' lang='lat' dir='ltr'>ut</span> <span class='ocrx_word' id='word_1_388' title='bbox 255 4489 281 4530; x_wconf 87' lang='lat' dir='ltr'>et</span> <span class='ocrx_word' id='word_1_389' title='bbox 298 4475 363 4539; x_wconf 72' lang='lat' dir='ltr'>legit</span> <span class='ocrx_word' id='word_1_390' title='bbox 382 4473 493 4524; x_wconf 82' lang='lat' dir='ltr'>dmhres.</span> <span class='ocrx_word' id='word_1_391' title='bbox 512 4472 619 4524; x_wconf 69' lang='lat' dir='ltr'>Cameli.</span> <span class='ocrx_word' id='word_1_392' title='bbox 824 4485 846 4522; x_wconf 84' lang='lat' dir='ltr'>e.</span> <span class='ocrx_word' id='word_1_393' title='bbox 865 4471 922 4534; x_wconf 73' lang='lat' dir='ltr'>hep.</span> <span class='ocrx_word' id='word_1_394' title='bbox 942 4463 1004 4526; x_wconf 75' lang='grc' dir='ltr'>τοὺς</span> <span class='ocrx_word' id='word_1_395' title='bbox 1020 4464 1273 4536; x_wconf 75' lang='grc' dir='ltr'>καταδιαιροῦντας.</span> 
     </span>
     <span class='ocr_line' id='line_1_41' title="bbox 169 4540 463 4614; baseline -0.037 -13"><span class='ocrx_word' id='word_1_396' title='bbox 169 4569 191 4604; x_wconf 79' lang='lat' dir='ltr'>c.</span> <span class='ocrx_word' id='word_1_397' title='bbox 211 4551 270 4614; x_wconf 72' lang='lat' dir='ltr'>tteg.</span> <span class='ocrx_word' id='word_1_398' title='bbox 291 4540 463 4605; x_wconf 69' lang='lat' dir='ltr'>rricomittit</span> 
     </span>
    </p>
   </div>
   <div class='ocr_carea' id='block_1_12' title="bbox 1133 4616 1171 4667">
    <p class='ocr_par' dir='ltr' id='par_1_12' title="bbox 1133 4616 1171 4667">
     <span class='ocr_line' id='line_1_42' title="bbox 1133 4616 1171 4667; baseline 0 -17"><span class='ocrx_word' id='word_1_399' title='bbox 1133 4616 1171 4667; x_wconf 61' lang='lat'>5*</span> 
     </span>
    </p>
   </div>
   <div class='ocr_carea' id='block_1_13' title="bbox 137 4741 149 4772">
    <p class='ocr_par' dir='ltr' id='par_1_13' title="bbox 137 4741 149 4772">
     <span class='ocr_line' id='line_1_43' title="bbox 137 4741 149 4772; baseline 0 0"><span class='ocrx_word' id='word_1_400' title='bbox 137 4741 149 4772; x_wconf 58' lang='grc' dir='ltr'>ὓ</span> 
     </span>
    </p>
   </div>
   <div class='ocr_carea' id='block_1_14' title="bbox 0 0 1592 5058">
    <p class='ocr_par' dir='ltr' id='par_1_14' title="bbox 0 0 1592 5058">
     <span class='ocr_line' id='line_1_44' title="bbox 0 0 1592 5058; baseline 0 7"><span class='ocrx_word' id='word_1_401' title='bbox 0 0 1592 5058; x_wconf 95' lang='lat' dir='ltr'> </span> 
     </span>
    </p>
   </div>
  </div>
 </body>
</html>
