2872 5046
395 225 541 270 eruerem
554 225 593 270 rr.
608 227 645 270 an
661 225 856 272 smarronsu.
1169 213 1227 278 811

8 378 181 460 spiritualia.
227 371 309 451 Quot
329 376 408 439 enim
429 377 600 440 hominibus
622 395 729 457 corpus
752 377 824 440 satis
847 385 928 441 esset
942 377 979 440 ad
993 397 1088 454 esum,
1111 387 1144 442 ut
1157 380 1313 466 illuderer.

8 483 102 545 totins
124 480 226 544 mundi
248 480 333 541 lieret
354 476 547 541 alimentum?
575 477 634 541 Sed
655 479 723 541 ideo
746 479 880 542 meminit
893 480 1076 544 ascensionis
1091 481 1156 543 Filii
1171 482 1228 544 ho·

6 585 99 647 minis
121 583 153 644 in
174 581 297 655 caelum,
320 587 351 642 nl
372 579 556 659 mcorporali
577 578 755 659 cogitatione
768 581 853 661 ipsos
868 583 1040 657 retraheret,
1062 590 1146 663 etque
1161 583 1230 646 binc

10 686 195 758 ediscerent,
227 701 346 745 carnem
367 681 404 744 de
421 699 483 778 'qua
503 681 645 760 loquutus
667 678 777 754 iuerat,
808 682 906 745 cibum
935 703 951 746 e
973 682 1111 765 supernis
1133 684 1230 747 caele-

7 797 86 850 stem
109 793 139 849 et
160 784 343 866 spiritualem
365 771 532 846 alimoniam
555 781 679 862 abipso
702 781 775 843 dari.
817 781 891 844 Nam
912 803 986 866 qaue
1005 785 1147 868 laqueatas
1163 805 1230 848 sam
1285 833 1313 868 .,

8 891 104 960 cobis,
127 887 231 968 inquit,
255 889 383 968 spiritua
406 895 435 947 et
456 888 519 947 vita
541 894 622 947 auat.
667 882 754 956 Quod
776 883 899 963 perinde
922 891 968 946 est
994 903 1028 947 ac
1056 887 1081 948 si
1103 887 1228 950 diceret:

9 989 117 1070 „quod
140 987 307 1052 ostenditur
328 994 360 1048 et
379 985 465 1048 datur
486 1004 541 1066 pro
563 984 665 1047 mundi
687 984 792 1060 salute,
815 1001 884 1046 caro
907 991 968 1058 est,
990 1004 1077 1064 quam
1098 1005 1152 1066 ego
1173 1007 1227 1068 ge-

9 1099 104 1167 „sto;
134 1090 193 1154 sed'
218 1091 291 1152 haec
311 1088 397 1150 robis
420 1105 485 1149 cnm
507 1086 573 1148 eius
596 1087 740 1166 sanguine
762 1105 778 1148 a
799 1103 847 1148 me
870 1084 1063 1165 spiritualiter
1084 1105 1151 1150 esca
1173 1089 1227 1150 da-

7 1191 133 1268 ‚,bitur,
166 1193 206 1254 ita
232 1199 265 1254 ut
292 1191 365 1252 haec
386 1187 578 1269 spiritualiter
598 1187 755 1266 unicuique
776 1186 937 1261 tribuatur,
971 1194 1001 1248 et
1027 1187 1076 1249 liat
1104 1189 1227 1268 singulis
1272 1260 1274 1263 .

8 1303 170 1368 „tutamen
192 1294 223 1355 in
244 1291 492 1354 resurrectionem
513 1289 590 1364 ritae
611 1293 780 1351 aeternae.“
824 1287 874 1349 Sic
894 1295 924 1382 et
938 1286 1150 1351 samaritanam
1165 1289 1228 1350 lto-

4 1395 107 1457 minus
130 1393 305 1456 abstrahens
334 1411 351 1454 a
378 1390 567 1454 sensibilibus
589 1389 682 1452 Deum
705 1390 779 1452 dixit
799 1407 867 1452 esse
889 1388 1113 1469 Spiritum‚,ut
1139 1390 1227 1452 dein-

5 1515 77 1575 ceps
99 1495 149 1558 illa
169 1513 230 1556 non
252 1493 445 1572 corporaliter
467 1492 520 1554 sed
541 1489 733 1578 spiritualiter
760 1491 798 1552 de
820 1490 881 1552 lieo
911 1490 1061 1572 cogitaret.
1104 1492 1154 1554 Sic
1174 1491 1225 1553 iti-

4 1597 75 1658 dem
96 1597 245 1677 Propheta
266 1613 333 1658 enm
353 1595 449 1656 Deum
471 1610 588 1654 onmem
610 1593 718 1674 iactum
732 1591 989 1672 contemplaretur,
1011 1592 1066 1654 ait:
1089 1591 1226 1673 Spiritus

1 1698 98 1776 faciei
118 1709 243 1762 nostrae
258 1697 396 1760 Christus
417 1695 575 1770 Dominae,
597 1711 636 1756 ne
657 1693 724 1774 quis
747 1711 781 1755 ex
803 1711 849 1767 eo,
873 1693 952 1772 qnod
974 1693 1141 1774 apparebat,
1163 1691 1225 1755 lto-

9 1799 117 1860 ·innm
140 1816 207 1860 esse
228 1815 344 1858 merum
365 1795 515 1857 hominem
538 1793 734 1868 existimaret,
767 1794 821 1855 sed
842 1793 913 1856 dum
935 1793 1078 1875 Spiritum
1100 1794 1224 1894 audiret,

0 1906 98 1962 iteum
119 1905 295 1980 agnosceret
315 1916 382 1960 esse
404 1915 482 1970 eurn,
504 1894 607 1974 quiin
629 1911 755 1976 corporo
777 1903 866 1958 esset.
949 1955 952 1963 .
1049 1965 1053 1974 ,

88 2203 140 2266 211.
183 2203 305 2264 Planum
326 2201 426 2278 itaque
447 2207 605 2276 utrumque
627 2197 725 2269 luerit,
747 2217 825 2274 eum,
848 2201 896 2280 qui
911 2200 1066 2262 [lominum
1089 2200 1169 2263 videt
1185 2200 1305 2266 dcent.

19 2322 36 2366 e
59 2303 276 2373 disserentem,
305 2301 331 2362 si
354 2306 466 2361 tantum
489 2295 653 2377 corporalia
676 2299 739 2362 eius
762 2309 876 2379 spectet
896 2309 927 2364 et
947 2320 1007 2364 non
1029 2301 1153 2364 credens
1175 2301 1222 2365 di-

18 2411 64 2466 at:
93 2401 174 2465 Unde
197 2403 265 2464 laic
287 2405 345 2464 ieta
366 2397 539 2482 supientia?
567 2415 690 2478 peccare
717 2400 835 2480 quidem
857 2409 887 2464 et
905 2411 1045 2484 unquam
1066 2404 1097 2466 in
1118 2403 1223 2467 Filium

15 2691 61 2741 asti
80 2689 110 2741 ad
133 2704 203 2741 snnro
231 2703 312 2741 aarum
329 2690 484 2754 Aegyptiacae
501 2687 586 2740 Ecale-
636 2702 688 2738 rem
712 2689 846 2742 Editionenr
870 2685 928 2758 [titt
947 2691 1034 2743 Pictor.
1059 2691 1122 2756 0pp.
1145 2693 1220 2744 Paris.

0 2761 50 2810 iae
69 2759 191 2808 immutata
215 2759 275 2810 tides
300 2765 344 2808 est.
379 2757 465 2808 Verum
489 2771 542 2808 curn
560 2756 584 2807 id
638 2754 724 2820 tetta]
742 2772 806 2809 num.
822 2759 863 2808 bl.
881 2765 904 2810 et
920 2774 947 2810 se
966 2759 1085 2809 uentibus.

15 2835 111 2875 olerum
129 2825 242 2876 harumce
260 2827 363 2877 breviter
386 2839 434 2875 oon
460 2827 535 2884 ierat,
561 2832 585 2875 et
669 2839 690 2874 e.
709 2826 765 2890 itaq.
784 2834 808 2876 et
825 2827 955 2890 Sequere
998 2817 1124 2896 οὐρανόν.
1164 2822 1166 2836 “

0 2893 89 2955 linqui
107 2893 299 2958 saepissimam
312 2894 399 2954 agitate
412 2892 491 2951 luerit,
510 2907 582 2942 noum
668 2893 692 2942 b.
710 2895 751 2944 Sia
763 2895 818 2976 itaq.
829 2896 928 2958 Sequar.
940 2895 1037 2947 Gobler.
1047 2903 1071 2944 et
1080 2893 1184 2946 Felclne.
1196 2895 1218 2946 l.

0 2961 128 3008 lterumra
153 2961 256 3010 sufficiet
285 2974 313 3010 ex
335 2961 428 3010 lsidoro
452 2975 481 3024 ap
501 2974 583 3010 onere.
631 2960 695 3011 Editi
713 2977 768 3013 aero
791 2957 857 3031 νπὲρ
882 2959 931 3010 τοῦ
946 2957 1051 3029 adeptae
1069 2955 1218 3021 cacianus

2 3026 105 3076 ‘rimam
123 3041 152 3076 ax
169 3027 210 3077 lib.
223 3027 245 3077 1.
262 3021 462 3091 Epist.10tl.etai
514 3021 583 3087 ieris
631 3023 725 3095 τροφή
743 3032 840 3082 omissis
858 3030 949 3080 multis.

13 3088 130 3160 pontina
152 3093 202 3154 'dt‘
216 3093 347 3162 pueraria
364 3089 414 3145 τὸν
431 3087 516 3175 ἄρτον
533 3089 583 3144 τὸν
665 3114 687 3148 ο.
706 3098 803 3152 Gohler.
823 3105 846 3148 et
863 3097 967 3147 Pelohm.
979 3097 1001 3146 1.
1018 3093 1213 3160 πνευματικῶς.

12 3155 100 3216 οινόν,
120 3160 201 3229 σῶμα
220 3155 307 3212 ἷδικὸν
323 3162 372 3223 τῆς
383 3155 466 3212 aiace
478 3155 582 3230 rapacia
630 3165 687 3229 lies.
699 3167 831 3228 etSeqaer.
841 3161 1039 3229 πνευματικῶν,
1060 3163 1138 3212 minus
1151 3171 1216 3213 reate

0 3243 67 3282 ame
84 3222 250 3298 ἀποφαῖνον.
293 3232 322 3283 lit
344 3234 370 3282 ia
384 3233 480 3296 Mettica
502 3249 582 3284 measa
629 3234 654 3288 ni
673 3234 753 3283 iallor.
793 3232 928 3295 lbidlteg.
953 3230 1216 3294 aegrescentes

1 3314 135 3351 ,ommonem
164 3317 246 3365 ponera
271 3303 389 3366 propriam
413 3301 581 3352 laaorootioaia
631 3291 865 3353 tolerantiam.
907 3299 969 3349 Editi
987 3307 1011 3350 et
1028 3299 1100 3349 aeteri
1117 3289 1162 3352 ata.

1 3381 78 3430 torpor
95 3369 176 3419 reddat
193 3369 307 3434 (Spiritus
325 3367 361 3430 S.)
395 3369 425 3419 Et
441 3369 483 3418 lib.
495 3369 517 3418 1.
535 3369 580 3432 Ep.
664 3369 687 3419 d.
706 3367 803 3420 Gobler.
822 3375 845 3418 et
862 3367 965 3418 Pelolm.
986 3367 1007 3418 l.
1024 3359 1154 3432 ἐφέλκων.

10 3433 55 3484 23.
74 3427 149 3500 ἡμεῖς
164 3429 209 3485 int
226 3429 353 3490 σινδόνος
368 3429 419 3484 τὸν
436 3428 521 3504 ἄρτον
532 3433 581 3496 τῆς
664 3451 686 3486 e.
704 3437 745 3486 Sia
768 3435 825 3500 lleg.
851 3445 875 3486 et
896 3435 995 3497 Sequar.
1024 3429 1075 3482 τόν
1098 3435 1165 3485 deest
1190 3435 1215 3485 in

0 3525 2 3532 ι
36 3499 151 3557 οθέοεως
169 3497 340 3569 ἁγοάζοντεο,
368 3503 449 3571 σῶμα
460 3501 579 3571 χριστοῦ
630 3503 699 3554 editis
718 3511 742 3554 et
759 3503 820 3554 eliis.
856 3503 1066 3568 Paatapaatttea.
1082 3503 1214 3566 etSegaer.

0 3515 165 3624 denariatus
187 3565 353 3640 εὑρίσκομεν.
403 3573 449 3624 Νοο
472 3575 580 3638 proposi-
628 3569 736 3638 πνεῦμα
758 3565 812 3639 trpt
836 3563 989 3641 reposuinou.
1026 3569 1214 3622 Palaimannib.
1285 3589 1293 3598 ·

3 3635 477 3704 'odiepaaemiaeiadoaeeoactificaotea,
494 3641 579 3691 Glarieti
628 3635 735 3705 πνεῦμα
751 3632 912 3707 carcenos.
939 3639 1001 3689 Editi
1014 3646 1037 3689 et
1052 3640 1092 3689 alil
1105 3635 1214 3704 πνεῦμα

2 3721 78 3769 orpus
96 3707 145 3755 siae
162 3709 305 3759 dubitatione
318 3711 451 3774 reperimur.
486 3709 578 3768 Quibus
628 3699 773 3776 natantum
790 3707 1214 3766 etsiaGraeeushieremieatentue.

8 3774 53 3826 uid
71 3770 198 3838 apertius?
251 3780 255 3791 '
663 3777 680 3825 i.
698 3777 738 3826 Sta
756 3776 812 3825 editi
829 3783 853 3825 et
870 3775 966 3839 qnidam
985 3775 1054 3825 codd.
1064 3782 1137 3836 recte,
1156 3773 1188 3823 he
1206 3811 1213 3825 .

28 3843 103 3892 Porro
122 3841 201 3892 minus
218 3849 284 3894 recte
297 3841 365 3893 Card.
377 3842 579 3894 Perroninebunc
628 3858 684 3894 aero
702 3843 800 3904 Sequar.
819 3843 916 3894 Gohler.
935 3850 959 3892 et
976 3843 1081 3893 Pelctm.
1100 3841 1120 3892 l.
1138 3788 1211 3902 dead}

1 3917 130 3962 sectatum
153 3909 282 3962 Athanasio
307 3909 461 3962 abiudicarit:
490 3925 517 3961 er
540 3911 577 3960 his
627 3905 726 3959 andrae
751 3903 834 3969 δῆλον
856 3900 891 3958 ἂν
914 3901 954 3970 εἴη
983 3903 1079 3958 λοιπὸν
1107 3902 1214 3971 (λοιπὸν

1 3979 72 4038 mim,
99 3991 161 4042 qnae
182 3977 206 4028 in
230 3977 319 4029 llouito
342 3978 456 4039 diximus,
484 3985 579 4032 constet
610 3979 697 4036 ,deest
710 3979 738 4027 ,in
757 3977 853 4029 Gohler.
871 3985 894 4028 et
905 3978 1055 4040 lateant.)
1073 3977 1131 4032 τοῖς
1144 3975 1213 4027 πᾶσι

1 4049 46 4096 ius
69 4059 122 4096 esse
146 4060 286 4108 manarum
310 4047 392 4097 tetam.
428 4048 480 4106 Qua
504 4047 533 4098 de
551 4059 577 4096 re
627 4039 659 4094 ri
677 4037 850 4128 edayyalradr
867 4041 966 4113 ῥητον·
992 4059 1036 4094 οτι
1051 4059 1101 4094 τον
1117 4059 1212 4114 tropaea

2 4113 98 4165 ruditns'
116 4127 187 4164 nemo
206 4115 252 4165 iam
269 4116 373 4178 ambigit.
627 4107 701 4182 ὀροῖν
717 4129 732 4174 η
749 4107 795 4162 sat
810 4108 874 4180 περὶ
896 4113 1003 4177 (datter.
1022 4123 1045 4164 et
1063 4115 1167 4165 Pelalm.
1187 4114 1210 4162 1.

26 4181 52 4230 ln
70 4182 116 4233 hoa
133 4191 212 4234 eutem
231 4184 416 4248 opereSpiritus
431 4182 527 4233 nomine
538 4181 575 4231 di·
625 4173 642 4242 ἢ
660 4174 694 4232 τὰ
711 4176 782 4250 περὶ)
805 4175 902 4232 ἑαυτοῦ
920 4175 1119 4247 διαλεγόμενος.
1158 4179 1210 4230 llos

1 4249 110 4302 initotem
133 4251 221 4302 Christi
245 4265 318 4316 saepe
344 4251 455 4314 intelligit
478 4257 575 4300 senatos
625 4251 681 4315 lteg.
700 4260 725 4301 et
742 4251 840 4314 Sequar.
858 4243 896 4304 οἷς
912 4243 948 4299 ed
961 4241 1111 4317 σωματικά.
1147 4245 1209 4296 lbid.

0 4327 88 4368 octor.
123 4319 192 4378 Quod
211 4319 241 4369 ab
253 4318 343 4370 llilerlo
357 4321 462 4384 itemque
480 4334 493 4368 ι
511 4317 575 4368 ntul-
625 4319 682 4381 lies.
700 4319 798 4382 Segner.
817 4319 914 4370 Gobler.
933 4326 955 4369 et
967 4319 1069 4368 Pelclm.
1082 4316 1104 4365 1.
1120 4306 1210 4380 μόνον

0 4401 21 4434 s
46 4385 153 4436 Patribus
180 4387 354 4452 antiquioribus
378 4387 510 4438 admissum
534 4401 574 4436 ra·
626 4377 792 4450 ἀποβλέπων,
812 4379 857 4435 arai
873 4379 911 4454 poi
929 4379 977 4452 (μῆ
994 4385 1063 4434 deest
1079 4384 1103 4433 in
1117 4383 1172 4457 ilfa.
1184 4389 1208 4432 et

1 4459 73 4502 erunt
90 4455 165 4505 nostri
183 4455 206 4505 in
224 4455 375 4506 Praetutium
393 4454 516 4507 edllilarii
528 4467 574 4506 no·
625 4455 706 4520 Scan.)
722 4447 953 4526 προπεοεοόμενοο
969 4443 1082 4516 Mdffd'
1105 4447 1201 4500 ''⁰³‘'-
