3174 5082
246 213 286 280 38
764 233 934 278 rnmrrrro.

243 383 285 446 ihi
308 382 387 446 enim
408 384 435 446 is
457 381 572 447 duahus
594 391 710 448 cenent
730 384 879 464 partibus,
902 401 958 450 una
981 387 1017 452 de
1036 386 1109 466 fide,
1131 383 1220 447 altera
1243 385 1277 447 dr
1297 383 1466 447 osoribus.-

242 504 364 564 qusrum
398 485 445 546 illa
476 483 511 549 ah
541 484 673 565 exemplo
702 495 786 548 antea
816 485 894 550 edito
927 485 1025 558 ahest,
1043 479 1129 550 'haec
1150 485 1272 550 multum
1293 485 1467 563 discrepat.

241 581 298 648 Sed
321 587 376 648 hac
397 603 514 665 quoque
535 588 628 650 torma
651 586 765 650 libellus
787 605 846 652 non
869 587 982 650 ridetur
1002 587 1128 665 dignior,
1150 585 1200 666 qui
1223 587 1294 648 tanti
1313 586 1464 658 doctoris

241 706 350 752 nornen
377 706 447 766 prae
476 707 508 750 se
531 689 613 751 leret.
657 689 832 754 Athanasius
854 689 944 770 igitur
964 689 1167 754 institutiones
1190 687 1369 768 dogmaticas
1392 705 1462 748 non

243 788 426 868 composuit,
458 807 513 852 nec
540 789 565 850 si
594 789 623 850 id
653 791 772 853 lecisset
798 799 954 870 propterea
974 808 1082 870 parens
1104 789 1264 852 hodiernae
1286 789 1462 866 theologiae

243 889 306 952 iure
335 889 432 982 vocari
458 899 583 971 possete
607 908 696 969 qurum
725 900 808 954 autea
838 891 894 954 iam
918 892 1080 970 Origenes,
1112 890 1260 952 Clemente
1286 891 1339 954 hac
1362 889 1394 950 in
1417 908 1460 952 ra

241 991 381 1070 magistro
404 1011 487 1064 usus,
508 991 634 1070 primum
659 992 822 1070 theologiae
844 993 1023 1072 dogmaticae
1045 992 1194 1072 specimen
1216 992 1347 1054 dedisset
1361 989 1457 1052 lihris

241 1103 367 1174 quatuor
393 1091 470 1175 napi
498 1084 607 1176 ἀρχῶν,
637 1101 666 1156 et
693 1094 723 1156 in
752 1095 874 1156 exordio
903 1093 1002 1173 operis
1030 1094 1117 1158 etiam
1145 1094 1293 1158 notionem
1316 1093 1455 1154 eiusdem

245 1194 439 1275 explicuisset.
483 1195 690 1258 Verumtamen
718 1197 747 1261 in
777 1195 894 1274 scriptis
921 1196 1073 1260 athanasii
1101 1196 1266 1258 universam
1296 1194 1453 1272 religionis

240 1296 416 1360 christianae
438 1298 560 1360 lormam
584 1307 614 1360 et
635 1300 790 1370 rationem,
813 1317 899 1378 quam
921 1297 1097 1376 cogitatione
1120 1296 1368 1384 complexueerat,
1392 1313 1450 1356 ex-

241 1399 369 1478 positam
391 1397 544 1468 hahemus,
568 1408 653 1478 atquc
675 1399 713 1460 ila
735 1401 938 1462 demonstrare
960 1417 1119 1478 possumus
1142 1397 1222 1462 illum
1246 1396 1450 1462 insectandis

237 1499 402 1579 praecipuis
435 1499 503 1560 fidei
535 1499 721 1578 dogmatibus
749 1518 813 1562 eam
840 1500 1003 1580 praeivisse
1030 1500 1120 1574 viam,
1152 1517 1238 1580 quarn
1268 1497 1449 1562 durissimos

238 1599 378 1662 ecclesiae
397 1601 536 1662 doctores
560 1619 635 1664 saec.
651 1601 698 1664 lV.
720 1601 873 1680 ingressos
895 1621 961 1664 esse
983 1609 1107 1664 constat.
1136 1601 1266 1666 Primum
1284 1599 1312 1660 in
1328 1599 1447 1662 duobus

239 1702 320 1764 lihris
343 1701 543 1781 apologeticis.
568 1703 596 1766 iu
614 1703 763 1778 Oratione
784 1695 893 1766 eontra
913 1713 1015 1784 gentes
1037 1713 1067 1764 et
1087 1703 1117 1767 in
1136 1704 1275 1767 Oratione
1290 1703 1325 1762 de
1340 1705 1440 1764 irror-

238 1809 360 1868 rectione
382 1804 467 1866 oerhr‘
487 1803 699 1882 (inscribuntur
725 1823 828 1882 graece
843 1799 939 1886 λόγος
952 1801 1035 1868 κατὰ
1046 1797 1202 1886 Ἑλλήνων
1218 1815 1248 1866 et
1256 1798 1352 1886 λόγος
1366 1803 1445 1886 περὶ

239 1906 296 1988 τῆς
324 1901 608 1990 emerentianus
635 1905 693 1968 τοῦ
721 1901 819 1988 ldyov
846 1905 899 1970 rori
928 1905 985 1990 τῆς
1007 1903 1063 1970 διὰ
1085 1902 1237 1988 σώματος
1253 1900 1339 1987 πρὸς
1359 1897 1443 1989 ἡμᾶς

241 2005 438 2093 ἐπιφανείας
459 1999 582 2082 αὐτοῦ).
618 2008 651 2069 ln
673 2008 720 2072 his
742 2008 832 2086 igitur
853 2007 947 2079 lihris,
971 2027 1046 2088 quos
1067 2009 1223 2072 admodum
1240 2006 1354 2068 iuvenis
1377 2017 1442 2070 ante

237 2110 467 2172 controuersiam
490 2109 623 2173 hriauam
647 2109 833 2188 conscripsit,
855 2111 892 2172 de
911 2111 1088 2190 praestantia
1103 2109 1252 2190 religionis
1267 2108 1439 2172 christianae

238 2229 302 2274 cum
332 2209 521 2288 religionibus
545 2211 672 2290 gentium
695 2222 879 2291 comparatae
902 2212 942 2274 ita
963 2212 1118 2286 disseruit,
1146 2222 1178 2275 ut
1199 2228 1258 2274 eant
1281 2227 1439 2290 propemo-

237 2314 307 2380 dum
335 2322 424 2376 totam
452 2313 598 2376 evulserat
624 2321 654 2374 et
681 2331 783 2376 omnes
812 2324 911 2392 partes
938 2312 983 2376 rel
1006 2313 1099 2392 mpita
1121 2314 1216 2376 omnia
1236 2313 1438 2390 persequendo

239 2417 397 2494 perlectam
420 2423 449 2474 et
470 2413 632 2476 absolutam
656 2432 723 2476 esse
744 2414 871 2476 doceret
917 2413 980 2485 Ouo
1003 2415 1133 2486 ratione,
1156 2412 1276 2476 maxime
1297 2412 1326 2474 iu
1349 2414 1436 2478 altero

238 2522 372 2579 tractatu.
394 2532 453 2575 uon
478 2524 587 2576 tanturn
610 2515 704 2592 ipsam
727 2514 889 2578 doctrinam
906 2514 1096 2594 principalem
1111 2517 1148 2576 de
1163 2515 1358 2576 incarnatione
1372 2533 1434 2578 rer·

237 2615 267 2676 hi
289 2634 323 2676 ac
344 2615 381 2676 de
402 2614 498 2675 causis
520 2624 550 2676 et
571 2617 666 2676 lructu
687 2615 829 2676 adrentus
851 2615 901 2676 lilii
923 2616 970 2678 dai
993 2616 1028 2678 ad
1051 2617 1185 2680 homines
1206 2615 1326 2696 eiusque
1343 2613 1429 2674 acuo-

216 2735 311 2781 -num
334 2726 363 2777 et
384 2715 608 2795 perpessionem
631 2715 793 2788 illustrarit,
817 2716 869 2778 sed
892 2717 978 2778 etiam
1001 2717 1198 2780 antecedentia
1219 2716 1263 2777 vel
1278 2713 1427 2795 supposita,

240 2817 396 2898 praecipue
422 2835 519 2880 reram
549 2816 596 2880 dei
623 2818 775 2880 notionem
798 2827 827 2878 et
848 2827 956 2880 rectam
980 2819 1016 2881 de
1038 2817 1165 2882 hominis
1187 2819 1332 2882 creatione
1349 2824 1430 2894 atque

235 2918 319 3000 lapsu
342 2921 529 2992 sententiam,
552 2930 582 2984 et
603 2921 822 3000 consequentia,
844 2939 917 3002 quae
938 2922 974 2982 de
996 2915 1089 2986 salute
1110 2939 1162 3000 per
1184 2918 1331 3008 Christum
1351 2937 1432 2982 recu·

240 3023 367 3103 peranda
391 3025 555 3100 trademur,
579 3035 666 3105 prout
688 3024 803 3088 occasio
825 3023 946 3096 lerchat,
970 3024 1072 3102 attigit.
1116 3021 1198 3084 Conl.
1214 3020 1433 3086 hloehlerusld.

122 3152 127 3162 ¹
236 3145 265 3205 p.
284 3129 343 3192 136
357 3130 459 3193 484.
482 3139 510 3188 et
532 3127 683 3190 Oornerus
706 3125 736 3186 in
757 3124 827 3186 hist.
848 3125 993 3200 dogmatis
1015 3126 1053 3184 de
1074 3141 1200 3202 persona
1221 3122 1330 3184 Christi
1353 3123 1431 3196 (tu-

237 3229 580 3307 rrichelunpspescln'clrte
607 3230 661 3288 der
683 3225 777 3286 Lehre
805 3240 864 3284 oon
892 3225 946 3284 der
968 3223 1229 3297 Person'Chrr'rtr)
1252 3223 1314 3285 Vol.
1332 3225 1352 3286 l.
1374 3241 1430 3306 pag.

239 3330 416 3392 sae-848.
461 3327 536 3386 Ttrrn
564 3343 635 3386 uero
664 3326 692 3386 iu
722 3321 967 3402 disputationihus
996 3332 1095 3387 contra
1116 3324 1239 3386 Arianos
1260 3323 1387 3406 itemque
1406 3326 1431 3388 in

236 3427 283 3498 iis,
305 3427 411 3504 quihus
426 3423 651 3486 Macedonianos
675 3432 705 3484 et
718 3421 932 3502 Apollinaristas
955 3422 1065 3488 aliosve
1088 3424 1124 3486 de
1145 3426 1345 3510 incarnatione
1359 3427 1433 3493 rorhi

238 3545 297 3590 non
321 3536 401 3588 recte
422 3526 582 3588 sentientes
605 3525 774 3596 conlutavit,
798 3542 853 3588 ron
876 3525 947 3586 satis
970 3525 1071 3588 hahuit
1092 3526 1153 3588 sola
1168 3525 1302 3604 dogmata
1317 3537 1432 3590 conho-

237 3647 322 3694 rersa
344 3629 380 3690 de
404 3628 498 3696 trihus
521 3628 550 3690 in
574 3627 629 3688 deo
651 3619 788 3706 personis
807 3633 836 3686 et
857 3625 894 3688 de
916 3625 1028 3690 duabus
1052 3628 1081 3689 in
1104 3627 1220 3690 Christo
1241 3629 1353 3690 naturis
1374 3639 1431 3694 tra·
1532 3657 1535 3668 .

238 3731 379 3793 ctarisse:
409 3730 461 3794 sed
483 3727 728 3809 quemadmodum
753 3727 783 3790 in
801 3726 963 3807 theologica
985 3729 1146 3808 scripturae
1169 3747 1270 3790 sacrae
1291 3730 1430 3810 interpre-

238 3833 346 3894 tatione
370 3831 482 3910 singuls
504 3831 579 3891 dicta
602 3849 637 3890 ex
660 3831 810 3892 universae
832 3829 994 3908 scripturae
1009 3829 1205 3894 consensione
1220 3840 1306 3910 atque
1321 3851 1357 3894 ex
1370 3831 1431 3894 lidei

236 3935 335 4013 regula
357 3923 505 3996 aestimari
529 3930 619 3994 voluit
639 3940 668 3994 et
689 3931 815 4010 intelligi,
837 3930 882 3992 sic
903 3931 932 3992 in
948 3931 1070 4010 singulis
1086 3931 1305 4012 quaestionibus
1315 3933 1429 4013 dogma·

123 4025 126 4034 ’
238 4035 303 4098 licis
326 4035 421 4096 ubivis
444 4033 585 4115 principia
608 4042 638 4095 et
658 4034 744 4098 linem
767 4033 911 4112 reigionis
934 4033 1107 4096 christianae
1128 4031 1353 4113 universamque
1371 4034 1428 4110 eus

237 4139 362 4202 lormam
391 4133 649 4216 circumspicienda
678 4155 747 4198 esse
775 4135 881 4216 rmtarit
910 4144 996 4213 atque
1017 4135 1072 4198 hac
1092 4135 1135 4197 rei
1158 4135 1321 4198 tractandae
1342 4136 1428 4198 suhti·

236 4238 317 4300 litate
339 4236 481 4301 adductus
504 4245 557 4310 est,
581 4245 614 4300 ut
635 4237 689 4300 alia
710 4255 822 4317 quoque
844 4234 902 4300 illis
924 4236 1122 4300 controversis
1142 4254 1272 4300 connexa
1288 4237 1428 4302 doctrinae

147 4379 151 4389 ·
236 4357 337 4404 sacrae
370 4338 462 4418 capita
495 4339 556 4402 suis
584 4338 657 4401 locis
685 4347 830 4402 excuteret
858 4347 887 4400 et
913 4337 982 4415 quid
1010 4338 1046 4400 de
1073 4337 1109 4398 iis
1141 4339 1324 4402 sentiendum
1347 4349 1427 4413 esset,

237 4440 406 4507 declararet
449 4440 604 4506 Praeterea
626 4441 688 4544 ipsa
710 4438 924 4504 controversiae
945 4441 1065 4502 materia
1088 4438 1114 4499 ei
1137 4457 1196 4502 non
1215 4440 1303 4502 modo
1319 4457 1426 4504 causam
