3212 5060
528 263 637 308 enarro
653 264 697 308 nr.
713 266 830 310 ceurae
844 268 979 312 tutanos.
1290 261 1353 322 595

128 421 288 494 postquam
309 409 506 476 deliberavit?
550 413 638 486 Quod
662 417 688 477 si
710 416 838 480 absurda
860 391 890 480 ἐι
912 420 994 483 valde
1015 421 1108 484 sutilis
1123 430 1170 484 est
1183 423 1440 486 huiusmooinan.

131 515 282 593 quaestio,
305 533 362 576 neo
382 515 440 577 ista
462 516 505 576 ias
529 525 575 576 est
597 518 720 579 omnino
743 519 853 595 disere,
876 541 941 584 cnm
965 524 1038 585 satis
1061 524 1100 586 sit
1121 524 1167 585 rel
1182 525 1366 587 solumno-.

131 633 202 678 men
224 615 277 677 ltei
306 616 424 690 audire,
458 624 490 677 ut
519 618 649 680 sciamus
672 631 702 680 et
722 620 936 701 intelligamus,
970 643 1036 687 eum
1059 625 1200 705 assequi
1223 636 1286 700 est3
1317 643 1357 688 an

133 733 195 777 nou
217 717 330 796 pariter
351 717 511 779 absurdum
534 727 595 792 est,
626 719 692 780 talia
715 720 752 781 de
774 721 826 782 llei
850 722 943 783 Verbo
967 725 1096 803 cogitare
1118 726 1356 806 voluntatemque

135 827 166 878 et
195 817 348 880 arbitrium
376 819 464 880 nobis
494 819 666 882 obiectare?
711 821 863 902 Siquidem
891 824 964 884 satis
993 835 1039 886 est
1070 827 1117 887 vel
1147 829 1246 890 solum
1266 827 1356 891 Verbi
1430 833 1433 844 '

131 935 241 979 nomen
270 918 371 980 audire
399 920 436 981 ad
459 920 611 983 solendum
635 930 665 982 et
686 922 926 1002 percipiendum,
949 924 1059 999 Deum,
1088 927 1220 1004 quinon
1243 947 1279 989 ex
1299 947 1356 990 vo·

134 1018 247 1080 luntate
277 1020 392 1095 existit,
424 1039 480 1082 nae
509 1022 579 1083 item
602 1023 752 1085 voluntate
774 1017 827 1084 sed
849 1034 952 1086 natura
973 1025 1127 1104 proprium
1149 1025 1259 1088 babere
1280 1029 1356 1090 Ver·

133 1119 216 1180 bum.
259 1121 304 1181 An
332 1141 392 1182 oon
421 1141 513 1202 porro
543 1141 662 1186 omnem
690 1125 836 1188 insaniam
857 1126 884 1186 is
907 1134 1044 1204 superat,
1078 1127 1127 1205 qui
1160 1127 1206 1188 rel
1238 1129 1356 1206 cogitet,

132 1219 227 1282 ileum
256 1221 438 1297 deliberare,
461 1225 646 1299 consultare,
670 1225 793 1304 eligere,
823 1244 914 1304 seque
942 1225 1041 1306 ipsum
1063 1227 1099 1287 ad
1121 1225 1280 1288 volendum
1301 1227 1357 1288 ad-

134 1323 265 1397 hortari,
295 1333 327 1386 ut
354 1343 414 1386 non
443 1325 509 1386 sine
531 1325 628 1392 Verbo
658 1334 687 1388 et
709 1326 858 1405 Sapientia
880 1327 933 1400 sit,
965 1328 1019 1389 sed
1040 1336 1074 1388 ut
1094 1326 1224 1390 Verbum
1246 1335 1277 1388 et
1298 1325 1356 1388 Sa·

133 1424 276 1502 pientiam
305 1424 435 1487 babeat?
477 1427 610 1505 Namque
638 1428 674 1488 de
702 1428 805 1507 seipso
828 1428 996 1490 eonstdtare
1017 1427 1228 1508 videbu,'qui
1250 1425 1287 1490 de
1310 1445 1358 1500 eo,

132 1525 212 1612 quod
242 1545 314 1586 strae
341 1537 464 1588 naturae
492 1529 645 1608 proprium
668 1536 730 1602 est,
759 1528 913 1590 deliberat.
957 1529 1030 1591 Cum
1053 1530 1141 1609 igitur
1161 1527 1246 1592 raldo
1267 1528 1359 1610 impia

122 1628 176 1687 sit
197 1627 367 1690 huiusmodi
389 1631 546 1702 sententia,
570 1639 768 1708 congruenter
789 1630 892 1710 pietati
913 1629 1071 1692 dicendum
1093 1637 1150 1703 est,
1172 1649 1222 1692 res
1238 1629 1358 1710 quidem

128 1727 228 1789 'laetas
251 1727 304 1788 llei
333 1730 487 1808 proposito
516 1739 545 1790 et
573 1731 724 1792 voluntate
753 1749 823 1792 esse
850 1738 1038 1810 procreatas,
1070 1730 1176 1792 Filium
1204 1749 1359 1794 veronen

132 1829 295 1891 voluntatis
325 1849 401 1910 opus
431 1851 500 1892 esse
529 1839 631 1893 utres
655 1840 786 1904 creatas,
813 1832 866 1894 sed
889 1836 994 1893 nature
1016 1831 1171 1911 proprium
1194 1851 1262 1896 ense
1284 1830 1357 1894 sub·

133 1929 261 1992 stantiae
290 1932 390 1994 letum.
441 1933 514 1994 Cum
543 1933 621 1994 enim
652 1933 699 1993 sit·
718 1935 872 2012 proprium
895 1933 992 1995 Patris
1015 1933 1161 2008 Verbum,
1194 1952 1256 1995 non
1288 1933 1360 1996 sinit

134 2030 261 2109 aliquam
284 2041 351 2093 ante
374 2053 407 2093 se
431 2033 553 2112 cogitari
575 2035 766 2107 voluntatem,
789 2042 891 2112 utpote
914 2053 981 2096 eum
1004 2033 1069 2112 ipse
1091 2035 1132 2095 sit
1145 2035 1247 2094 virens
1262 2033 1358 2094 Patris

130 2131 288 2193 eonsilium
310 2141 340 2193 et
361 2133 456 2194 virtus
480 2151 643 2211 eorumque
666 2134 798 2206 effector,
822 2151 897 2213 quae
911 2133 992 2194 Patri
1013 2133 1139 2210 placent,
1163 2131 1358 2210 quemadmo-

136 2231 208 2292 dum
230 2233 267 2295 de
290 2253 322 2296 se
344 2235 408 2312 ipse
430 2234 461 2294 in
482 2233 653 2294 Proverbiis
675 2233 731 2294 ait:
762 2233 863 2294 Meum
890 2243 935 2293 est
964 2231 1121 2293 eonsilium
1149 2243 1179 2292 et
1199 2236 1358 2302 seueritas,
1427 2247 1435 2254 ·

133 2352 198 2395 meo
220 2345 267 2395 est
285 2335 467 2414 prudentio,
499 2329 565 2394 meo
587 2343 631 2394 eat
651 2333 815 2411 sortiendo.
859 2332 899 2392 Ut
926 2331 1005 2392 enim
1034 2339 1179 2408 quatenus
1208 2338 1255 2391 est
1282 2348 1357 2407 pru·

139 2434 257 2506 dentis,
280 2435 311 2493 in
334 2419 390 2512 qua
413 2433 513 2492 caelos
534 2433 734 2512 praeparavit,
757 2443 787 2496 et
809 2441 841 2496 ut
863 2431 949 2506 item,
979 2439 1125 2511 quatenus
1149 2439 1196 2492 est
1216 2429 1358 2492 tortitudo

134 2537 166 2595 'et
194 2534 287 2595 virtue
318 2537 399 2609 (nam
423 2533 561 2598 Christus
584 2534 642 2596 Dei
660 2539 761 2596 uirtus
785 2535 827 2612 [et
847 2533 900 2596 Dei
923 2532 1110 2612 sapientiai),
1138 2549 1217 2594 noue
1237 2531 1359 2610 paulum

136 2635 248 2698 renato
269 2636 411 2716 loquendi
433 2635 522 2696 modo
545 2633 632 2696 dixit:
656 2635 723 2697 Meo
746 2647 790 2698 eat
808 2637 976 2717 prudentio
999 2645 1026 2696 et
1040 2653 1106 2696 meo
1127 2646 1172 2696 est
1186 2635 1356 2714 fortitudor

133 2735 174 2798 ita
195 2757 268 2822 eum
300 2737 385 2798 dicit:
415 2737 513 2800 Meum
542 2748 588 2800 est
611 2723 785 2808 eonsilium,
815 2755 848 2798 se
869 2735 966 2798 Patris
988 2735 1090 2796 vivens
1112 2726 1180 2796 esse
1202 2732 1358 2796 eonsilium

49 2821 53 2828 ’
136 2838 292 2916 significat,
315 2838 561 2917 quemadmodum
584 2839 671 2899 etiam
694 2838 873 2918 aPropbeta
896 2837 1063 2909 didicimus,
1086 2853 1153 2897 eum
1168 2835 1357 2915 magnieon-
1434 2915 1436 2920 Ι

119 2938 198 2998 'silli
221 2939 355 3016 angelum
377 2939 459 3009 fieri,
487 2949 515 2999 et
537 2938 716 3000 voluntatem
739 2939 836 3000 Patris
858 2938 1034 3018 appellatum
1057 2955 1134 2998 esse.
1179 2935 1297 2998 Seilieet
1317 2936 1359 2996 ita
1390 3021 1393 3027 Ι

135 3055 189 3098 eos
211 3057 336 3117 aequum
359 3046 407 3100 est
427 3038 572 3114 refellere,
596 3040 646 3119 qui
668 3041 796 3101 bumana
818 3041 854 3101 de
877 3040 938 3101 beo
961 3039 1100 3117 eogitam.

222 3237 273 3303 64.
317 3241 418 3321 ltaque
447 3241 473 3302 si
501 3259 551 3302 res
579 3242 673 3303 iactue
701 3241 850 3302 voluntate
877 3259 911 3300 ae
938 3238 1094 3318 proposito
1122 3237 1257 3305 conditae
1278 3243 1358 3310 sunt,

144 3339 171 3401 si
193 3339 332 3401 universa
354 3353 450 3403 ereata
473 3351 576 3404 natura
598 3342 748 3404 voluntate
769 3345 844 3403 laeta
866 3349 927 3412 est,
956 3338 981 3400 si
1009 3339 1079 3400 item
1101 3338 1208 3400 Paulus
1230 3357 1284 3418 per
1305 3335 1360 3398 llei
1447 3411 1449 3414 Ι

139 3441 320 3503 voluntatem
343 3452 463 3504 roeatus
486 3453 531 3504 est
551 3444 723 3525 Apostolus,
747 3443 773 3506 si
795 3441 922 3521 denique
943 3447 1045 3501 nostra
1067 3440 1180 3501 voratio
1202 3438 1360 3520 proposito

139 3553 170 3605 et
191 3544 342 3605 voluntate
365 3550 412 3604 est
432 3546 516 3618 laeta,
540 3547 639 3608 omnia
661 3554 760 3607 autem
781 3563 836 3624 per
849 3541 977 3606 Verbum
999 3542 1073 3604 laeta
1095 3549 1180 3614 sunt,
1202 3539 1280 3602 baud
1302 3538 1360 3600 du-

139 3643 188 3706 bie
221 3645 318 3724 ipsum
342 3644 469 3708 Verbum
497 3656 592 3722 entra¹
606 3666 710 3711 eornm
738 3663 896 3708 numerum
924 3652 986 3716 est,
1019 3661 1093 3722 quae
1116 3642 1264 3704 voluntate
1285 3642 1362 3703 laeta

141 3864 220 3914 Ceteri
248 3871 272 3912 et
299 3865 355 3914 editi
381 3857 440 3912 dore
471 3857 501 3910 rb
532 3858 741 3931 dpptodpyupe
777 3875 800 3916 et
817 3866 916 3926 sepner.
937 3855 1112 3912 omittuutaal
1128 3857 1193 3908 θεοῦ
1211 3855 1307 3926 σοφία.

135 3923 303 3996 baesrode.
811 3934 824 3981 r.
844 3933 884 3980 su
902 3931 958 3991 neg.
980 3929 1002 3978 t.
1021 3929 1200 4004 senegaune.
1235 3930 1263 3978 n
1280 3928 1321 3980 aut
1339 3937 1365 3980 u

172 4001 189 4048 i.
208 3999 266 4061 lteg.
284 3999 306 4048 l.
324 3999 466 4058 Seguerian.
490 3997 562 4046 basil.
582 3989 724 4060 oirldyoc.
777 3999 835 4048 editi
853 3988 1071 4061 αὐτὸςὸτῆςμ
1105 3991 1176 4052 olus.
1214 3996 1288 4044 Paulo
1306 4003 1365 4060 poet

139 4067 183 4116 ilii
209 4075 232 4116 et
259 4069 316 4116 editi
340 4057 379 4112 ὧν
403 4056 522 4127 ὁλόγος.
558 4063 610 4112 llos
629 4065 685 4126 ltefl.
704 4066 725 4114 l.
778 4067 834 4126 iles.
857 4065 878 4113 l.
903 4072 927 4114 et
950 4067 1050 4125 Seguer·
1093 4057 1299 4126 ιελέγχειντοὺς
1317 4054 1364 4112 ἀν·

139 4135 239 4195 segnes.
258 4135 328 4185 Gebl.
346 4142 370 4182 et
388 4132 494 4182 Felelrn.
507 4132 528 4181 i.
547 4125 602 4198 πρὸ
620 4123 725 4182 ἑαυτοῦ.
775 4125 914 4198 sponoe.

139 4201 220 4251 Ceteri
239 4209 262 4250 et
281 4201 338 4250 editi
356 4191 410 4266 πρὸ
429 4191 521 4248 αὐτοῦ.
812 4202 834 4248 t.
853 4201 893 4248 Sie
911 4199 968 4260 lieg.
986 4198 1008 4264 l.
1033 4199 1132 4258 Sepuer.
1156 4193 1248 4258 ungue.
1266 4197 1364 4248 Gobler.

173 4283 195 4328 g.
214 4267 352 4329 Sieliepl.
364 4271 464 4328 Seguer.
476 4265 545 4318 Gobl.
557 4265 726 4316 emicunt.
778 4273 801 4316 et
819 4266 922 4316 lelelro.
936 4266 957 4314 ι.
977 4271 1002 4314 ut
1020 4274 1043 4314 et
1061 4265 1168 4314 lVanniua
1186 4265 1250 4326 legit.
1285 4261 1365 4315 Ceteri

136 4333 165 4384 lo
184 4334 238 4383 aliis
256 4341 279 4383 et
296 4335 401 4384 editione
419 4333 536 4384 Commel.
554 4327 602 4382 καί
617 4334 693 4383 deest
778 4341 857 4382 sutem
876 4341 899 4382 et
917 4334 990 4382 erlitio
1009 4333 1125 4394 Commel.
1143 4327 1255 4396 γέγονε·
1272 4327 1366 4378 πάνια

173 4402 197 4450 b.
216 4402 256 4449 Sia
267 4401 322 4464 lteg.
334 4403 357 4456 i,
373 4404 470 4464 Septen.
483 4401 580 4452 Gobler.
591 4410 614 4450 et
623 4402 728 4452 Felctm.
779 4395 809 4450 δὲ
826 4393 873 4447 ded
892 4397 940 4449 τοῦ
956 4395 1040 4466 idyov
1057 4395 1170 4465 γέγονεν
1181 4399 1278 4449 omissis
1289 4399 1367 4451 iuter·

140 4467 165 4518 l.
197 4469 227 4516 ιι
245 4469 286 4518 alii
304 4477 328 4520 et
345 4471 401 4520 editi
418 4461 536 4530 ἐποίησε.
573 4469 728 4532 llotlteg.l.
779 4468 872 4518 mediis.

1108 4549 1163 4600 38*
