3102 5042
516 227 659 270 urrerem
674 229 693 270 ι.
709 229 745 270 ιιι
761 228 954 274 seatrtouau.
1053 233 1054 236 ¹
1122 259 1127 268 ·
1270 218 1331 282 683

120 381 268 442 durorum
296 382 326 440 io
355 381 556 458 captivitatem
576 382 610 440 iu
630 381 746 442 oiaioue
766 383 798 442 iu
819 378 938 461 Spiritu
958 381 1025 442 Dei.
1068 383 1105 443 Et
1126 384 1201 463 apud
1222 385 1413 448 danie-reru

103 459 194 544 'lemt
227 479 392 542 Suscitavit
413 479 494 542 Deua
518 479 667 566 Spiritum
686 493 822 544 rouetuot
841 486 934 563 pueri
953 486 1096 555 iunioris,
1120 489 1203 548 cuius
1226 505 1332 551 uomere

117 583 231 646 Duuiei
238 601 248 656 3
271 594 300 646 et
322 581 501 644 autumavit
523 601 593 644 oooe
613 585 734 661 mopso:
757 583 887 646 Mundus
909 602 960 663 epo
982 603 1048 646 sum
1070 604 1089 647 a
1110 591 1253 666 saupuiue
1276 589 1332 650 iru-

116 691 178 748 ius.
222 683 367 745 Michaeas
398 682 467 744 item
495 683 579 746 dioit:
611 684 725 746 Domus
752 683 841 746 doood
867 689 1005 748 irritavit
1029 685 1176 766 Spiritum
1202 687 1331 751 Domini.

117 787 158 848 Ει
178 804 233 865 per
252 785 364 846 loilam
385 785 463 846 fleus
485 784 569 846 dioit:
597 785 638 848 iit
657 789 715 849 erit
734 798 805 866 post
826 805 876 857 eo,
900 788 1050 868 effundam
1073 789 1108 851 de
1129 788 1248 870 Spiritu
1268 809 1332 854 meo

118 905 217 968 super
245 905 359 948 omueot
386 905 516 948 aarum.
566 887 622 949 Per
649 887 815 948 Zachariam
848 887 983 949 similiter
1017 889 1055 950 ita
1083 890 1212 968 loquitur
1238 892 1332 954 Deus:
1374 907 1380 922 ·

123 974 331 1050 Verumtamen
360 989 454 1056 verba
478 1007 544 1050 otro
572 999 600 1052 et
628 977 770 1067 iepitioto'
784 1008 848 1050 meu
875 994 1028 1070 srtserpite,
1062 1009 1260 1073 quaecumque
1282 1011 1332 1074 epa

117 1094 272 1172 praeripio
294 1093 327 1151 iu
349 1088 467 1168 Spiritu
487 1108 552 1152 meo
575 1095 671 1152 seruis
695 1095 768 1152 mer's
790 1089 958 1171 Prophetis.
1001 1090 1074 1152 Cum
1095 1091 1164 1152 item
1186 1093 1332 1173 Propheta

118 1191 262 1272 populum
283 1191 463 1269 increparet,
486 1191 574 1270 paulo
595 1200 665 1270 post
686 1191 741 1252 ait:
770 1193 808 1254 iit
831 1209 882 1254 eor
904 1211 991 1254 suum
1014 1193 1195 1254 obstinatum
1217 1199 1331 1256 eonati·
1402 1255 1407 1266 ,

48 1323 55 1336 ·
118 1305 254 1364 trteruut,
278 1311 315 1355 tte
337 1293 478 1356 audirent
501 1293 590 1372 iepetrt
610 1311 705 1356 meam
726 1305 754 1355 et
775 1295 874 1366 uerba,
902 1313 976 1375 puae
996 1298 1076 1358 misit
1097 1295 1243 1358 Dominus
1267 1313 1331 1357 om-

119 1399 258 1478 nipotens
286 1397 318 1456 iu
347 1393 464 1475 Spiritu
492 1413 546 1456 tuo
572 1413 630 1474 per
655 1413 777 1456 morum
804 1394 1024 1475 Prophetarum
1048 1401 1198 1476 priorum.
1253 1397 1331 1458 Haeo

122 1515 212 1576 pauoa
232 1515 267 1558 ex
289 1506 388 1558 vetere
410 1495 599 1556 Testamenta
621 1495 800 1575 redegimus.
977 1483 981 1492 ⁸

1433 1079 1445 1114 N

203 1905 233 1968 6.
277 1902 337 1964 lam
360 1919 413 1962 res
436 1900 590 1980 Evangelia
611 1907 641 1962 et
662 1919 736 1981 quae
758 1900 890 1980 Apostoli
912 1901 1168 1982 conseripsemnt,
1192 1903 1217 1964 si
1239 1903 1413 1978 iubeamus.

116 2004 279 2078 consulite,
309 2013 394 2083 atque
416 2003 475 2064 idio
495 2003 581 2064 etiam
604 2002 731 2064 audituri
753 2003 840 2077 estis,
870 2023 936 2066 oum
963 2004 1087 2082 plurima
1111 2005 1152 2065 sit
1173 2005 1329 2084 spirituum

114 2106 294 2178 differentia,
329 2103 480 2184 speciatim
509 2111 606 2165 tantm
627 2103 769 2182 Spiritum
791 2111 924 2166 sanetum
951 2122 1012 2165 uon
1039 2103 1211 2182 simpliciter
1231 2106 1327 2184 Spiri-

115 2218 189 2278 tum,
212 2207 265 2268 sed
288 2225 355 2268 eum
376 2213 539 2266 memorato
561 2205 758 2266 additamento
780 2206 935 2266 nominari.
978 2205 1078 2283 ltaque
1095 2224 1161 2266 eum
1177 2205 1328 2278 Dominus,

114 2317 149 2370 ut
170 2325 261 2387 supra
282 2307 352 2380 dixi,
374 2307 543 2368 humanitus
563 2301 767 2384 baptizaretur,
790 2313 912 2384 propter
932 2311 1092 2365 assumtam
1114 2323 1231 2366 earnem
1253 2307 1327 2368 diei·

115 2419 166 2470 tur
187 2427 277 2486 super
297 2427 362 2470 eum
385 2409 573 2472 descendisse
595 2409 722 2486 Spiritus
746 2413 885 2494 sanetus,
899 2423 986 2486 quem
1000 2405 1065 2485 ipae
1087 2424 1153 2468 oum
1174 2405 1328 2488 discipulis

118 2509 204 2570 daret
223 2507 350 2571 dicebat:
382 2513 510 2590 dermite
532 2507 681 2589 Spiritum
702 2521 847 2571 sonetum.
890 2507 949 2570 Eos
972 2507 1041 2570 item
1064 2507 1202 2570 dooahat:
1229 2509 1329 2572 Paru-

119 2609 225 2683 aiitua,
247 2607 379 2692 Spiritus
401 2621 539 2683 souetu'r,
563 2621 646 2692 quart
666 2613 763 2676 mittat
784 2610 875 2674 Peter
896 2614 929 2672 iu
949 2614 1068 2674 uomina
1089 2630 1170 2688 meo,
1199 2611 1251 2674 iile
1273 2631 1328 2674 eoa

117 2712 235 2789 dotabit
253 2718 361 2776 amaia
407 2713 443 2774 Et
464 2721 534 2792 post
554 2731 645 2792 pauca
668 2713 704 2798 de
726 2711 829 2775 eodem
857 2711 990 2774 subiicit:
1022 2679 1094 2772 Cain
1124 2718 1240 2775 verterit
1268 2713 1328 2774 Po-

115 2815 259 2887 rariitus,
292 2835 375 2896 quem
397 2833 447 2894 epo
468 2819 585 2877 mittum
607 2816 689 2877 rodis
712 2834 730 2878 a
752 2815 869 2884 Putre,
886 2813 1034 2894 Spiritum
1054 2817 1206 2886 ueritatis,
1236 2819 1288 2896 pti
1309 2834 1327 2876 o

118 2915 209 2978 Patre
228 2917 379 2996 preerat,
407 2915 458 2978 iiie
485 2919 685 2978 testimouium
708 2916 876 2995 perdtdebit
898 2916 932 2976 de
953 2931 1008 2974 ure.
1044 2912 1088 2974 m
1109 2913 1230 2975 iterum:
1258 2915 1328 2977 Nou

122 3021 197 3078 uuirt
216 3035 269 3079 uos
291 3020 373 3089 estis,
397 3021 450 3098 qui
469 3018 631 3098 loquimini,
654 3017 706 3080 sed
727 3017 860 3097 Spiritus
875 3014 977 3077 Putris
995 3017 1098 3084 vestri,
1121 3019 1174 3092 ptri
1193 3016 1328 3096 loquitur

120 3121 151 3178 iu
172 3118 262 3180 rodis.
307 3117 344 3180 m
363 3119 450 3199 paulo
471 3127 555 3198 poet:
585 3117 620 3180 Si
640 3131 737 3182 autem
759 3137 810 3200 epo
832 3122 864 3178 iu
886 3116 1005 3194 Spiritu
1026 3112 1084 3176 Dri
1104 3118 1186 3177 eiioio
1209 3117 1327 3179 daemo-

117 3225 181 3292 rtiu,
209 3225 305 3301 igitur
322 3225 463 3300 peruenit
484 3226 516 3282 iu
537 3239 590 3282 oos
612 3238 737 3299 reputem
759 3219 822 3282 tter.
865 3215 1037 3278 Universum
1059 3215 1129 3276 item
1150 3216 1326 3296 theologiam

111 3436 184 3506 ptati
199 3453 253 3505 μου
271 3441 358 3490 habeut
377 3441 431 3502 iirg.
446 3441 466 3489 t.
485 3441 583 3502 Saguer.
600 3441 695 3492 Gebiar.
780 3440 795 3487 i.
815 3439 855 3488 Sia
874 3437 927 3498 ttog.
950 3439 971 3488 i.
990 3447 1013 3488 et
1031 3440 1133 3502 Saguer.
1167 3437 1211 3486 iiii
1230 3445 1253 3486 et
1270 3437 1327 3487 editi

111 3511 220 3560 ieiokm.
241 3509 261 3557 l.
286 3517 309 3557 et
327 3509 430 3560 Graecus
448 3511 534 3572 Soript.
553 3517 637 3564 tetius,
656 3509 694 3558 aiii
745 3499 832 3570 ἔλεγεν
851 3507 967 3557 omittunt.
1003 3509 1093 3558 ibidem
1113 3519 1156 3570 pro
1173 3495 1229 3570 μετ’
1249 3496 1327 3570 itrya

112 3588 134 3626 et
153 3576 213 3626 editi
232 3577 350 3624 omittunt.
386 3565 692 3641 [didissetmoxpat'
746 3575 1016 3625 posterioritatem
1049 3576 1136 3625 hahent
1153 3566 1240 3621 πάλιν.
1268 3573 1326 3624 item

111 3637 195 3709 ὀλίγα
213 3643 299 3692 desoot
317 3645 341 3694 iu
360 3645 455 3694 Gobier.
475 3651 498 3693 et
516 3644 618 3695 ieicltut.
639 3645 661 3696 1.
745 3643 803 3692 haee
821 3645 891 3692 verba
910 3636 977 3691 ὅταν
994 3636 1057 3709 ἔλθῃ
1068 3653 1112 3693 ete.
1124 3642 1239 3705 usquead
1251 3633 1327 3707 παρὰ

744 3709 793 3758 τοῦ
810 3705 914 3778 πατρός
940 3713 1027 3761 habent
1046 3714 1101 3772 aar.
1121 3709 1140 3759 l.
1160 3711 1257 3770 Segrrer.
1277 3712 1327 3758 Go-

145 3762 170 3795 ⁰·
190 3744 228 3792 3³⁰
246 3744 301 3806 ⁸⁰⁸¹
322 3744 341 3792 ι’
362 3753 384 3794 ⁰²
400 3743 422 3793 ²¹
441 3747 538 3805 Smer·
558 3745 694 3796 G⁰b¹⁰ri³¹h
745 3780 845 3832 hieriae.
863 3779 966 3828 t'etctm.
987 3779 1007 3827 l.
1026 3779 1124 3838 dualia,
1143 3779 1254 3826 omittant
1270 3793 1326 3827 vero

110 3813 220 3862 Feickm.
241 3812 262 3860 l.
281 3813 386 3863 Graecus
404 3813 489 3878 Soript.
507 3821 590 3862 textus.
617 3813 695 3864 Ceteri

111 3891 134 3932 et
152 3880 215 3930 editi
233 3890 290 3927 ⁶⁰¹²·
392 3919 395 3924 ·
744 3909 790 3961 καί
807 3922 859 3962 ante
879 3925 909 3960 to
928 3926 1034 3978 πνευμα
1051 3926 1099 3971 trs
1115 3909 1250 3970 uindicat.

126 4027 129 4031 .
144 3983 173 4032 d.
191 3981 231 4030 Sia
243 3981 296 4042 iirg.
309 3981 328 4029 1.
339 3983 435 4042 Segusa.
450 3981 546 4031 Gobirr.
558 3981 660 4030 tetram.
675 3983 695 4030 l.
779 3997 799 4042 g.
820 3982 874 4041 Bag.
890 3983 910 4029 1.
923 3990 946 4030 et
959 3981 1056 4042 Segaer.
1076 3971 1125 4044 οὐχ
1142 3973 1225 4046 ὑμεῖς.
1264 3981 1327 4031 idaeo

109 4057 136 4100 st
155 4041 213 4110 Rea.
233 4048 256 4097 2.
280 4041 326 4104 καὶ
343 4047 399 4095 tto'r
415 4041 578 4112 εὐαγγελίων
594 4043 640 4096 uui
657 4033 696 4096 eir
745 4061 822 4097 atatem
847 4049 917 4110 rerba
941 4043 990 4096 atui·
1009 4041 1101 4095 πάλιν·
1127 4038 1159 4096 οὗ
1181 4043 1235 4115 γὰρ
1253 4041 1327 4114 ὑμεῖς

111 4125 158 4168 eto.
198 4116 279 4166 ottob.
290 4110 319 4165 itt
337 4113 392 4163 τῶν
408 4108 570 4198 εὐαγγελίων
586 4111 632 4164 καὶ
649 4099 694 4165 aiu.
745 4124 789 4164 ete.
808 4117 930 4180 usquead
949 4117 1073 4180 sequentia
1096 4108 1110 4175 it
1137 4113 1260 4178 βασιλεία
1279 4113 1326 4162 τοῦ

110 4185 156 4235 tttt
178 4191 200 4232 et
218 4185 274 4234 editi
300 4176 362 4251 περὶ
379 4182 435 4232 sair
452 4179 629 4249 aauyyeit'otr,
679 4199 695 4231 ν
744 4182 810 4232 θεοῦ
827 4185 851 4234 io
876 4199 933 4234 mss.
952 4184 1045 4246 Repi.
1064 4185 1163 4244 Seguer.
1190 4185 1284 4236 Gobier.
1303 4189 1326 4228 et

111 4261 157 4303 ete.
746 4253 847 4300 Faiotm.
858 4251 878 4300 1.
892 4261 984 4302 exstant
998 4259 1053 4316 post
1063 4252 1118 4308 ista,
1137 4267 1197 4314 quae
1215 4251 1275 4299 inira
1285 4259 1325 4293 aa·

145 4335 168 4370 e.
185 4314 238 4385 μέν
255 4320 324 4370 abest
346 4335 359 4368 a
387 4321 484 4372 Gohiar.
508 4329 531 4370 at
549 4321 651 4370 Feiritm.
673 4321 694 4370 l.
745 4313 919 4382 quartanarii
937 4311 1258 4383 roddyioonrariptaros.

112 4390 152 4451 qai
170 4388 242 4436 isdem
260 4389 332 4451 pauiu
341 4383 536 4468 postididuoue
553 4384 582 4437 δὲ
599 4383 693 4453 λέγων,
779 4388 800 4435 Ιι,
820 4389 859 4436 Sic
871 4389 927 4450 fleg.
945 4389 1044 4450 Seguer.
1063 4387 1142 4436 ottob.
1169 4383 1229 4432 Editi
1247 4385 1324 4428 autem

111 4449 145 4501 τὸ
162 4451 269 4520 πνεῦμα
288 4449 318 4503 τὸ
337 4469 424 4520 αγιον.
459 4448 541 4506 instro
560 4466 605 4508 ete.
746 4455 824 4504 etalii
843 4447 921 4520 ἡμᾶς.
