3174 5082
248 259 288 325 36
765 263 935 309 rnnnrnrtu.

245 424 435 501 παιδεύσας,
466 413 551 484 ὥστε
572 411 649 501 ὅρον
670 413 729 498 μὲν
749 407 948 498 Ἑαισκοαῆς
970 405 1054 478 εἶναι
1074 409 1131 475 τὸν
1154 408 1275 477 ἐκείνου
1297 415 1377 495 βίον
1400 413 1472 476 καὶ

245 528 384 608 τρόπον,
414 519 540 604 νόμον
571 517 613 583 δὲ
636 509 887 599 ὂρθοδοξίας
907 511 954 578 τὰ
976 512 1133 578 ἐκείνου
1156 509 1355 596 δόγματα,
1382 517 1478 577 τίνα

244 621 371 710 μισθὸν
397 625 455 708 τῆς
483 615 648 704 ἐύσεβείας
673 616 859 699 mpliciter,-
903 617 984 678 Sicut
1016 617 1046 676 h.
1070 615 1090 676 l.
1124 616 1270 696 praedicat
1302 614 1387 676 illum
1429 617 1477 676 ita

244 729 352 790 vixisse
380 733 467 806 atque
495 724 661 785 institutum
692 720 785 782 luisse
807 719 938 798 aliosque
959 717 1141 788 instituisse,
1171 725 1204 777 ut
1226 727 1256 777 et
1277 717 1334 778 rita
1358 717 1481 797 ipsius

148 801 157 826 ‘
246 845 420 908 morumque
441 827 516 888 ratio
532 824 725 904 Episcopatus
748 841 848 884 norma
871 829 961 891 esset,
984 829 1014 880 et
1033 817 1128 898 ipsius
1152 817 1287 896 dogmata
1308 836 1365 897 pro
1390 819 1474 880 fidei

246 929 427 990 orthodoxae
448 928 512 1005 lege
533 925 727 986 haberentur:
749 924 788 985 its
809 941 879 984 vero
901 921 932 981 in
955 929 1014 980 tota
1037 917 1171 980 oratione
1192 927 1329 998 tanquam
1351 939 1471 981 exem-

245 1030 321 1110 plar·
337 1028 455 1110 perlecti
484 1037 513 1089 ct
540 1025 676 1088 omnibus
698 1025 829 1086 numeris
852 1021 978 1083 absoluti
1002 1018 1129 1098 theologi
1153 1020 1260 1081 iaudat.
1304 1021 1469 1100 Snspexe-

245 1142 314 1194 runt
334 1125 422 1210 igitur
441 1129 538 1206 magni
559 1127 589 1188 hi
611 1127 665 1187 riri
687 1125 886 1220 dthanasium,
909 1139 967 1202 quo
982 1121 1094 1211 scilicet
1108 1121 1165 1200 ipsi
1181 1122 1268 1199 longe
1283 1122 1468 1202 superiores

244 1235 360 1297 iudicati
382 1241 451 1294 sunt
472 1228 700 1306 aPhilostorgio
723 1226 846 1304 aliisque
868 1223 1091 1295 recentioribus,
1114 1241 1189 1301 quos
1213 1241 1301 1302 snpra
1316 1224 1465 1284 nomina-

245 1337 348 1398 vimus.
392 1335 488 1394 Taceo
511 1330 581 1391 allas
603 1337 734 1388 veterum
757 1326 858 1387 landes
882 1326 958 1386 idem
981 1332 1137 1395 sonantes,
1160 1341 1234 1402 qnae
1256 1325 1464 1403 comprehen-

243 1439 353 1499 duntur
386 1452 444 1496 uno
477 1432 526 1492 illo
560 1429 679 1490 nomine
708 1426 871 1488 honorilice
899 1419 1025 1508 πατρὸς
1045 1425 1104 1508 τῆς
1126 1415 1340 1507 ὀρθοόοξίας,
1376 1427 1462 1504 qnod

243 1539 369 1617 primus,
386 1535 415 1594 oi
431 1532 525 1604 iallor,
542 1530 721 1611 Epiphanius
738 1529 824 1614 llaec.
836 1527 936 1588 cxlx.
952 1543 1015 1604 cap.
1028 1528 1058 1589 2.
1075 1527 1331 1588 commemoravit:
1347 1528 1460 1608 quippe

245 1655 302 1717 quo
325 1635 354 1696 id
376 1635 474 1712 ipsum
497 1632 686 1710 signillcetur,
709 1631 739 1690 in
761 1647 819 1708 quo
841 1627 1022 1708 principatus
1046 1628 1227 1706 theologicus
1249 1628 1373 1689 maxime
1390 1649 1454 1691 cer·

247 1741 336 1798 nitur.
381 1735 488 1805 Recte,
512 1743 544 1795 ut
565 1732 650 1793 nobis
673 1731 795 1802 ridetur,
817 1727 1052 1812 Montlauconius
1074 1729 1132 1790 hoc
1153 1731 1346 1808 praeconium·
1362 1732 1448 1793 utha-

246 1839 331 1892 nasio
354 1852 369 1893 a
392 1834 539 1896 veteribus
563 1833 701 1894 tributum
724 1829 925 1912 comprobarit
946 1837 976 1890 et
997 1829 1151 1892 illustrarit
1166 1829 1305 1909 auxitque
1317 1831 1345 1891 in
1363 1831 1452 1894 Prae-

244 1931 354 1993 latione
381 1931 524 2010 generali,
553 1930 603 1992 uhi
632 1933 666 1992 de
694 1932 834 1994 dectra'no
855 1931 1015 1992 Athanasii
1040 1930 1167 1992 breviter
1194 1932 1383 2010 expositurus
1414 1934 1455 1996 sic

244 2034 407 2112 praelator:
438 2032 491 2106 „ln
520 2032 701 2094 Christianae
729 2032 796 2093 ndei
825 2041 930 2094 exortu
952 2050 1011 2092 non
1036 2041 1118 2093 erant
1140 2033 1202 2094 eius
1226 2034 1362 2112 mysteria
1386 2053 1453 2096 cer-

244 2143 339 2196 tarum
361 2151 466 2194 vocum
487 2133 627 2196 limitibus
649 2133 888 2213 circumscripta3
910 2134 963 2194 sed
986 2134 1202 2212 emergentibus
1224 2134 1342 2196 demum
1365 2153 1450 2197 erro-

243 2235 327 2298 ribus
355 2233 494 2296 rocabula
522 2235 663 2316 quaedam
692 2233 806 2295 deliniri
834 2253 990 2296 necessum
1012 2234 1082 2306 luit,
1112 2235 1217 2313 quihus
1241 2255 1293 2296 cen
1316 2237 1450 2300 claustris
1534 2261 1535 2272 ¹

244 2338 465 2399 continerentur
492 2335 637 2398 temerarii
661 2337 797 2397 homines
819 2353 919 2397 rerum
940 2336 1141 2397 novandarum
1164 2338 1303 2398 studiosi.
1345 2339 1382 2399 Et
1402 2339 1449 2400 in-

244 2438 341 2499 dicare
368 2455 406 2498 ne
433 2437 545 2515 pigeat,
574 2455 640 2498 cum
668 2437 738 2498 nihil
760 2437 882 2516 periculi
906 2455 940 2498 ex
962 2436 1069 2498 indicio
1094 2439 1146 2510 sit,
1176 2437 1263 2500 salvis
1286 2457 1402 2520 semper
1423 2451 1449 2504 et

226 2537 366 2616 'integris
389 2536 478 2598 rebus
501 2557 534 2598 ac
555 2537 612 2598 tide
633 2537 704 2598 nihil
727 2545 850 2610 mutata,
875 2536 963 2598 multo
985 2539 1133 2614 Athanasii
1156 2559 1227 2600 aero
1251 2539 1373 2620 eiusque
1393 2561 1445 2620 ope

244 2639 360 2701 inducta
383 2637 469 2698 verba
492 2639 583 2698 luisse
605 2647 634 2698 et
655 2638 696 2699 ad
713 2646 821 2699 certam
844 2639 966 2699 lormanr
989 2639 1104 2700 redacta
1126 2639 1192 2702 fidei
1215 2641 1324 2720 capita3
1346 2641 1440 2702 utl’o·
1534 2699 1535 2706 ,

245 2751 292 2804 tcr
320 2739 480 2802 hodiernae
511 2739 674 2819 theologius
701 2740 765 2801 iure
787 2739 836 2800 ille
857 2739 954 2801 vocari
977 2739 1082 2819 possit.
1127 2741 1193 2813 Quo
1216 2741 1311 2804 maior
1331 2746 1372 2805 vir
1390 2743 1438 2804 ha-

244 2841 358 2904 bendus
381 2849 438 2913 est,
461 2841 564 2926 utqui
587 2859 650 2902 eam
672 2840 738 2903 lidei
762 2841 940 2902 enarrandae
962 2842 1104 2903 rationem
1126 2843 1209 2922 prior
1231 2844 1392 2920 induxerit,
1412 2865 1442 2908 ex

245 2961 301 3024 qua
322 2943 497 3025 peritissimi
518 2942 640 3024 quique,
664 2953 810 3024 tanquam.
824 2961 858 3004 ex
880 2947 977 3018 lonte,
999 2961 1101 3006 verum
1124 2945 1267 3006 sentiendi
1289 2949 1399 3025 pariter
1419 2959 1447 3012 et

227 3046 380 3128 ¹loquendi
414 3046 534 3109 modum
570 3047 736 3109 haurirent:
769 3045 846 3108 inter
876 3063 952 3126 quos
980 3046 1120 3109 ecclesiae
1141 3046 1250 3108 lumina
1273 3047 1395 3110 llasilios
1418 3060 1445 3112 et

242 3149 401 3230 Gregorius
427 3148 625 3210 Nazianzenus
653 3169 707 3227 pro
736 3149 803 3208 fidei
833 3148 972 3224 magistro
1001 3148 1095 3208 sirum
1124 3147 1286 3209 habuere.“
1325 3147 1435 3211 Etenim

242 3253 345 3310 eodem
367 3255 439 3327 puto
463 3265 552 3307 sensu
577 3247 698 3306 Patrem
721 3247 882 3306 hodiernae
904 3247 1065 3325 theologice
1089 3239 1261 3325 appeliatum
1285 3267 1363 3327 esse,
1385 3269 1438 3330 quo

242 3357 357 3390 vetem
379 3341 508 3412 werina
528 3345 587 3418 τῆς
610 3336 809 3424 ὀρθοόοξίας
830 3343 964 3406 dixerint.
1009 3345 1045 3406 Ut
1066 3355 1163 3408 autem
1185 3349 1374 3431 intelligatur,
1394 3353 1439 3415 illa

242 3427 437 3505 appellatione
465 3429 634 3508 dignitatem
663 3445 692 3496 et
718 3441 925 3518 praestantiam
947 3447 1094 3508 Athanasii
1123 3449 1249 3530 theologi
1271 3453 1316 3514 rel
1337 3456 1441 3534 princi-

242 3537 358 3606 patum,
393 3545 479 3606 quem
507 3549 563 3592 nos
587 3535 792 3610 agnoscimus,
824 3557 893 3600 vere
915 3547 1052 3624 exprimi,
1075 3553 1235 3613 accuratius
1258 3553 1302 3616 vis
1325 3559 1442 3620 stratio

244 3629 375 3690 eiusdem
405 3629 577 3693 declaranda
609 3645 663 3696 est.
707 3637 739 3698 ld
768 3639 884 3719 quidem
913 3646 985 3706 sotis
1007 3650 1191 3713 manifestum
1219 3664 1282 3726 est,
1302 3653 1442 3740 'improbe

241 3729 430 3790 Whistonnm
451 3729 470 3790 l.
487 3733 506 3792 l.
530 3752 558 3812 p.
575 3733 661 3798 Clllll
676 3757 719 3817 sq.
763 3741 970 3807 lllontlauconii
992 3750 1078 3812 rerba
1100 3752 1129 3813 in
1145 3755 1320 3818 deteriorem
1336 3771 1441 3839 partem

244 3832 382 3903 traxisse,
413 3850 446 3892 ac
475 3833 499 3895 si
531 3835 578 3896 ille
607 3829 822 3915 q'uodammodo
846 3849 997 3912 confessus
1021 3863 1114 3927 esset,
1142 3855 1332 3920 Athanasium
1355 3864 1440 3924 tuisse

242 3943 391 3994 auctorem
414 3935 482 3994 novi
505 3939 673 4014 systematis
696 3941 858 4024 theologiae
879 3948 922 4009 rel
946 3969 1037 4014 novae
1059 3965 1155 4017 sectae
1170 3949 1206 4017 'in
1230 3960 1366 4023 ccclesia:
1388 3981 1438 4042 qua

243 4035 278 4094 ab
307 4035 469 4107 sententia,
499 4047 532 4097 ut
554 4037 641 4100 rerba
662 4041 802 4120 clamant,
825 4046 994 4128 longissime
1015 4056 1069 4116 luit
1091 4067 1231 4120 remotus.
1276 4064 1334 4124 Sed
1357 4081 1437 4143 quum

241 4153 350 4196 nornen
377 4135 543 4215 theologiae
571 4143 651 4203 vario
680 4144 858 4223 significatu,
888 4151 990 4216 latiore
1012 4165 1040 4216 et
1062 4161 1246 4237 angustiore,
1278 4173 1437 4244 usurpetur,

168 4231 171 4248 '
242 4237 305 4298 liert
327 4245 435 4315 potest,
459 4247 490 4298 ut
511 4239 569 4300 nisi
591 4247 782 4328 conveniente
803 4252 964 4330 significatu
974 4256 1022 4318 hic
1032 4259 1198 4339 accipiatur,
1217 4265 1370 4344 appellatio
1381 4267 1436 4348 ips'a
1534 4239 1535 4262 .

241 4347 291 4400 ant
311 4334 383 4398 laisa
405 4337 537 4400 videatur
552 4351 601 4403 ant
616 4343 721 4425 inepta.
750 4348 923 4415 Falsaenim
942 4357 1096 4436 videbitur,
1108 4363 1133 4422 si
1151 4363 1326 4446 theologiam
1339 4369 1435 4432 dictam

239 4439 923 4536 puteanusnniversamdoctrinamtheologicam
934 4460 1201 4541 veldisciplinarnm
1216 4438 1435 4551 thcplogimrum
1534 4531 1535 4540 ,
