3220 5046
548 287 657 332 uranu
673 288 693 334 ι.
710 289 976 334 remurmurans.
1302 275 1363 342 Μ

137 443 228 506 idda
249 461 284 512 ee
304 447 460 504 asseverat
481 445 511 500 et
533 437 655 518 seipse
677 439 887 504 immutabilem
909 447 1036 504 testatur
1057 459 1134 514 esse,
1157 431 1295 521 idemque
1317 442 1364 504 di·
1374 458 1452 504 ena..

136 545 275 610 diuerunt
294 551 326 606 et
345 542 524 606 uuutlrmaut
545 539 657 614 sadud,
683 541 744 604 imo
773 541 839 622 ipsa
860 542 914 604 liei
942 541 1026 604 nullu
1048 542 1108 604 buu
1126 541 1230 624 pietati
1251 561 1366 606 eunun-

136 665 207 710 nnm
230 664 299 709 esse
320 643 433 717 innuit,
467 641 547 702 unde
575 660 686 721 quaeso
715 642 772 706 ista
800 645 959 708 commenti
986 653 1057 708 aunt
1076 643 1185 726 impii?
1227 645 1367 708 Profecto

136 748 186 812 iila
207 767 244 812 ex
265 746 357 810 uurde
378 753 517 824 tanquam
540 761 576 804 ex
599 743 790 824 corruptione
811 753 997 808 vomuerunt.

227 1051 279 1124 37.
322 1047 448 1124 Quando
470 1065 540 1110 reru
563 1046 670 1110 divinis
693 1046 820 1110 umunlis
839 1046 1000 1110 abutunmr
1021 1065 1114 1128 eaque
1123 1049 1165 1112 ad
1179 1067 1262 1114 enam
1276 1069 1365 1116 meu-

141 1160 199 1216 tem
221 1152 383 1216 adulterare
406 1150 477 1214 tutis
499 1149 662 1212 moliuntur
681 1149 804 1224 viribus,
827 1167 953 1212 neeesse
967 1157 1015 1214 est
1031 1149 1090 1212 illis
1112 1149 1152 1212 itu
1173 1155 1365 1232 respondere,

139 1261 173 1318 ut
193 1255 363 1334 Scripturas
390 1253 574 1316 vindicemus
602 1251 691 1314 rerba
719 1251 873 1332 palamque
894 1252 1052 1327 laniamus,
1081 1271 1116 1314 ea
1142 1251 1260 1332 quidem
1288 1263 1368 1317 recta

69 1395 71 1406 ι
101 1355 106 1360 ’
137 1375 232 1438 posse
252 1355 386 1435 intelligi,
409 1355 462 1418 sed
484 1354 552 1416 illus
573 1370 663 1434 preve
685 1353 808 1427 sentire.
850 1352 942 1416 diunt
962 1353 1051 1434 igitur
1072 1353 1108 1416 ab
1122 1353 1267 1436 Apustulu
1290 1354 1369 1417 seri·

86 1443 91 1454 ’
137 1468 223 1542 ptum
245 1476 328 1522 ease:
350 1457 485 1538 Propter
506 1455 587 1538 pund
607 1465 636 1518 et
656 1455 741 1518 neus
763 1455 912 1518 emuituvit
933 1455 1022 1520 iilum
1043 1467 1072 1519 rt
1095 1457 1222 1522 donauit
1242 1457 1293 1520 ilii
1311 1475 1369 1520 nu-

137 1581 220 1633 men,
249 1561 331 1643 pund
357 1569 401 1622 ert
423 1576 518 1639 super
540 1575 628 1620 amre
655 1575 778 1630 numm,
808 1570 844 1622 et
871 1562 904 1620 ie
930 1562 1051 1622 numine
1077 1557 1149 1622 leun
1177 1577 1264 1622 amne
1290 1577 1370 1641 petru

135 1659 282 1746 ltretntur
303 1661 486 1733 caelestium,
510 1663 707 1724 terrestrium
729 1670 758 1722 et
779 1660 985 1739 insenuerunt,
1008 1667 1039 1722 et
1059 1660 1137 1742 apud
1158 1659 1267 1724 Derid:
1288 1659 1371 1725 Pru·
1482 1679 1485 1692 ·

133 1778 243 1847 pterea
263 1761 354 1828 eumd
376 1773 405 1826 te
426 1762 517 1834 Deua,
540 1762 623 1826 Deua
647 1773 728 1833 tuna,
752 1761 818 1832 ulau
843 1761 975 1825 laetitiae
988 1781 1067 1843 prae
1087 1764 1280 1828 cumunilam
1294 1767 1367 1828 teia.

136 1866 250 1929 lleinde
272 1874 305 1928 ut
326 1872 442 1928 uentum
464 1863 573 1942 aliquid
595 1870 766 1926 assumunt:
789 1862 843 1938 „Si
865 1862 975 1926 ideireo
992 1863 1135 1926 exaltatus
1152 1871 1205 1927 eat
1225 1864 1367 1945 gratiam·

140 1988 223 2050 „que
245 1967 360 2046 auuepit
379 1977 409 2030 et
429 1973 537 2028 unctus
559 1953 621 2040 est,
634 1999 638 2008 ·
651 1965 819 2028 meruedem
846 1965 935 2045 igitrrr
962 1966 1075 2046 recepit
1101 1985 1174 2030 snae
1195 1966 1367 2031 voluntatis.

139 2117 157 2146 „
166 2071 253 2144 Quod
278 2069 304 2132 si
326 2069 476 2131 vuluntate
499 2068 569 2148 egit,
592 2085 666 2129 sane
687 2066 837 2130 mutabilia
860 2075 907 2128 est
927 2073 1083 2129 naturae.“
1126 2067 1208 2130 Hane
1228 2087 1289 2132 uun
1311 2087 1367 2132 su·

137 2171 197 2234 lunt
218 2171 318 2236 diuers
340 2170 393 2232 sed
417 2169 505 2232 etiam
529 2167 662 2230 seribere
683 2169 748 2229 ausi
771 2175 842 2230 sunt
862 2163 1009 2231 Eusebius
1032 2177 1063 2230 et
1083 2168 1183 2243 brius,
1206 2169 1368 2250 eademque

137 2293 191 2356 per
213 2274 346 2336 medium
365 2273 463 2334 lurum
485 2269 635 2350 divulgare
657 2287 719 2330 nun
741 2277 881 2332 verentur
903 2289 1006 2332 eurum
1029 2269 1171 2340 asseclae,
1193 2287 1254 2332 uun
1269 2277 1367 2332 atten-

138 2377 243 2438 dentes
265 2380 404 2453 qrruntam
425 2371 559 2434 redoleat
586 2370 732 2432 insaniam
754 2369 926 2433 huiusmodi
949 2369 1068 2432 illorum
1091 2387 1202 2432 sermo.
1245 2369 1320 2431 Nam
1340 2371 1368 2432 ai

139 2479 221 2555 ipsa,
251 2491 326 2553 qnae
346 2472 464 2544 babuit,
495 2481 610 2534 metues
639 2481 686 2534 est
707 2491 778 2535 snae
800 2471 979 2546 veluntatis,
1008 2489 1101 2551 eaque
1122 2489 1183 2533 unu
1204 2471 1368 2546 habuisset,
1386 2477 1392 2484 '

138 2575 196 2638 uisi
219 2572 378 2653 indigentis
401 2591 478 2652 upus
500 2573 697 2650 erubuisset,
719 2571 898 2655 igiturquia
921 2573 960 2636 ub
980 2591 1064 2636 snum
1081 2573 1217 2653 rirlrrtem
1233 2574 1367 2652 vitaeque

137 2673 363 2740 sanctimoniam
384 2674 432 2738 illa
454 2667 725 2761 est'uunaeuntus,'
742 2695 775 2738 ea
797 2685 921 2758 propter
942 2683 973 2738 et
992 2675 1084 2738 Filius
1106 2683 1137 2737 et
1156 2674 1237 2739 bens
1258 2673 1452 2744 meritonae.

136 2779 233 2842 dietus
256 2783 312 2845 est,
334 2795 394 2838 nun
417 2783 516 2838 autent
538 2796 623 2840 verus
646 2785 694 2840 est
714 2777 806 2840 Deus.
851 2777 938 2852 Quud
964 2777 1043 2840 enim
1065 2785 1113 2840 est
1134 2796 1171 2840 ex
1191 2777 1290 2858 aliquo
1313 2795 1365 2840 se·

137 2879 267 2942 eundum
289 2885 439 2952 naturam,
467 2896 558 2940 verus
584 2887 631 2940 est
651 2881 738 2941 letus.
783 2879 834 2943 Sir
854 2879 937 2940 laune
956 2877 1108 2954 Abrahae,
1136 2879 1246 2960 loseph
1268 2877 1367 2940 lanubi

25 2992 28 3007 ·
113 3014 118 3022 ·
138 2989 169 3044 et
191 2978 335 3059 splendor
357 2979 431 3040 solis
453 2987 501 3040 nst
522 2979 612 3040 letus.
656 2977 714 3051 Qui
737 2997 813 3048 reru
830 2977 869 3040 ub
891 2979 1029 3042 virtutem
1052 2989 1081 3042 et
1107 2980 1231 3058 gratiana
1258 2997 1369 3040 numen

137 3082 191 3144 lilii
214 3089 452 3162 uonsequuntur,
480 3098 542 3142 nun
571 3083 675 3142 naturd
703 3080 758 3142 sed
786 3080 989 3142 tantummodo
1013 3081 1106 3158 gratia
1133 3080 1209 3142 baur
1230 3095 1369 3156 aeuepere

138 3183 328 3264 dignitatem,
356 3181 463 3263 aliique
486 3182 610 3244 omniuo
632 3181 760 3244 suntab
783 3198 838 3254 eo,
865 3181 945 3260 quod
967 3179 1043 3262 ipsis
1062 3171 1174 3254 'datur3
1202 3177 1370 3241 cuiusmodi

99 3269 104 3274 ’
137 3293 208 3346 sunt
228 3284 377 3360 homines,
401 3286 451 3364 qni
466 3284 595 3365 Spiritus
617 3283 712 3346 saneti
733 3282 896 3364 participes
919 3283 987 3346 laeti
1003 3289 1083 3358 snut,
1106 3281 1143 3344 de
1158 3280 1267 3362 quibus
1282 3279 1370 3342 etiam

53 3425 54 3429 =
137 3385 223 3448 dicit:
245 3385 340 3448 Filius
361 3391 454 3467 penui
473 3396 501 3450 et
523 3385 668 3459 edultum,
692 3390 755 3468 ipsi
773 3395 873 3448 autem
894 3403 941 3448 me
963 3384 1155 3466 repulerunt.
1200 3381 1286 3444 Certe
1301 3381 1370 3462 quia

138 3505 198 3549 uun
220 3489 324 3554 neura
346 3487 397 3549 sdii
421 3498 514 3563 eraut,
537 3487 647 3550 idciruu
669 3485 700 3548 in
722 3487 809 3568 peius
831 3486 952 3548 mutatis
974 3485 1088 3547 ablatus
1112 3491 1160 3548 eat
1176 3477 1315 3564 Spirit'us,
1338 3493 1369 3549 et

138 3587 263 3652 abdicati
291 3595 376 3664 sunt3
409 3609 487 3670 quus
516 3599 612 3654 tamen
642 3590 737 3664 idem,
771 3588 822 3671 qui
850 3589 934 3651 initio
963 3588 1021 3650 illis
1049 3587 1222 3652 huiusmodi
1244 3588 1368 3666 gratiam
1447 3571 1451 3578 ⁴

138 3690 259 3770 largitus
283 3691 433 3766 rutilans,
455 3693 641 3773 poenitentes
663 3693 772 3756 iterum
793 3691 939 3774 suseipiet
958 3689 1082 3770 luceque
1097 3688 1246 3771 impertita
1261 3707 1369 3752 rursus
1453 3743 1456 3764 ,

139 3791 215 3854 lulius
238 3809 292 3853 eus
315 3791 483 3872 appellabit.

171 3911 254 3988 d.‚Sie
272 3911 372 3972 Suguer.
407 3913 436 3962 tr
459 3913 499 3963 ulii
524 3921 548 3964 et
572 3915 627 3966 editi
651 3909 728 3982 παρὰ
812 3914 836 3964 b.
861 3913 961 3976 Seguer.
985 3901 1055 3959 αὐτὰ
1072 3897 1114 3970 ἦν.
1152 3910 1211 3960 lbid.
1232 3909 1293 3960 idem
1313 3923 1368 3961 unm

138 3975 176 4042 τῷ
195 3973 347 4044 advertiis).
779 3982 925 4032 anleriano
945 3988 969 4030 et
986 3979 1091 4030 Felulm.
1104 3979 1125 4028 t.
1144 3975 1194 4026 ruri
1213 3971 1366 4044 διδομένου.

171 4061 191 4094 ο.
213 4047 317 4096 ielrlm.
338 4047 361 4097 l.
385 4037 475 4107 Ἰησοῦ
492 4047 617 4116 χριστοῦ.
654 4049 726 4100 l'aulu
779 4049 836 4116 lleg.
855 4040 1061 4114 redemptam.
1220 4054 1224 4062 ·

138 4122 192 4176 post
217 4115 314 4164 Gubler.
340 4123 363 4164 et
388 4115 492 4166 beluina.
514 4117 535 4166 l.
561 4109 607 4164 dede
631 4109 661 4165 dt
677 4113 727 4170 ruri
813 4117 828 4168 i.
857 4117 898 4166 Sic
919 4119 1017 4178 sepner.
1038 4113 1109 4164 Baail.
1127 4111 1250 4175 lnglican.
1270 4111 1367 4164 Gubler.
1480 4123 1482 4127 ’

137 4175 233 4246 Aaptd,
253 4176 300 4230 dede
318 4181 408 4234 τοῦτο.
779 4183 835 4246 bleg.
855 4192 878 4234 et
896 4183 999 4232 Felclm.
1018 4183 1043 4231 b.
1078 4183 1106 4231 lt
1123 4181 1178 4230 editi
1196 4173 1300 4245 ἔσχηκε,

171 4249 188 4298 l.
213 4251 313 4313 Segner.
333 4252 431 4303 Gubler.
456 4260 480 4302 et
504 4252 607 4302 Felclm.
629 4251 650 4302 l.
669 4241 728 4300 ἔστι
812 4253 835 4301 lr.
854 4251 949 4301 Gubler.
974 4255 998 4299 et
1021 4249 1125 4299 belulm.
1147 4249 1169 4299 l.
1187 4243 1256 4314 περί.
1293 4246 1368 4297 Pente

137 4307 288 4372 πᾰπωςει
307 4335 360 4369 mur
380 4311 508 4368 ἀλλὰκαὶ
538 4312 637 4400 primur.
665 4319 725 4370 Editi
779 4326 835 4382 pust
852 4319 951 4379 Segner.
971 4308 999 4366 ui
1015 4307 1162 4382 ἄνθρωποι
1178 4307 1248 4363 κατά
1266 4321 1320 4366 ete,
1340 4315 1370 4363 Et

137 4399 192 4434 reru
203 4395 227 4435 et
238 4387 278 4435 alii
289 4333 727 4452 ἐστὶνὸντωςειᾶὔαιαὶπρᾶξαι.
781 4379 834 4436 m‘ux
852 4379 914 4464 appi
932 4367 972 4431 uir
987 4380 1034 4432 reni
1050 4377 1147 4448 iteret,
1189 4381 1250 4431 Editi
1277 4389 1301 4431 et
1327 4380 1367 4430 alii

170 4467 193 4515 g.
218 4453 317 4516 Seguer.
341 4451 431 4522 μέσην
447 4449 499 4516 τὴν
516 4447 629 4525 ἀγοράν.
665 4455 728 4506 Editi
779 4447 843 4520 περὶ
860 4465 900 4500 ων
916 4447 1014 4515 ἔλεγεν.
1430 4453 1437 4462 “

137 4521 218 4572 etalii
235 4517 323 4590 μέσην
341 4517 454 4592 ἀγοράν.
814 4522 831 4570 Ι.
850 4521 948 4584 Seguer.
966 4511 1042 4571 uiuis
1060 4509 1165 4569 aaron.
