3212 5060
536 233 644 292 oniam
660 235 703 280 ιιι.
719 237 836 300 conrii
849 173 984 288 meinos.
1298 227 1360 294 ete

134 385 322 472 potestatem
335 387 479 452 adversus
502 383 662 452 daemones
685 399 946 469 morequerentur,
970 388 1001 452 in
1023 387 1111 452 caelis
1125 409 1199 458 roro
1223 399 1445 472 tanquamrnso.

135 491 327 572 corruptione
358 487 476 555 liberati
508 495 653 567 perpetuo
686 507 811 570 regnare
842 491 970 570 possint
1020 489 1055 552 ld
1088 491 1166 555 enim
1198 491 1365 574 generatim
1457 511 1461 518 ·

135 593 290 666 sciendum
313 599 369 664 est,
391 587 466 654 nibil
487 605 602 660 eorem,
624 605 700 668 miae
721 591 872 670 occepisse
893 591 973 664 dicit,
995 591 1081 671 quasi
1103 609 1137 656 ee
1158 613 1219 658 non
1240 595 1366 662 baberet

135 694 298 774 accepisse,
321 709 390 759 nam
411 688 540 754 Verbum
563 696 598 752 ut
618 699 689 768 pote
712 690 790 757 Deus
813 689 862 752 illo
884 709 1003 770 semper
1025 689 1136 756 babuit.
1178 695 1288 762 Vemm
1309 714 1362 762 ss·

116 796 267 860 'cundum
288 795 446 858 humanam
473 799 609 886 nemnem
638 790 790 871 accepisse
819 789 898 854 nubo
925 791 1045 868 dicitur,
1079 801 1113 854 ut
1133 811 1220 858 corne
1241 797 1272 862 iu
1293 799 1360 879 ipse

136 897 301 978 accipiente
322 894 391 961 inde
412 893 443 958 in
465 889 555 956 uobis
577 909 653 971 quae
675 891 741 954 date
762 899 834 956 suut
854 899 1025 956 constanter
1038 905 1255 973 ponoeuereut
1288 899 1363 966 Nam

138 997 282 1073 utillud,
314 995 394 1077 qood
423 1015 441 1060 a
469 993 558 1056 Petro
591 993 789 1058 dictumest:
830 993 893 1069 Qut
919 998 1034 1076 occepit
1056 1013 1075 1056 n
1095 995 1161 1060 Deo
1181 995 1311 1076 plurium
1332 1010 1363 1064 et

107 1137 112 1149 ·
139 1101 299 1172 bonorem,
333 1099 476 1172 subiectis
504 1097 568 1176 ipsi
592 1082 727 1174 Arreti,
758 1093 865 1158 eodem
898 1095 988 1158 modo
1017 1085 1064 1158 cst
1097 1091 1361 1178 interpretandum.

139 1200 397 1276 Quonmdmodum
426 1196 506 1260 enim
533 1203 566 1260 ut
592 1195 684 1258 bomo
718 1195 939 1271 sciscitabatur,
968 1205 999 1258 et
1024 1195 1169 1260 Lazarum
1191 1207 1224 1260 ut
1243 1199 1364 1274 Deusa

140 1303 267 1366 mortuis
296 1299 456 1374 excitabat,
488 1297 528 1360 ita
555 1297 627 1360 baec
657 1315 714 1360 ron
736 1301 851 1380 occepit
873 1297 910 1360 de
930 1297 1059 1362 bumana
1080 1305 1185 1362 natura
1206 1299 1285 1364 dicte
1306 1309 1363 1376 est,

139 1403 318 1484 Angelorum
340 1411 436 1466 autmn
458 1398 601 1464 subiectio
623 1388 716 1462 Verbi
735 1398 916 1462 divinitatem
939 1397 1133 1465 demonstrat

226 1507 278 1570 41.
322 1503 452 1568 Tandem
474 1519 544 1581 ergo
567 1499 721 1581 quiescite,
745 1520 763 1562 o
785 1500 847 1562 Deo
869 1499 969 1576 invisi,
990 1500 1178 1582 Verbumque
1198 1485 1366 1584 deprimere

139 1604 277 1679 desinite,
299 1623 375 1668 nere
398 1605 459 1666 eius
482 1601 673 1676 divinitatem,
696 1615 772 1683 quae
793 1602 896 1666 eadem
918 1603 1083 1677 estPatris,
1104 1603 1234 1666 adimere
1255 1603 1364 1681 velitis,

138 1714 172 1770 ut
190 1715 262 1787 pote
283 1723 370 1786 quem
393 1705 573 1785 indigentem
604 1723 673 1766 esse
700 1713 730 1768 et
751 1704 942 1784 ‚ignorantem
975 1705 1165 1781 existimatis,
1197 1723 1237 1768 ne
1264 1713 1364 1770 vestre

138 1815 305 1872 commenta
327 1815 359 1872 ut
380 1807 451 1870 olim
470 1805 574 1870 iudaei
595 1805 710 1888 lapides
733 1805 763 1868 in
787 1805 937 1871 Christum
957 1807 1079 1870 iacietis.
1123 1807 1184 1872 Nee
1205 1806 1284 1872 enim
1305 1808 1364 1873 ista

138 1909 177 1971 ed
203 1907 332 1975 Verbum
363 1917 509 1989 quatenos
537 1906 667 1972 Verbum
702 1916 749 1972 est
780 1910 944 1990 pertinent,
977 1909 1030 1971 sed
1062 1909 1216 1974 bominum
1242 1909 1364 1991 propria

138 2019 219 2074 suut.
248 2011 406 2076 Enimvero
429 2009 678 2090 quemadmodum
701 2009 752 2070 iilo
776 2018 971 2090 conspuente,
994 2027 1113 2074 manum
1136 2011 1312 2073 extendente
1334 2018 1365 2074 et

139 2113 283 2178 Lazarum
304 2123 427 2174 vocante
449 2112 514 2190 ipse
538 2108 693 2182 miracula,
723 2111 840 2172 tametsi
867 2128 1054 2191 percorpus
1077 2111 1196 2184 fierent,
1219 2127 1282 2172 uon
1303 2109 1363 2172 ho·

95 2241 100 2250 ·
137 2215 238 2290 minis,
261 2214 316 2277 ssd
336 2214 390 2276 Dei
412 2231 482 2274 esse
504 2211 647 2285 diuinum
669 2211 709 2274 ita
731 2228 797 2274 oum
819 2210 947 2272 bumana
968 2211 998 2270 in
1020 2211 1180 2290 Evangelio
1201 2210 1239 2272 dc
1253 2209 1363 2275 ,suro-

137 2326 204 2378 toro
221 2322 390 2386 narrantur,
413 2311 557 2374 debemus
572 2311 608 2380 ad
624 2317 758 2377 naturam
774 2329 888 2384 eornm,
911 2327 986 2391 quae
1006 2313 1187 2390 reseruntur,
1210 2304 1449 2382 attenderemus.
1475 2357 1478 2364 ·

137 2413 485 2495 perspicereque„boec
513 2410 564 2474 Dei
594 2411 689 2474 aliena
716 2429 801 2488 esse,
829 2431 885 2475 nec
909 2411 1038 2493 proinde
1059 2412 1124 2475 eires
1145 2412 1288 2476 diuinitati
1309 2412 1365 2476 sed

140 2515 314 2578 humanitati
338 2533 406 2580 esse
427 2505 626 2578 attiibuenda.
662 2515 736 2578 Nam
759 2513 815 2576 etsi
839 2513 967 2578 Verbum
989 2533 1056 2576 mro
1079 2517 1188 2578 iactum
1210 2524 1267 2590 est,
1289 2533 1363 2596 pro·

139 2619 222 2700 prise
244 2617 435 2683 nihilominus
457 2627 528 2682 sunt
551 2617 650 2680 carnis
673 2617 856 2692 affectiones,
879 2626 910 2680 et
930 2615 1072 2690 rioisdm,
1095 2617 1227 2698 quemme
1248 2635 1317 2682 caro
1331 2616 1364 2680 iu

139 2719 237 2784 Verbo
260 2720 358 2784 divine
380 2727 523 2800 gestatur,
546 2719 639 2800 gratie
661 2728 759 2782 tamen
783 2727 812 2781 ct
832 2719 928 2782 virtus
951 2719 1039 2782 Verbi
1062 2728 1117 2782 est.
1152 2719 1252 2800 itaque
1266 2717 1364 2790 Patris

140 2839 232 2900 opera
253 2839 308 2900 per
329 2838 448 2891 caruem
470 2820 631 2895 efficiebat,
653 2819 706 2882 sed
729 2816 922 2882 nibilominus
945 2821 1043 2882 carnis
1064 2821 1238 2884 affectiones
1260 2820 1291 2885 in
1311 2819 1363 2882 iilo

143 2920 374 2993 exhibebantur,
395 2929 430 2980 ut
450 2939 517 2982 cum
539 2920 706 2982 sciscitatus
729 2926 792 2994 est,
823 2929 854 2981 et
873 2919 1016 2982 Lazarum
1038 2919 1074 2980 ad
1097 2919 1185 2982 ritem
1205 2921 1365 2995 revocarit,

141 3039 210 3084 oum
232 3021 301 3086 item
325 3029 448 3100 manem
471 3020 519 3082 bis
541 3021 639 3083 verbis
662 3021 837 3101 increparit:
860 3019 1001 3084 Nondum
1016 3025 1097 3084 venit
1112 3021 1199 3095 doro,
1222 3031 1252 3084 ct
1266 3031 1365 3084 tamen

125 3123 285 3187 continuo
310 3141 417 3204 aquam
445 3123 475 3185 in
503 3122 602 3186 vinum
633 3121 785 3185 convertit.
829 3121 981 3202 Siquidem
1011 3138 1099 3184 uerus
1120 3119 1199 3194 Deus
1221 3123 1252 3186 in
1273 3135 1365 3184 cerne
1430 3123 1433 3138 '

139 3233 172 3286 et
192 3243 260 3288 vera
282 3244 350 3288 caro
381 3233 445 3287 erat
471 3223 500 3286 iu
531 3223 638 3287 Verbo.
680 3225 794 3320 idpirco
823 3243 859 3287 ex
888 3225 1028 3306 operibus
1058 3223 1235 3304 quidem.se
1256 3223 1364 3288 Filium

139 3325 194 3388 liei
215 3343 361 3408 suumque
381 3327 556 3390 ostendebat
573 3328 701 3404 Famem,
724 3328 778 3392 sed
801 3347 837 3392 ex
858 3328 956 3390 carnis
978 3325 1183 3390 odecdonibus
1205 3345 1239 3389 se
1259 3343 1363 3390 rerum

139 3445 249 3508 cerpus
271 3428 379 3494 babere
400 3428 530 3510 illudque
551 3430 707 3510 proprium
730 3430 776 3494 sui
799 3449 867 3494 osse
887 3429 1042 3511 probabat.
1389 3411 1396 3420 ¹

122 3725 127 3731 ·
173 3716 198 3766 b.
218 3715 725 3779 stenem.Segoer.ttoot.etrototro.t.
810 3720 828 3772 i.
846 3709 995 3768 miseere
1013 3717 1091 3769 deleta
1109 3723 1165 3768 sont
1183 3715 1297 3766 inbesil.

138 3783 184 3834 biii
211 3792 235 3834 et
259 3785 332 3834 editio
351 3785 468 3836 Commei.
487 3772 573 3854 decep
588 3776 645 3854 γὰρ
661 3799 726 3853 noy·
811 3802 834 3849 g.
852 3789 892 3838 Sic
903 3787 958 3848 tter.
971 3786 993 3840 i.
1009 3787 1108 3848 sepner.
1119 3773 1215 3836 Gobier.
1227 3792 1249 3834 et
1259 3783 1364 3836 Febrim.

139 3843 300 3917 desiperes.
343 3852 434 3903 ibidem
459 3853 515 3914 [ter.
534 3853 555 3902 i.
581 3863 604 3903 st
627 3859 726 3917 segnes.
779 3854 802 3904 i.
837 3855 865 3907 bt
883 3853 923 3903 eiii
942 3861 966 3904 et
983 3853 1040 3903 editi
1058 3843 1183 3919 ὁρῶντες,
1203 3845 1248 3900 καὶ
1266 3843 1302 3905 eir
1319 3841 1364 3900 ἆλ-

139 3909 232 3987 ἥγειρε
248 3914 287 3969 δέ.
321 3921 366 3970 tbi
384 3930 407 3970 st
425 3921 481 3972 editi
498 3915 544 3968 καὶ
561 3911 658 3987 ἤγειρε.
776 3915 873 3988 λόιρια
896 3919 945 3968 τοῦ
968 3919 1035 3970 θεοῦ
1058 3911 1230 3986 condemna
1251 3913 1289 3984 prr}
1319 3917 1361 3984 τῇ.

175 4005 195 4042 ιι.
214 3989 356 4066 Sistite).
376 3996 399 4038 ot
416 3989 516 4050 sepner.
543 3991 571 4038 tt
584 3987 624 4038 eiii
638 3995 660 4039 st
671 3989 727 4040 editi
778 3989 837 4038 lbid.
857 3989 954 4038 Gobier.
974 3997 998 4040 et
1016 3989 1154 4040 Febrimi.
1172 3979 1346 4054 λογιζόμεθα.

137 4045 284 4107 παύσασθε
302 4069 358 4106 ουν.
400 4055 453 4108 idox
474 4055 532 4118 fleg.
546 4055 567 4105 i.
586 4057 725 4118 Segnerieo.
813 4057 836 4106 b.
854 4058 894 4106 Sic
909 4057 965 4117 iirg.
978 4055 999 4106 i.
1018 4057 1161 4119 cosmum..
1180 4064 1205 4106 ut
1222 4064 1246 4105 et
1263 4055 1365 4106 babetur

142 4123 238 4176 (labier.
264 4131 288 4174 et
311 4124 418 4176 tantm.
440 4124 460 4174 l.
477 4117 515 4190 μὴ
541 4116 572 4174 δὲ
588 4123 728 4190 nupctpei·
779 4125 802 4202 ip
822 4131 886 4174 textu
905 4125 996 4176 Graeco
1013 4124 1162 4187 Scriptores.
1197 4119 1249 4172 biii
1265 4131 1288 4172 et
1306 4121 1364 4170 editi

140 4191 199 4242 ode·
237 4189 282 4242 tiit
300 4200 324 4242 et
341 4191 398 4243 editi
416 4183 462 4242 eet
477 4185 515 4258 prr}
534 4191 724 4260 ucpstpeists.
779 4186 869 4250 ηλθεν.
906 4191 957 4242 idox
974 4187 1363 4256 uterquenepsegoermobrer.

174 4259 197 4310 d.
216 4259 347 4322 Boebes
365 4259 465 4322 Separor.
483 4257 653 4326 reexpecta.
681 4261 728 4312 Ge·
779 4267 803 4309 et
828 4259 931 4310 Felcbm.
952 4257 973 4310 l.
997 4249 1099 4320 ἀληθὴς
1122 4252 1192 4334 σὰρξ
1215 4243 1248 4336 rig
1271 4247 1300 4331 {v
1318 4245 1362 4322 ,ῐῷ

105 4338 110 4344 ·
139 4326 184 4376 teri
202 4335 227 4376 et
244 4327 301 4378 editi
318 4325 357 4392 τῷ
374 4318 468 4394 κυρίῳ,
778 4317 859 4391 to'yp.
895 4327 973 4379 Ceteri
991 4336 1015 4378 et
1031 4328 1088 4379 editi
1106 4309 1365 4384 emercarentur

176 4407 197 4442 o.
215 4395 256 4444 Sic
267 4395 324 4457 iter.
336 4397 358 4446 l.
368 4398 469 4456 Serum.
480 4397 578 4448 Gobler.
590 4405 613 4448 et
622 4397 727 4448 Felcim.
779 4386 810 4443 tv
826 4392 874 4459 τῷ.

144 4459 166 4508 i.
201 4468 229 4511 bt
246 4461 336 4512 ineiiis
355 4471 378 4513 et
396 4465 466 4516 editis
484 4465 553 4516 deest
569 4459 625 4525 τήν.
734 4517 739 4527 ,
814 4463 829 4513 i.
847 4461 937 4536 ssepi.
956 4453 1016 4512 udor
1032 4459 1082 4510 τοῦ
1098 4453 1173 4512 θεοῦ.
