2872 5046
768 43 793 90 l
845 91 848 98 .

438 205 586 252 crascone
600 208 638 252 av.
654 208 691 250 cu
707 207 901 252 summouere.
1205 194 1265 258 807
1301 253 1303 258 .

659 303 671 330 0

42 363 195 438 Saloatum
217 361 271 425 sed
292 357 378 442 quasi
399 357 584 439 blasphemia
604 357 635 420 iu
657 367 813 439 utrumque
835 333 949 440 prolata
965 359 996 420 iu
1011 359 1143 440 seipsum
1163 378 1350 425 remur-eaor.

40 473 136 540 reret,
159 471 188 526 et
209 463 257 526 illa
278 461 385 533 minor,
409 459 465 523 alia
485 459 582 522 maior
597 467 687 534 esset,
708 460 781 523 hacc
795 460 935 540 loquutus
951 461 1164 524 estllominus.
1194 461 1267 524 Ete-

40 567 107 630 nim
130 573 284 644 utramquo
310 561 502 642 proterebant
522 560 788 650 Pharisaeiacum
816 553 894 624 enim
921 561 1072 626 hominem
1101 571 1266 639 cernerent,

39 667 104 748 ipsi
127 664 376 730 convitiabantur:
404 663 487 726 Unde
505 663 573 726 huic
595 666 744 743 rapientia
765 661 900 726 r'rtlrueciJ
922 671 953 724 et
970 663 1194 747 Quinquupa'retc
1209 683 1268 729 ure·

40 789 103 833 uos
125 768 259 831 noudum
281 765 370 829 hubac
397 774 425 828 et
446 764 600 828 Abrohom
621 760 748 826 uidisti?
789 763 827 824 Et
852 762 949 824 Patris
977 783 1067 844 opera
1096 785 1162 830 cum
1191 784 1266 828 oon-
1321 765 1327 772 ’

42 871 207 951 spicereut,
229 886 289 930 non
313 865 410 929 solum
432 865 496 927 eius
519 864 701 926 divinitatem
723 871 912 943 negaverunt,
934 867 1142 929 verumetiam
1164 876 1267 938 contra

41 973 126 1035 illam
147 969 262 1050 loquuti
283 966 398 1031 aiebant
425 967 456 1028 in
488 967 554 1046 ipso
576 965 703 1027 Domino
727 983 793 1028 esse
814 963 1015 1026 Bauzebutem
1037 975 1067 1028 et
1086 967 1267 1032 Beelzebulis

43 1070 284 1152 esseciusmodi
306 1088 406 1151 opera.
452 1067 639 1148 Quapropter
660 1067 743 1146 quasi
764 1073 887 1146 utraque
907 1065 1089 1147 blasphemia
1109 1069 1140 1130 in
1162 1088 1196 1132 so
1217 1072 1266 1134 di-

42 1184 177 1247 ceretur,
206 1181 237 1234 et
262 1170 318 1234 alia
345 1169 463 1253 quidem
485 1170 701 1244 minor—esset,
730 1168 809 1248 quod
831 1165 1057 1242 humanitatem,
1085 1168 1140 1231 alia
1161 1171 1266 1245 maior,

41 1275 126 1357 quod
148 1273 328 1354 divinitatem
351 1279 512 1351 spectaret,
540 1271 578 1333 de
605 1269 710 1339 maiori
733 1269 806 1331 dixit
827 1268 891 1332 eius
912 1269 1069 1332 vindictam
1091 1268 1267 1350 indepreca·
1351 1327 1354 1334 ,

39 1379 135 1441 bilem
156 1375 214 1436 illis
237 1392 316 1435 esse.
351 1373 436 1436 Certe
451 1392 517 1436 cum
531 1370 691 1452 discipulis
707 1369 769 1434 suis
785 1370 952 1432 firmitatem
966 1370 1161 1452 fiduciamque
1174 1389 1266 1452 prae-

39 1479 129 1540 beret
149 1477 196 1539 bis
219 1475 332 1538 verbis:
365 1472 403 1537 Sc·
419 1474 675 1556 patremfamilias
697 1472 903 1536 beelzebulem
924 1484 1125 1546 vocaverant,
1155 1491 1189 1536 se
1210 1493 1266 1555 pa·

39 1577 246 1643 tremlamilias
269 1595 336 1640 esse
359 1576 529 1651 declararit,
559 1576 609 1656 qui
630 1575 674 1638 sic
694 1593 711 1636 a
733 1573 849 1638 ludaeis
871 1573 1033 1638 maledictis
1054 1575 1266 1637 incesseretur.

132 1681 181 1744 18.
226 1677 313 1751 Quod
335 1677 362 1738 si
383 1677 493 1752 ludaei,
516 1676 586 1740 dum
610 1675 740 1760 dicerent
759 1679 793 1738 a'u
807 1674 1021 1746 beelzebulem,
1043 1674 1116 1737 nulli
1130 1673 1188 1738 nisi
1202 1675 1266 1739 llo-

39 1781 125 1844 miuo
147 1777 396 1852 convitiabantur,
424 1779 614 1858 perspicuum
637 1795 708 1840 saue
731 1783 791 1851 est,
825 1775 896 1838 illud
921 1775 1111 1858 Btocpbum'o
1138 1794 1211 1839 vero
1231 1779 1267 1840 e‘u

40 1881 194 1964 Spiritum
220 1881 257 1942 de
285 1879 352 1958 ipso
374 1879 501 1948 Domino
530 1878 640 1941 dictum
670 1895 739 1939 esse
768 1884 918 1957 totamque
947 1877 1124 1940 sententiam
1153 1877 1190 1939 ad
1213 1895 1265 1940 se-

40 1985 143 2063 ipsum
165 1981 346 2044 Salvatorem
367 1980 517 2042 retulisse.
560 1979 628 2059 lpse
655 1995 782 2058 namque
809 1977 939 2041 universi
971 1977 1179 2059 paterfamilias
1202 1984 1265 2054 est3

41 2083 173 2163 idipsum
194 2083 303 2162 quippe
326 2078 558 2144 confirmationis
581 2097 669 2142 causa
680 2079 749 2160 ‚iam
763 2087 903 2158 repetere
916 2078 1190 2157 subterfugiendum
1203 2097 1265 2140 non

43 2193 101 2246 cst.
133 2183 231 2258 Sitire,
256 2181 400 2254 laborare,
424 2178 564 2254 dormire,
588 2178 720 2259 colaphis
736 2179 827 2248 caedi,
850 2180 1006 2240 comedere
1020 2179 1174 2241 hominum
1189 2197 1263 2259 pro-

39 2286 107 2368 pria
129 2275 214 2359 sunt;
237 2299 327 2362 opera
348 2289 455 2354 autem,
477 2297 553 2359 quae
574 2277 868 2354 iaciebatllominus,
891 2297 952 2342 non
973 2278 1127 2344 bominum
1143 2279 1197 2342 sed
1210 2279 1347 2342 licinius.

40 2395 136 2450 erant.
182 2384 255 2445 Cum
277 2381 366 2460 igitur
387 2381 520 2461 quidam,
544 2381 586 2442 uti
609 2379 748 2460 superius
770 2379 844 2452 dixi,
878 2379 924 2443 hie
947 2381 1114 2462 conspectis
1135 2381 1263 2445 Domino
1305 2449 1308 2456 ,

39 2496 77 2548 ut
97 2485 211 2546 homini
234 2481 471 2558 conciliarentur,
497 2482 596 2546 minus
620 2482 797 2562 supplicium
817 2481 1022 2558 merebantur,
1044 2501 1132 2563 quam
1153 2483 1196 2559 ii,·
1213 2483 1263 2564 qui

39 2587 96 2650 Dei
118 2603 208 2666 opera
230 2583 348 2647 diabolo
370 2584 582 2648 adscriberent.
625 2585 663 2646 lli
691 2585 768 2648 enim
796 2603 857 2647 uon
885 2585 982 2648 solum
1011 2594 1111 2648 sancta
1140 2583 1262 2648 canibus

38 2687 217 2771 proliciunt3
240 2687 293 2752 sed
315 2695 345 2750 ct
365 2686 457 2752 Deum
480 2687 598 2750 diabolo
621 2694 793 2768 comparant
814 2695 844 2749 et
863 2686 958 2750 lucem
977 2686 1115 2750 tenebras
1131 2705 1198 2749 esse
1214 2687 1261 2748 di·

41 2799 121 2853 cunt.
165 2789 248 2852 llanc
275 2799 354 2852 certe
382 2809 450 2853 csse
471 2790 700 2852 Pharisaeorum
721 2807 870 2870 nunquam
892 2788 1097 2852 remittendam
1118 2785 1261 2868 blaspbe-

41 2891 130 2952 miam
151 2889 267 2970 llarcus
289 2889 456 2952 observarit
477 2891 523 2952 his
545 2890 659 2953 verbis:
685 2890 747 2965 Qui
760 2901 860 2954 cutura
878 2891 1129 2971 blasphemaverit
1143 2893 1176 2951 r‘re
1191 2887 1263 2970 Spi-

40 2995 137 3054 ritum
158 3001 312 3062 sunctum,
334 3008 398 3053 uon
419 2991 507 3054 haber
529 2995 748 3066 remissionem,
771 2993 824 3056 sed
844 3010 918 3055 reue
941 3001 986 3054 eat
1007 2994 1125 3055 ucrerm'
1146 2989 1260 3066 uellere

41 3093 183 3173 quonium
204 3091 356 3154 dicebaut:
379 3095 521 3172 spiritum
541 3093 726 3156 immundum
747 3093 843 3157 habet.
886 3092 924 3180 Et
944 3092 981 3166 is,
1004 3091 1054 3170 qui
1075 3110 1092 3152 a
1110 3089 1261 3154 nativitato

40 3208 146 3253 caecus
168 3191 274 3266 lucrat,
297 3191 363 3254 visu
385 3201 504 3273 recepto
526 3193 751 3258 testificabatur:
773 3196 799 3258 A
818 3193 938 3257 coemto
960 3201 1090 3256 comest
1112 3192 1259 3266 auditum,

39 3295 120 3376 quod
140 3297 206 3375 paris
228 3298 398 3374 operuerit¹
413 3293 516 3357 oculor
545 3301 626 3359 caece·
653 3301 728 3358 uoti.
771 3295 840 3358 Nice·
866 3304 945 3358 aeret
972 3295 1019 3356 bic
1046 3292 1164 3366 olleo,
1197 3310 1261 3356 uou

34 3405 160 3476 poteret
179 3395 284 3474 fucere
304 3396 472 3477 quidquam.
516 3396 633 3460 Turbae
654 3405 752 3460 autem
774 3396 953 3460 admirantes
982 3413 1073 3502 super
1101 3394 1155 3470 iis,
1184 3413 1259 3475 quae

72 3629 94 3664 ο.
111 3613 167 3676 ltcp.
191 3614 290 3676 Sequar.
317 3615 413 3666 Gobler.
432 3623 456 3668 et
473 3616 577 3667 Fclclm.
597 3617 619 3669 l.
704 3619 720 3668 i.
739 3607 771 3666 od
788 3617 856 3668 deest
873 3617 897 3668 in
915 3617 972 3680 lter.
1133 3667 1144 3696 s

37 3674 66 3730 οἱ
82 3675 112 3730 dd
129 3673 247 3730 doudecim
265 3683 355 3733 omisso
373 3675 405 3734 al.
440 3685 503 3736 lutra
528 3685 551 3735 in
575 3684 619 3737 iis·
703 3687 726 3736 l.
745 3685 886 3740 uoblerinn,
907 3692 931 3736 ct
953 3685 1057 3735 lelcbm.
1071 3683 1094 3734 l.
1113 3697 1169 3733 our.
1204 3682 1258 3733 ldox

36 3750 93 3800 dem
115 3749 183 3800 deest
205 3749 306 3800 τοίνυν.
340 3750 402 3801 Editi
430 3759 454 3802 et
476 3751 517 3802 alii
544 3761 570 3804 ut
593 3753 618 3804 iu
669 3753 768 3816 Sequor.
787 3747 973 3820 φαρισσαίων.
1008 3752 1100 3802 lbldem
1119 3751 1217 3803 Goblcr.
1234 3758 1259 3801 et

35 3825 155 3870 contextu·
667 3821 773 3872 Felclm.
789 3821 812 3870 l.
837 3812 1034 3888 dmiyprmoror
1056 3813 1195 3887 τιμωρίαν
1210 3811 1258 3867 arud
1361 3831 1364 3838 ’

70 3903 86 3952 l.
110 3902 167 3964 Rea.
186 3908 210 3952 et
227 3902 327 3964 Sequar.
346 3895 440 3963 διψῆν.
478 3903 575 3956 Gobler.
594 3913 618 3956 et
666 3883 849 3968 WWQ·
884 3889 958 3940 P¹¹¹¹⁰
975 3880 1256 3966 l⁰⁵¹⁷¹fftfflt¹fl⁶m

35 3969 139 4021 ΝΜ·
150 3970 173 4020 ¹‘
191 3963 284 4032 ΜΨ
302 3970 425 4020 ”²‘”⁶⁰⁸⁰·
666 3958 766 4087 'aldid'
784 3956 1055 4076 lt'lzll‘bitll‘l
1075 3955 1257 4090 ‘libl‘lilissf

36 4061 301 4191 aribatici}
318 4061 617 4208 mammea:
667 4083 791 4211 ccccc.
812 4091 891 4144 ⁸⁶³⁰*
916 4093 1031 4148 “ml
1049 4084 1298 4159 '‘mlum’'

33 4205 97 4257 Editi
114 4215 137 4258 ct
151 4207 190 4260 elii
202 4198 465 4277 embammatum.
483 4202 617 4261 ltoxacrtldr
700 4228 716 4278 1·
735 4228 830 4281 pomer,
847 4235 870 4279 ,ι
883 4226 987 4280 ΝΜ,
999 4229 1023 4278 1,
1039 4224 1161 4294 wtv'tf·
1186 4223 1252 4274 qum

33 4266 168 4392 eFrpo'rcpov
190 4263 267 4326 εἶπον
283 4277 371 4328 derunt
387 4279 411 4328 in
429 4279 574 4330 Gobleriauo
593 4287 618 4330 ct
665 4295 723 4358 fleu·
741 4297 841 4374 gem
859 4297 930 4348 nup,
949 4305 973 4348 ῃ
984 4297 1075 4360 pugne,
1092 4284 1252 4361 γεγεννημέ-

56 4342 181 4394 alelmi.
665 4376 722 4412 roo.
756 4363 818 4415 lidui
834 4360 1023 4431 γεγενημένου.
1053 4359 1252 4426 Paulopostdo-

69 4427 92 4476 b.
109 4417 144 4473 ἄν
160 4427 227 4480 deest
244 4429 269 4481 in
287 4429 343 4494 lter.
362 4437 386 4482 et
402 4431 501 4495 Sequor.
665 4431 726 4484 blot.
745 4440 769 4484 ct
785 4431 924 4485 lateant.
942 4424 971 4482 od
987 4425 1017 4482 δὲ
1035 4423 1118 4497 ὄχλοι.
1153 4449 1162 4464 ’
