3102 5042
543 223 687 274 antarum
702 230 723 274 1.
737 231 774 274 uu
791 231 985 278 snamronsu.
1307 225 1367 287 715

137 383 276 462 proleeto
298 399 451 460 nunquam
472 381 512 442 illi
535 379 754 460 explicaverint,
777 381 894 461 quando
916 382 982 462 ipse
1001 381 1152 459 Salomon,
1175 388 1224 466 qui
1247 389 1452 468 sapien-roos.

138 485 200 546 tiao
221 483 398 546 cumulatius
421 483 477 544 luit
497 483 646 562 particeps
668 499 755 562 mnam
777 481 824 544 alii
848 502 968 558 omues,
999 485 1055 546 ista
1081 485 1117 546 ah
1139 486 1260 550 homine
1281 490 1366 554 iuve-

138 585 198 647 niri
220 603 282 648 uon
304 601 397 664 posse
418 582 603 664 perspiciens
626 583 682 645 ait:
712 583 750 646 lit
779 587 896 666 paidom
923 590 1102 648 uniuersum
1128 589 1268 666 seculum,
1290 595 1369 656 dudit

137 693 173 750 ιἰι
196 687 286 750 eorda
309 703 423 756 eoruoa.
446 696 481 746 ιιι
502 703 564 747 noo
586 687 721 748 inueniat
737 685 823 747 loma
839 705 923 769 opus,
947 689 1026 768 quod
1046 689 1118 768 sealt
1132 689 1215 752 Boou
1230 694 1266 754 od
1282 698 1367 758 initio

138 799 170 852 ot
190 807 284 869 uapue
307 792 340 850 a'n
361 788 461 867 finem.
505 787 549 847 Au
572 803 644 865 ergo
666 784 735 864 quia
756 785 830 848 haue
853 787 952 849 omnia
967 807 1058 852 nosse
1074 801 1234 869 nequeunt,
1258 792 1367 856 idoiroo
1403 836 1407 844 =

137 889 321 950 conlaudent
341 907 401 950 nou
425 885 577 950 existerat
620 885 724 948 Nullus
747 887 847 966 utique
870 889 971 951 dubito
995 891 1066 969 quin
1095 891 1126 953 id
1148 893 1365 970 contenderint,

139 990 251 1071 quippe
272 990 322 1069 qui
345 997 473 1050 montem
497 988 614 1069 ponitus
637 997 807 1068 corruptam
822 989 957 1054 habeant.
1000 992 1069 1053 lure
1087 993 1177 1072 igitur
1191 997 1297 1058 merito
1313 1015 1366 1058 aos

138 1091 179 1152 ita
201 1091 309 1170 alloqui
331 1090 432 1152 lioeat:
456 1090 481 1152 Ο
499 1088 581 1150 stulti
597 1097 684 1168 atque
700 1090 735 1150 ad
753 1089 851 1152 omnio
866 1092 990 1154 audaces
1013 1101 1044 1153 et
1063 1094 1252 1172 praecipites,
1275 1116 1366 1177 quare

137 1211 201 1254 nou
222 1193 323 1272 potius
346 1199 476 1254 sanctam
500 1189 674 1252 Trinitatem
696 1191 815 1252 curiose
838 1192 960 1254 serutari
982 1192 1129 1267 desinitis,
1152 1213 1275 1274 eamque
1297 1217 1365 1260 esse
1415 1261 1419 1273 ,

136 1293 278 1360 duntaxat
298 1293 436 1365 creditis,
465 1292 640 1373 magistrum
662 1291 839 1372 Apostolum
861 1293 916 1356 hau
937 1295 968 1356 in
989 1313 1022 1356 ra
1044 1294 1164 1368 imitati,
1188 1299 1270 1360 ouius
1293 1300 1365 1362 hoec

137 1403 211 1456 sunt
232 1395 336 1458 verba:
368 1395 497 1458 Credere
525 1399 605 1458 ιιιιίι
632 1404 754 1476 oportet
779 1397 913 1476 primum
934 1397 1016 1469 Deo,
1046 1402 1117 1478 puio
1146 1409 1190 1460 eat
1211 1409 1241 1461 ιι
1261 1405 1363 1482 lupui-

136 1497 275 1558 ιἰιιιιὺιιι
299 1515 330 1560 ιι
351 1509 565 1560 remunerator
587 1501 636 1559 ait.
680 1495 741 1558 Neo
762 1496 841 1559 anim
863 1497 951 1558 dixit:
974 1499 1124 1578 quomodo
1147 1509 1203 1576 est
1226 1502 1280 1564 sed
1295 1511 1361 1566 tau-

136 1607 199 1660 tum
222 1601 293 1679 patio
314 1610 368 1662 ιιι.
414 1598 501 1672 uuou
523 1597 549 1660 si
571 1615 627 1660 neo
647 1598 692 1658 oie
713 1597 831 1677 quidem
855 1597 1042 1674 erubeseunt,
1066 1601 1165 1664 dicant
1178 1620 1259 1682 ergo,
1282 1623 1358 1683 quo-

135 1699 226 1764 modo
249 1701 290 1762 sit
308 1700 407 1774 Pater,
430 1711 463 1762 ut
482 1702 541 1762 hoo
560 1709 647 1781 paeto
669 1699 799 1773 discant,
823 1701 973 1780 quomodo
996 1719 1113 1781 quoquo
1135 1703 1200 1764 eius
1222 1705 1263 1764 sit
1284 1705 1446 1770 Ver-noar.

134 1801 218 1862 bum.
252 1799 334 1875 „Sed
349 1801 509 1864 absurdum
532 1809 588 1875 est,
611 1801 755 1881 inquient,
777 1801 850 1864 haeo
865 1802 901 1864 de
916 1802 1003 1864 Patro
1018 1803 1199 1882 inquirore.“
1235 1805 1363 1870 dudiaut

134 1902 235 1982 igitur,
257 1901 419 1964 absurdum
441 1921 559 1983 quoque
580 1921 649 1966 esse
672 1903 748 1966 idem
771 1903 808 1966 de
830 1903 894 1968 eius
917 1903 1014 1966 Verbo
1037 1905 1191 1966 scisdtori.

224 2005 272 2068 19.
316 2003 418 2084 itaqua
440 2023 506 2066 curn
529 2004 640 2066 inutilis
664 2013 693 2066 at
715 2003 822 2066 stultus
846 2006 884 2068 sit
906 2005 1082 2068 huiuamodi
1105 2015 1244 2082 annolus,
1273 2027 1362 2072 nemo

55 2181 58 2184 Ι
133 2106 193 2168 iarn
216 2105 342 2187 amplius
365 2099 471 2169 dahis
494 2106 680 2186 pereunotari
702 2106 818 2179 audeat,
842 2106 895 2169 sed
918 2125 953 2168 ea
976 2115 1104 2180 tantum,
1127 2126 1202 2186 quae
1224 2107 1360 2188 Scriptu-

132 2207 178 2268 ris
200 2209 399 2281 eontinentur,
422 2208 538 2270 discere
553 2208 625 2270 satis
641 2199 790 2288 habeant(
815 2207 967 2286 Siquidem
984 2207 1106 2268 omniuo
1122 2207 1273 2269 sufficiunt
1286 2227 1360 2288 quae

132 2307 346 2371 inhonorem
369 2310 646 2390 prolertexempla.
690 2301 806 2387 Nempe*
831 2310 900 2381 loos
923 2316 953 2369 et
973 2307 1023 2369 lox
1044 2309 1130 2369 Potor
1152 2309 1269 2370 dieitur.
1313 2309 1360 2374 Me

133 2409 230 2484 onim,
258 2411 370 2491 inquit,
398 2411 624 2493 dereliquerunt
654 2411 771 2490 [οιιιιιιι
792 2427 887 2490 optant
909 2412 1049 2494 uiuentis.
1093 2408 1131 2470 lit
1152 2409 1261 2471 iterum
1282 2411 1359 2491 apud

133 2510 265 2574 Baruolr:
291 2514 373 2587 Quid
395 2523 456 2586 ιιι,
479 2513 594 2585 lornei,
616 2512 695 2593 pund
716 2515 749 2573 ιἰι
772 2523 860 2574 torro
881 2515 1073 2574 inimieorum
1094 2508 1152 2574 aa?
1175 2511 1363 2595 derodpuitti

132 2612 250 2690 [oratam
269 2619 446 2697 sapientiae.
490 2614 528 2676 Et
550 2614 713 2676 seeundum
734 2612 875 2674 loannem
896 2613 979 2676 Dauo
1002 2623 1110 2676 noster
1133 2612 1189 2674 lua
1210 2627 1264 2679 eat.
1307 2613 1359 2676 Fi·

130 2713 190 2778 liua
212 2733 292 2790 raro,
316 2735 384 2778 oum
397 2717 527 2778 refertur
547 2715 582 2776 ad
606 2717 729 2788 iontem,
751 2714 858 2777 dicitur
880 2715 1004 2776 durius:
1028 2715 1160 2793 Namque
1174 2715 1289 2794 Ῑιιιιιιιιι
1303 2715 1362 2777 Dea·

130 2817 282 2897 repletum
301 2829 347 2881 ιιι
368 2823 464 2900 aquia.
510 2817 584 2880 Cum
606 2824 704 2878 autem
725 2816 804 2878 idem
827 2816 863 2878 ad
878 2816 974 2878 luoem
988 2817 1125 2889 solemur,
1148 2815 1291 2896 splendor
1304 2835 1358 2896 ap-

129 2917 272 2998 pellatur,
295 2920 411 2982 dicente
431 2919 540 2981 Paulo:
574 2919 637 2992 Qui
658 2937 723 2980 oum
746 2922 785 2980 tit
807 2917 954 2999 splendor
974 2917 1090 2997 plorioe
1113 2929 1143 2980 et
1161 2917 1264 2998 fipuro
1286 2921 1358 2980 aad·

131 3023 262 3083 atouta'oe
284 3025 358 3084 ιιίιι.
403 3019 475 3082 Cum
504 3038 576 3100 ergo
603 3019 690 3080 Pater
717 3018 848 3092 sitlux,
883 3027 914 3080 et
934 3019 1025 3080 Filius
1055 3019 1120 3080 eius
1150 3020 1190 3079 sit
1216 3017 1358 3098 splendor

130 3124 211 3194 tuam
235 3122 338 3184 eadem
353 3141 452 3204 saepe,
474 3120 653 3202 praesertim
669 3121 706 3182 de
719 3119 891 3182 huiusmodi
906 3120 1008 3194 rebus,
1031 3119 1129 3180 dioere
1144 3117 1255 3181 nemini
1271 3136 1357 3198 grave

129 3223 224 3286 rideri
246 3223 363 3301 debet),
391 3225 460 3286 lieet
487 3241 605 3304 quoque
632 3223 663 3284 in
684 3221 759 3284 Filio
787 3220 956 3302 perspicere
978 3220 1122 3300 Spiritum
1144 3227 1293 3294 sanetum,
1326 3220 1356 3280 in

130 3342 190 3403 quo
211 3343 318 3404 nempe
340 3326 547 3388 illuminamur.
591 3325 667 3386 ilino
688 3325 765 3386 enim
787 3323 962 3402 Apostolus:
999 3322 1036 3385 Ut
1058 3323 1107 3385 det
1128 3323 1229 3394 vodio,
1253 3321 1357 3401 inquit,

131 3424 283 3508 Spiritum
305 3432 469 3508 oopr‘entioa
492 3439 521 3491 ιι
542 3427 736 3489 revelationis
758 3430 791 3488 in
813 3429 965 3504 apollinae
983 3429 1056 3498 ιιιιι,
1080 3424 1267 3486 illuminatos
1284 3441 1354 3486 oote-

129 3527 177 3590 loa
201 3530 311 3590 cordia.
355 3529 448 3590 Porro
467 3530 533 3590 oum
548 3527 662 3608 Spiritu
677 3525 887 3600 illuminamur,
912 3527 1046 3588 Christus
1068 3526 1134 3607 ipse
1157 3535 1213 3598 est,
1236 3525 1286 3605 qrri
1300 3543 1357 3587 nos

128 3629 162 3689 iu
183 3628 234 3690 illo
256 3629 415 3703 illuminat,
446 3642 479 3692 ut
499 3630 572 3691 haeo
593 3627 683 3690 rerba
706 3635 865 3690 testantur:
896 3629 973 3689 Erat
997 3627 1052 3690 lum
1075 3646 1163 3700 uero,
1186 3646 1261 3709 puae
1283 3627 1358 3688 illu-

127 3733 225 3793 mr'uot
240 3727 362 3792 ‘omnem
385 3732 533 3792 lominum
554 3733 721 3792 uenientem
741 3733 773 3791 io
794 3731 948 3792 muudum.
993 3729 1136 3790 Similiter
1154 3737 1187 3790 ut
1201 3729 1289 3790 Pater
1310 3739 1358 3790 est

127 3833 199 3892 lons
223 3839 253 3892 et
272 3831 363 3894 Filius
386 3832 491 3894 durius
520 3831 699 3911 appellatur,
731 3831 771 3892 ito
800 3831 942 3910 Spiritum
972 3830 1073 3892 bibere
1102 3829 1238 3891 dicimur.
1282 3831 1356 3892 Nam

127 3931 356 4011 scriptumest:
388 3932 496 3994 Omnes
519 3952 613 3995 unum
635 3933 786 4014 Spiritum
808 3933 942 3994 didimus.
988 3932 1101 3992 Rursus
1124 3950 1190 3992 oum
1214 3931 1355 4012 Spiritum
1516 3959 1518 3964 ι

124 4115 232 4167 Felolm.
256 4117 276 4166 l.
311 4117 388 4166 Ceteri
407 4111 587 4170 πιστεύοντες.
801 4133 821 4168 e.
841 4118 880 4168 Sic
898 4119 1020 4182 tagliano.
1046 4125 1070 4167 et
1094 4119 1199 4168 Graecus
1218 4119 1355 4179 Scripturae

165 4199 184 4233 e.
204 4169 253 4232 οὖν
269 4185 337 4234 abest
355 4199 367 4232 a
387 4185 441 4247 lieg.
463 4187 483 4234 l.
504 4188 602 4247 Soguor.
617 4185 715 4236 notter.
767 4193 854 4236 teitus.
882 4187 943 4236 utto
955 4195 978 4235 et
996 4173 1103 4236 eeleritl
1121 4187 1241 4236 omittunt.
1265 4177 1353 4239 tter-2.

113 4250 234 4302 deletu.
252 4252 272 4300 l.
290 4261 315 4301 et
332 4253 403 4301 llosil.
767 4269 821 4302 roro
841 4255 912 4302 habet
929 4241 1008 4308 εἶναι,
1027 4245 1052 4300 εἰ
1068 4244 1237 4316 ἐγκατέλιπες
1256 4255 1298 4294 etc.
1330 4313 1333 4318 ι

161 4319 186 4368 d.
204 4320 245 4368 Sic
262 4319 317 4380 llag.
331 4319 352 4368 l.
363 4321 462 4381 Seguer.
476 4319 573 4370 Goblor.
590 4327 614 4368 et
629 4319 714 4369 Felolt·
800 4322 816 4370 l.
841 4313 920 4374 ὄντος
943 4322 1011 4372 daeat
1035 4324 1058 4370 in
1082 4320 1212 4380 duplicaoo
1245 4321 1267 4360 ιι
1297 4309 1353 4358 edu.

120 4388 245 4438 mannil.
274 4387 317 4436 tiit
329 4395 408 4436 antem
422 4396 444 4436 et
455 4389 511 4436 editi
523 4379 628 4438 adrolo.
654 4387 714 4436 lbid.
767 4388 884 4437 Cornmel.

119 4457 184 4518 ileo.
197 4453 218 4502 l.
231 4447 293 4518 περὶ
305 4447 402 4502 τούτου
419 4453 466 4502 τοῦ
484 4451 713 4518 παραδείγματος.
801 4469 822 4516 p.
843 4457 898 4517 lteg.
920 4455 941 4504 l.
959 4449 1051 4516 norpr'.
