3102 5042
486 243 629 286 crissoni
645 244 664 285 1.
679 244 715 284 sn
731 242 924 286 ssnertonnu.
1224 271 1227 284 ·
1246 229 1308 294 687

90 395 251 479 profunda
273 392 339 454 Dei.
387 392 462 466 Quis
491 397 567 454 enin
598 397 654 455 scit
681 413 755 474 quor
776 403 847 454 stent
869 393 994 455 bominis
1017 397 1078 455 nisi
1097 397 1229 474 Spiritus
1252 397 1391 459 lto-essi.
1499 377 1501 387 ’

93 502 194 568 minis,
218 499 271 577 qni
290 495 410 571 inipso
433 490 501 556 esti
523 498 567 557 ito
588 505 617 556 et
639 513 713 574 onae
726 495 785 556 Dei
805 505 877 556 sunt
898 513 982 556 nemo
1006 499 1142 573 capnovit
1162 500 1223 558 nisi
1236 497 1307 578 Spi-

94 605 176 662 ritus
198 597 265 658 Dei.
310 592 373 656 Nos
396 603 496 656 antem
517 613 580 656 non
602 599 743 674 spiritum
763 595 869 656 mundi
889 599 1064 676 accepimus,
1087 597 1138 658 sei
1154 595 1307 676 Spiritum,

94 705 147 780 qni
167 717 206 760 eu
228 697 290 760 Deo
314 705 368 767 est,
393 705 427 756 ut
449 700 576 758 sciamus
599 715 673 776 qnae
695 717 713 757 a
733 695 797 758 Deo
820 697 932 758 donata
954 709 1027 760 sunt
1048 699 1143 760 nadis.
1186 698 1223 759 Et
1243 707 1311 778 post

93 817 203 880 pauco:
226 797 363 866 Nescitis,
386 801 456 877 quio
469 797 619 877 templum
634 798 691 860 Dei
711 801 782 861 estis
805 807 832 858 et
848 795 982 876 Spiritus
997 797 1055 860 oet
1076 799 1188 862 leobitot
1210 804 1241 862 in
1257 819 1311 862 vo-

95 899 168 964 bis?
212 898 263 959 Et:
293 897 352 960 Sed
374 897 473 960 oblati
492 902 578 970 estis,
602 899 653 960 sed
674 898 856 978 sanctificati
874 902 960 970 estis,
990 901 1042 962 sed
1062 903 1220 981 iustificati
1239 881 1311 964 estis

96 1006 131 1062 in
153 1005 269 1062 nomine
290 999 413 1062 Domini
432 1003 534 1062 nostri
553 999 623 1062 lesu
647 999 761 1062 Cloristi
789 1010 817 1060 et
844 1003 877 1061 in
898 998 1016 1078 Spiritu
1038 1000 1096 1064 Dei
1120 1007 1230 1064 nostri.
1249 1013 1257 1032 ·
1274 1003 1312 1064 Et
1359 1001 1365 1018 '

98 1120 218 1164 rursus:
240 1101 320 1164 Haec
342 1111 444 1164 aulem¹
465 1105 563 1163 omnia
586 1115 732 1181 operatur
752 1121 832 1162 unas
855 1113 883 1163 et
903 1102 978 1164 idem
1000 1101 1153 1180 Spiritus,
1177 1104 1311 1166 dividens

96 1209 223 1286 proprie
244 1203 386 1281 siupulis,
407 1212 504 1282 prout
526 1202 601 1264 vult.
645 1201 695 1262 Et:
726 1202 871 1264 Dominus
894 1212 993 1263 autem
1014 1201 1147 1283 Spiritus
1170 1215 1230 1278 est,
1259 1206 1314 1267 nbi

97 1318 196 1368 autem
218 1304 352 1385 Spiritus
375 1303 502 1374 Domini,
525 1305 568 1366 ili
587 1302 721 1366 libertas.
765 1302 837 1364 viae
860 1304 946 1366 ctiam
968 1293 1115 1382 quomodo
1138 1305 1174 1366 ad
1195 1303 1311 1367 Galatas

97 1407 144 1466 bis
167 1404 263 1466 serbis
285 1403 409 1464 scribut:
443 1403 480 1466 lli
503 1405 662 1466 benedictio
685 1404 824 1468 Abrabae
850 1406 937 1485 fieret
965 1409 996 1468 in
1020 1405 1138 1468 Christo
1161 1406 1245 1479 lesse,
1274 1417 1311 1469 nt

98 1507 343 1586 pollicitationem
371 1504 507 1584 Spiritus
537 1509 715 1584 accipiamus
733 1525 793 1586 per
813 1508 909 1587 fidem.
952 1506 989 1568 Et
1009 1507 1130 1568 iterum:
1161 1510 1311 1581 Quoniam

103 1618 198 1668 antem
217 1610 288 1668 estis
311 1605 383 1686 pilii,
411 1609 493 1668 misit
512 1605 593 1668 Dnts
617 1605 767 1686 Spiritum
787 1607 859 1670 Filii
882 1612 933 1669 sui
951 1612 985 1670 in
1009 1610 1225 1672 cordavestra
1248 1610 1311 1672 cla-

98 1719 241 1771 mantem:
271 1708 359 1778 Abba,
384 1706 484 1768 Pater.
528 1706 713 1787 Itaqueiam
733 1727 795 1770 non
818 1727 847 1770 es
870 1728 986 1781 seruus,
1010 1711 1061 1772 scd
1081 1711 1176 1791 filins.
1224 1711 1312 1784 Quod

95 1814 123 1872 si
142 1809 237 1890 filius,
262 1817 290 1870 et
312 1809 397 1870 leros
413 1808 471 1870 Dei
488 1827 547 1890 per
564 1807 727 1872 cornuum.
771 1809 849 1871 Haec
864 1828 981 1890 qnoque
996 1811 1060 1872 eius
1076 1791 1194 1874 suntad
1209 1811 1310 1892 Ephe-

97 1912 160 1974 sios
182 1909 287 1970 rccbn:
316 1910 354 1970 m
381 1910 474 1972 nolite
503 1911 858 1990 contristore'Spiritum
880 1924 1016 1974 sanctum
1037 1912 1107 1988 bn,
1135 1917 1168 1974 in
1189 1932 1247 1994 qno
1269 1917 1313 1976 si-

95 2015 184 2094 pnati
205 2016 276 2073 estis
299 2014 331 2071 in
353 2011 428 2072 diem
451 2013 651 2074 redemtionis.
695 2011 733 2072 Et
747 2031 868 2072 rursus:
892 2012 1012 2074 Soliciti
1030 2032 1155 2074 seruare
1167 2019 1314 2078 unitatem

94 2115 234 2194 Spiritus
256 2117 289 2173 in
311 2111 430 2194 oinpulo
452 2116 546 2193 pacis.
590 2111 632 2172 Ad
655 2111 858 2191 Philippenses
881 2131 950 2174 sero
968 2113 1041 2174 baec
1062 2113 1313 2175 confidentissime

94 2215 213 2276 scribit:
247 2214 327 2286 Quid
348 2211 451 2274 enim?
479 2215 548 2274 dum
576 2217 657 2274 amni
681 2213 767 2276 moda
797 2217 859 2274 sive
885 2231 941 2290 por
972 2217 1154 2274 occasionem
1175 2217 1327 2292 simper.

94 2321 256 2380 ueritatem
279 2315 416 2378 Christus
439 2317 655 2383 onrsnnoietnr,
689 2325 717 2376 st
745 2319 776 2376 in
799 2312 1003 2392 despondeo,
1036 2313 1087 2374 sed
1114 2323 1142 2374 et
1168 2313 1312 2391 pendebo.

97 2418 167 2478 Scio
192 2420 281 2487 enim,
312 2420 383 2496 qnia
411 2416 465 2476 loc
486 2415 559 2476 mili
577 2419 734 2494 proveniet
756 2415 795 2474 od
815 2413 942 2476 salutem
960 2431 1019 2493 por
1040 2422 1173 2476 nestram
1196 2418 1313 2476 oratio-

98 2536 169 2578 nem
191 2525 220 2577 et
241 2517 544 2580 subministrationem
565 2516 699 2596 Spiritus
721 2515 791 2576 Iesu
814 2515 941 2590 illusisti,
974 2514 1136 2576 secundnm
1158 2525 1313 2594 suspecta-

99 2623 214 2682 tionem
236 2627 264 2680 et
282 2637 363 2698 spem
384 2638 487 2690 meonn
511 2622 579 2700 quia
600 2622 633 2678 in
655 2616 740 2680 nullo
763 2605 946 2696 confundar.
989 2616 1044 2676 Et:
1074 2615 1137 2677 Nos
1159 2621 1236 2678 enim
1259 2635 1313 2678 su-

95 2739 165 2782 mns
189 2723 390 2792 circumcisio,
421 2724 472 2800 qni
492 2720 625 2800 Spiritui
644 2717 702 2780 Dei
722 2721 868 2780 servimus
897 2729 926 2780 et
946 2695 1116 2797 pluriamur
1138 2721 1169 2779 in
1192 2717 1396 2780 cortisanos.

98 2823 180 2884 lusu.
211 2815 262 2882 'Et
283 2821 319 2882 od
335 2820 634 2884 Thessalonicenses:
657 2820 761 2900 Itaque
775 2823 828 2900 qni
839 2822 963 2898 spernit,
986 2836 1049 2880 non
1064 2817 1211 2880 bominem
1225 2836 1314 2898 sper-

99 2928 155 2994 nit,
179 2924 229 2985 sed
249 2922 355 2994 deum,
378 2923 501 3002 quidet
524 2921 672 3002 Spiritum
687 2929 823 2981 sanetum
844 2939 931 2982 snum
952 2924 985 2981 in
1007 2920 1100 2981 uobis.
1144 2919 1223 2980 Haec
1242 2920 1314 2980 item

103 3022 139 3082 ad
161 3021 310 3084 Hebraeos
333 3024 449 3086 scribit:
472 3023 537 3086 Hoc
558 3022 746 3102 sipnificonle
768 3020 888 3101 Spiritu
911 3031 1023 3091 sancto,
1045 3021 1185 3082 nondum·
1197 3038 1314 3100 propc-

104 3123 196 3184 lotam
216 3143 278 3187 esse
299 3136 475 3186 sanctornm
497 3128 575 3186 viam
596 3123 692 3185 adbuc
711 3125 817 3201 priore
839 3119 1030 3184 tabernaculo
1054 3121 1177 3183 labente
1191 3131 1313 3183 stolum.

96 3313 189 3361 babent
215 3305 261 3358 καὶ
289 3304 420 3374 paldram·
444 3301 541 3358 πάλιν·
567 3301 612 3357 ἵνα
639 3317 683 3358 etc.
735 3309 871 3371 Scripturas
896 3315 979 3357 tentus.
1016 3306 1127 3356 Ottobon.
1147 3301 1176 3354 τί
1190 3299 1245 3370 γὰρ
1264 3295 1315 3356 tin.

96 3380 192 3430 ibidem
212 3395 256 3442 pro
281 3379 317 3428 bis
335 3380 413 3428 serbis
432 3361 464 3425 οὗ
482 3372 511 3426 δὲ
530 3371 560 3425 τὸ
578 3375 684 3442 πνεῦμα
735 3363 1081 3424 ntttecedistcidiiinuc.
1117 3375 1316 3425 bloxGobterinn.

94 3441 211 3514 κυρίου,
236 3447 294 3508 Rau.
317 3445 339 3496 2.
366 3447 436 3495 babet
465 3430 497 3493 ab
525 3440 555 3494 δὲ
583 3437 682 3512 κύριος.
736 3443 838 3492 tetetm.
853 3443 873 3492 1.
893 3451 915 3490 et
933 3443 1030 3503 Segaor.
1049 3433 1176 3504 ἀληθείᾳ·
1194 3436 1317 3508 Χριστὸς

96 3519 160 3566 llcm
180 3515 236 3562 ibid.
257 3515 312 3576 fleg.
326 3515 347 3564 l.
367 3523 389 3562 ct
407 3515 478 3574 chu.
496 3507 551 3562 ἐκεῖ
566 3515 684 3563 amittant.
735 3502 789 3578 γὰρ
806 3505 1019 3575 καταγγέλλεται.

94 3585 150 3632 blox
181 3583 252 3630 iidem
279 3573 331 3648 ὅρα
357 3575 386 3630 dt
411 3580 476 3634 nodo.
512 3582 556 3630 Alii
583 3592 607 3631 ol
629 3581 685 3630 odili
771 3611 791 3660 k·
811 3613 851 3661 Sic
869 3611 957 3674 new.
976 3611 1075 3673 segm-
1094 3612 1315 3663 contrement.
1351 3607 1353 3612 ·

95 3644 185 3718 “³:²⁶²“
202 3647 289 3726 ”fifh
737 3689 760 3728 el
777 3681 866 3742 sugite.
900 3685 928 3728 nt
951 3680 1007 3741 fleg.
1027 3679 1049 3727 2.
1074 3679 1146 3728 basil.
1170 3680 1272 3729 b'clckm.
1292 3677 1316 3728 2.

130 3735 156 3780 ὅ·
183 3729 229 3764 '‘⁰“
251 3713 332 3764 nam
355 3719 423 3767 ”ben
440 3734 452 3765 ¹¹
471 3718 527 3778 ΗΘΒ·
548 3718 569 3767 Ῑ’
588 3717 685 3777 segue*
735 3742 907 3816 napudoninr.
951 3747 1012 3796 Edili
1039 3741 1218 3814 napudonior.
1265 3747 1317 3798 blot

95 3785 201 3838 Gcbler.
225 3793 248 3833 et
269 3786 372 3834 Fclclem.
393 3786 414 3834 l.
449 3785 644 3858 lbidcmliegins
662 3782 686 3832 ².
737 3817 805 3866 verba
824 3807 868 3862 ὅτι
884 3807 914 3861 ἐν
928 3805 1018 3862 οὐδενὶ
1036 3806 1256 3882 αἰσχυνθήσομαι
1270 3813 1317 3865 :de-

94 3849 165 3904 iate
182 3844 282 3911 ''lm‘-
737 3891 793 3933 sont
816 3884 839 3931 in
864 3883 967 3932 Gobler„
984 3892 1007 3931 ct
1025 3881 1127 3932 Fslckm.
1148 3883 1169 3932 l.
1188 3885 1227 3947 qai
1246 3883 1317 3934 iidem

94 3921 243 4040 Fsldltnlszfl:
260 3912 688 4052 ἓπέζὴιῖκυιιὶὺὲἒέῧνᾞειὲξοιέι
737 3951 918 4068 ΐὲἑὲἷᾞῑῖ
936 3943 981 3998 καὶ
995 3946 1234 4000 Θεσσαλθναὲὕπ
1255 3944 1269 3998 ὅ
1288 3945 1319 3999 di

94 4049 134 4124 μὴ
158 4049 257 4114 iunias
276 4066 319 4106 etc.
355 4057 415 4107 ibid.
434 4042 457 4103 ε]
474 4055 542 4102 abest
559 4051 687 4128 sbbnglic.
737 4085 804 4136 θεοῦ
847 4087 937 4136 Ibidem

98 4127 156 4174 Mox
168 4123 223 4184 ch.
234 4122 257 4172 2.
268 4132 292 4173 et
303 4125 370 4186 ingl.
390 4117 436 4171 dode
451 4113 539 4181 'lnood
555 4119 688 4184 Xpoaaoo.
807 4125 812 4136 ·

97 4191 179 4308 1²³³an
203 4199 259 4255 post
275 4193 374 4254 Septies.
393 4192 489 4242 Goblcr.
508 4197 531 4239 et
548 4188 688 4239 istebat.

114 4271 210 4320 mnas.

136 4330 154 4377 i.
173 4327 271 4378 Goblcr.
290 4337 313 4378 st
330 4327 434 4398 Felcbm.
455 4327 477 4376 l.
494 4318 540 4373 uui
555 4320 687 4382 tholman-
771 4323 787 4372 l.
805 4323 860 4386 fleg²
872 4325 894 4374 l.
912 4324 1044 4388 ctSsgoer.
1062 4323 1148 4374 codro.
1173 4321 1245 4371 Pania
1262 4322 1318 4378 post

100 4389 187 4448 οἵοις·
209 4389 236 4442 τί
248 4405 294 4445 etc.
327 4395 418 4445 ibidem
437 4395 508 4444 iidem
527 4405 550 4445 sl
563 4393 649 4455 tlepl.
665 4400 689 4441 et
737 4381 1137 4456 proitoflcp.2.,otssssii.ini.
1172 4383 1316 4462 lpempouio

99 4465 205 4526 Seposr.
223 4456 252 4510 τί
267 4457 321 4530 peip
328 4480 339 4524 ;
355 4457 425 4523 πλὴν
442 4454 485 4511 ὅτι
502 4470 527 4512 ut
545 4471 568 4512 ct
584 4463 687 4514 Graccus
738 4467 793 4524 pasl
811 4460 866 4523 liep.
888 4461 909 4512 i.
928 4470 952 4512 ct
968 4461 1066 4524 Sepoer.
1084 4450 1295 4512 ἆξιωθησὲσθαῑ-

942 4019 1021 4069 Ottob.
1033 4033 1086 4068 mcx
1096 4013 1124 4066 oi
1139 4011 1168 4068 lv
1185 4011 1318 4086 πνεύματι

963 4081 992 4135 dl
1015 4095 1069 4137 unte
1093 4081 1318 4154 διαμαρτυρεῖται

737 4163 846 4284 {lampasi
874 4152 1020 4221 τοιγαροῦν
1044 4156 1111 4206 obest
1135 4172 1148 4205 s
1173 4159 1228 4220 lieg.
1249 4156 1271 4204 1.
1295 4161 1318 4201 et

1203 4892 1539 5002 «ΑΨ
