2872 5046
345 177 461 221 coarat
474 177 691 222 maturantur
707 179 793 223 eman
808 180 829 223 r.
1126 167 1184 230 sut

21 349 110 392 onem
134 337 164 391 et
183 327 439 408 participationem
461 330 609 408 perlectae
630 329 768 392 novitatis
783 330 916 393 Christi?
959 331 1018 394 Sed
1040 331 1113 393 nihil
1127 349 1274 394 nonnose.

21 431 130 494 timenti
159 430 251 503 estis,
279 437 314 491 ut
339 447 427 491 unam
457 431 583 510 negandi
605 432 783 494 sententiam
805 433 967 495 adornetis.
1011 432 1050 494 llt
1070 432 1190 513 quidem

21 551 98 594 mam
121 530 296 593 definientes
320 549 383 592 eam
406 531 496 592 modo
518 531 708 612 insipientem
730 535 900 607 nominatis,
914 535 1014 596 modo
1036 543 1189 615 peccatum

21 635 141 696 homine
163 633 344 706 subsistens,
368 631 491 706 eandem
513 633 670 712 aliquando
692 643 726 696 ut
745 636 857 716 peceati
876 645 1030 716 auctorem
1053 635 1190 699 elimina-

21 787 23 802 ‚
56 743 87 796 et
116 753 233 798 caruem
257 753 336 797 nunc
357 734 475 814 quidem
497 735 672 808 increatam,
702 754 781 797 nunc
804 737 978 810 caelestem,
1002 739 1091 800 modo
1114 757 1189 800 con·

25 836 194 899 stantialem
215 836 324 909 Verbo,
346 844 380 898 ut
399 838 559 915 perfectam
581 837 665 900 vobis
688 838 875 916 negationem
898 839 1029 901 firmetis.
1074 840 1113 902 Ut
1133 857 1190 902 au·

21 961 24 998 t
50 937 137 998 Arius
165 938 267 1018 lapsus
296 955 312 998 a
341 937 399 999 lide
427 936 458 999 in
487 937 666 1000 ineffabilem
695 947 726 1001 et
752 939 936 1000 verissimam
958 939 1022 1002 Filii
1045 960 1081 1002 ex
1102 941 1190 1004 Patre

24 1039 188 1100 arationem
216 1037 385 1118 passionem
415 1047 445 1100 et
467 1039 629 1102 sectionem
652 1047 683 1100 et
704 1040 843 1102 effluxum
866 1048 1052 1102 commentus
1075 1049 1135 1115 est,
1157 1051 1192 1104 ut

45 1141 137 1220 impia
165 1139 254 1200 verba
284 1157 352 1214 eos,
382 1139 432 1220 qui
461 1139 583 1202 minime
604 1139 682 1202 tirml
704 1149 804 1216 erent,
838 1140 868 1202 iu
891 1141 1006 1202 foveam
1027 1139 1191 1219 iniquitatis

21 1241 184 1320 ecipitaret‚
207 1258 274 1302 nam
298 1258 332 1302 os
354 1240 498 1306 scelerati
515 1242 607 1320 foveo
625 1241 804 1322 prosutrdu3
826 1242 870 1304 sic
891 1259 1012 1303 rursum
1034 1239 1191 1329 Sabellus,

45 1342 130 1401 linxit
153 1340 257 1401 Filium
288 1339 355 1401 sino
380 1339 533 1419 hypostasi
562 1360 631 1403 esse
660 1350 690 1403 et
711 1341 855 1421 Spiritum
879 1351 1014 1404 sanctum
1037 1342 1103 1404 sine
1126 1341 1190 1403 exi-

21 1443 93 1516 rtia,
116 1441 225 1520 alioqui
248 1439 423 1502 divisionem
444 1439 567 1504 Deitatis
590 1460 624 1505 ac
642 1443 855 1522 principiorum
880 1459 1043 1522 eorumque
1065 1459 1191 1504 enume-

24 1561 114 1604 onem
144 1541 242 1602 induci
272 1541 459 1618 criminatus,
492 1543 608 1604 ludatca
638 1539 956 1606 sententiohrmatur.
1000 1543 1051 1605 Sic
1072 1561 1192 1624 quoque

21 1645 153 1706 richaeus
181 1641 376 1704 incarnationi
406 1650 436 1703 et
462 1643 636 1706 humanitati
665 1643 829 1706 a.Domino
853 1651 1003 1706 assumtae
1024 1645 1113 1708 iidem
1133 1663 1190 1707 ne·

22 1766 37 1806 s
60 1743 172 1824 impius
196 1743 318 1806 omnino
341 1744 449 1818 evasit,
479 1744 561 1806 aiens
583 1745 735 1807 hominem
758 1743 874 1806 duobus
897 1745 1051 1807 subiacere
1074 1744 1191 1824 opifici-

28 1894 36 1921 ,
70 1845 149 1908 malo
180 1851 210 1904 et
235 1842 327 1905 hono.
371 1843 413 1904 lta
442 1863 560 1924 quoque
587 1859 640 1907 uos
669 1845 715 1907 vel
737 1853 771 1906 ut
791 1835 989 1926 sycophantae
1011 1846 1088 1908 duos
1111 1844 1189 1918 lilios

42 1947 200 2010 admittere
222 1944 330 2018 dicitis,
352 1945 398 2004 vel
419 1963 477 2005 nos
499 1945 630 2008 hominis
653 1947 782 2008 cultores
805 1947 916 2008 vocatis
939 1963 1055 2024 nosque
1077 1945 1189 2025 peccati

21 2049 152 2121 mutatis,
175 2045 264 2125 idque
286 2063 347 2107 non
370 2063 405 2106 ex
426 2045 536 2124 pietate
557 2045 661 2123 agitis,
684 2047 738 2108 sad
759 2053 793 2106 ut
813 2046 908 2107 errori
930 2054 1031 2106 vestim
1054 2065 1109 2124 per
1130 2047 1189 2108 im-

21 2153 53 2214 ha
75 2155 247 2212 commenta
269 2146 384 2207 felicem
407 2164 599 2225 progressum
621 2147 732 2224 paretis
755 2153 786 2205 et
805 2153 838 2206 ot
852 2144 951 2222 impiis
965 2145 1074 2208 vestris
1089 2146 1188 2207 uerbis

21 2271 98 2314 rmus
122 2247 266 2312 avertatis
289 2265 305 2308 a
327 2245 394 2306 tide.
440 2246 500 2307 Sed
522 2255 620 2307 nmen
635 2245 688 2306 liei
709 2244 932 2307 tundamentum
947 2245 1102 2309 immotum
1117 2265 1189 2326 per·

21 2362 65 2414 ret
86 2347 261 2412 huiusmodi
283 2346 380 2426 sigillo
403 2347 602 2427 obsignatum.

50 2657 102 2717 tt.
147 2651 227 2714 llaec
253 2651 289 2714 ad
318 2657 347 2712 to
378 2650 502 2730 scripsi.
535 2649 641 2711 dilecte
663 2649 793 2724 (tametsi
814 2647 888 2710 nihil
910 2647 1036 2727 amphus
1057 2647 1191 2711 scrihere

21 2775 43 2818 ts
72 2761 153 2827 erat3
182 2753 291 2819 sufficit
318 2770 445 2830 namque
466 2749 639 2830 Euangeliou
667 2750 813 2828 traditio),
843 2757 906 2811 tum
940 2748 1009 2828 quia
1030 2748 1068 2812 de
1088 2755 1192 2810 nostra

21 2883 24 2912 t
46 2854 248 2931 interrogasti,
271 2860 334 2914 turn
357 2870 460 2914 eorum
482 2869 585 2926 causa,
606 2852 657 2932 qui
678 2850 854 2913 commentis
877 2850 940 2913 auis
962 2857 1111 2930 nugantur
1132 2867 1189 2910 no·

21 2981 24 3012 =
52 2955 183 3032 cogitant
211 2972 295 3028 eum,
325 2953 375 3033 qui
404 2972 439 3015 ex
468 2953 590 3033 proprio
618 2953 750 3032 loquitur
778 2937 896 3024 auimo,
924 2951 1078 3014 mendacia
1098 2949 1275 3030 loquiano.

21 3076 69 3136 pue
97 3055 176 3117 enim
204 3055 249 3116 vel
277 3053 504 3134 pulcritudinem
532 3053 575 3114 vel
604 3052 727 3132 gloriam
751 3052 887 3132 corporis
909 3051 1021 3114 Christi
1043 3053 1190 3115 humanus

21 3158 133 3219 illectus
156 3157 321 3236 exprimere
342 3164 453 3236 potest,
476 3154 529 3218 sed
550 3171 626 3234 quae
648 3162 730 3233 gesto
753 3163 824 3222 sunt
844 3160 935 3233 prout
949 3151 1060 3233 scripta
1074 3151 1189 3214 haban-

43 3259 178 3324 coniiteri
206 3259 298 3333 rdet,
327 3275 443 3320 necnon
470 3273 574 3318 aarum
596 3253 690 3318 licum
717 3254 768 3335 qui
798 3254 992 3316 estadorare
1014 3251 1190 3334 ingloriam

21 3360 229 3422 unlessiooem
245 3358 481 3423 mansuetudinis
496 3356 562 3419 eius
577 3363 608 3418 et
621 3357 652 3420 in
668 3373 754 3438 spem
769 3355 872 3418 salutis
888 3363 1009 3418 nostrae
1025 3354 1056 3417 in
1071 3354 1190 3417 Christo

21 3461 184 3522 uliomino
206 3471 320 3524 nostro.
364 3465 468 3522 Arnen.

20 3662 42 3702 r,
63 3647 106 3696 sad
126 3648 181 3696 huic
201 3648 297 3696 lectioni
315 3648 437 3712 antiquam
456 3645 553 3710 prasio·
603 3645 694 3706 narol.
730 3645 793 3696 ttdtn
811 3659 866 3695 tero
886 3651 908 3694 et
926 3643 967 3695 alii
987 3635 1125 3710 ἇγαπητέ,
1150 3655 1191 3690 re-

21 3717 65 3763 tem
90 3715 207 3762 donimus.
245 3703 554 3764 rotroni-natones&-
606 3713 827 3764 etiusntuidetur.

21 3775 167 3847 taoloirpur
183 3790 279 3832 aoratos
298 3783 372 3831 luisse
390 3781 552 3845 ahhpollioa·
638 3782 662 3832 h.
680 3782 721 3831 Sic
738 3781 808 3830 Basil.
827 3780 917 3842 haalim
936 3779 1035 3841 Saguer.
1054 3776 1151 3828 Gahlar.
1170 3785 1194 3826 et

21 3860 151 3901 attestatur
170 3851 352 3910 crannonem
370 3851 443 3914 Epist
456 3851 485 3898 ad
497 3850 553 3898 Cla·
604 3849 747 3898 folchml.
784 3847 845 3898 Editi
870 3837 903 3895 οὗ
922 3839 1011 3902 δόξαν.
1050 3845 1192 3907 MoxSegu.

25 3935 63 3967 nm
83 3915 132 3983 [ed.
153 3919 244 3967 norat.
263 3917 359 3966 Toml.
380 3916 501 3980 pamm.
521 3941 553 3951 --
603 3909 733 3982 σώματος
749 3914 824 3964 θεοῦ.
862 3916 1000 3965 Gohlerion.
1020 3913 1157 3964 etFelclrm.
1170 3912 1192 3961 l.

23 3987 110 4036 decadi
131 3987 198 4036 Tam.
211 3985 238 4034 tt.
259 3999 281 4048 p.
293 3983 334 4034 89.
346 3981 393 4050 E.].
603 3981 671 4032 deaei
688 3975 823 4049 σώματος.
862 3983 938 4034 Paulo
947 3981 1110 4048 postSegner.
1122 3978 1191 4030 Gohl.

34 4058 133 4117 Separor.
150 4055 221 4104 hahet
232 4051 334 4104 κακαῖς.
372 4052 433 4101 Editi
451 4047 553 4106 καλαῖς,
607 4061 629 4100 et
649 4049 836 4100 Frlcltrnoonil.
855 4041 921 4099 land
937 4042 1091 4115 yaatoel'rci.
1128 4042 1191 4094 Editi

21 4139 26 4168 t
52 4125 122 4172 lectio
147 4123 232 4173 eodem
258 4121 320 4170 redit
342 4121 363 4170 si
382 4121 473 4170 ironias
490 4121 554 4170 acci·
607 4109 674 4167 litt
690 4111 745 4187 γὰρ
761 4113 808 4166 καὶ
824 4111 867 4166 τά.
1167 4177 1170 4186 Ι

21 4206 52 4238 or.
90 4191 141 4240 ttox
167 4193 268 4252 Segusa
293 4188 390 4238 Gobier.
408 4196 432 4237 ct
450 4187 554 4236 l'elclrm.
640 4189 655 4236 i.
682 4187 747 4236 llaec
774 4187 803 4236 ad
822 4189 894 4236 linem
916 4199 993 4250 usque
1024 4182 1143 4232 hahentur
1166 4191 1190 4225 tn

24 4249 228 4326 ὐπροχώρηιον.
267 4257 330 4307 Editi
354 4265 378 4307 et
402 4255 441 4306 alii
460 4247 555 4319 sinpo-
608 4254 706 4317 Sagoer.
725 4255 822 4306 Gobler.
842 4264 866 4304 et
882 4253 986 4302 Felchm.
999 4251 1036 4312 l.,
1054 4247 1094 4312 qui
1112 4253 1192 4320 tamen

21 4339 98 4380 ntor.
605 4337 654 4372 non
673 4322 762 4372 habant
779 4313 862 4388 ἀμήν,
881 4335 942 4386 quae
961 4324 1053 4368 tantum
1071 4327 1114 4364 uox
1131 4311 1192 4372 legi·

21 4425 23 4435 i
42 4393 141 4452 sepner.
165 4396 264 4446 Gohler.
283 4401 307 4444 ct
325 4393 432 4444 l'elclnt.
447 4391 469 4442 l.
488 4379 555 4456 ἄγα·
604 4398 644 4444 tur
660 4391 683 4441 lu
702 4389 780 4442 attur.
