2872 5046
395 226 647 272 curmontium
663 227 861 274 semeroosu.
1065 211 1072 222 ’
1164 218 1226 284 819

5 377 114 458 flagitio
143 376 234 440 debiti
262 364 473 438 remissionem
494 375 639 440 Dominus
668 375 824 442 declaravit
849 359 901 462 his
926 378 1040 444 verbis:
1071 380 1135 458 Qui
1153 399 1311 448 ueroeru.

1 481 116 542 dicerit
136 480 286 542 aduersos
309 477 460 558 Sutrium
481 488 635 552 edoctum,
664 497 727 542 ασα
754 481 928 544 remittetur
956 484 985 544 ei
1003 485 1153 565 aequeris
1175 485 1229 548 icoc

19 579 122 643 mocio
144 582 293 662 coqueio
314 579 437 658 futuro.
480 577 519 639 Et
538 581 647 641 merito
668 579 802 664 quidem,
831 581 881 661 qui
903 581 983 644 enim
1003 591 1092 663 negat
1111 583 1228 657 Filium,

4 699 91 759 quem
113 697 222 759 rogans
246 678 381 742 obtinere
402 679 514 759 poterit
534 679 800 760 propitiationem?
821 690 872 743 aut
885 701 961 763 quae
975 683 1032 746 rita
1047 683 1095 746 rel
1108 685 1227 766 requies
1264 749 1265 752 ,

1 781 30 840 ei
54 780 243 860 expectanda,
266 780 316 860 qui
338 780 449 860 repulit
469 799 547 854 eum,
571 781 622 860 qui
643 780 729 843 dicit:
751 781 813 862 dyo
835 801 903 845 sum
922 789 995 854 otto,
1018 793 1049 847 et
1072 785 1172 851 Venite
1189 787 1229 852 od

32 901 48 942 e
70 899 189 953 omues,
212 886 266 964 qui
284 881 435 944 iodorots'e
457 891 487 944 et
508 885 632 946 onerati
650 887 730 952 estre,
754 893 783 945 et
804 900 856 961 eoo
878 883 1012 964 reficiam
1032 884 1110 948 cosi
1154 885 1227 948 Cum

5 981 94 1059 igitur
117 982 166 1043 isti
187 980 247 1044 hoc
268 983 357 1045 modo
379 1001 493 1063 poenas
508 982 600 1056 luant,
622 973 813 1063 perspicuum
829 982 927 1056 suerit,
951 1001 1016 1058 eos,
1038 984 1088 1063 qui
1103 985 1144 1067 pii
1157 994 1229 1048 suut

7 1099 70 1160 rga
93 1081 243 1146 Christum
267 1092 296 1146 et
318 1083 367 1163 qui
390 1093 447 1146 tam
472 1083 634 1146 secundum
658 1101 775 1146 carnem
798 1101 885 1162 quam
904 1082 1068 1145 secundum
1090 1087 1227 1166 spiritum
1235 1098 1316 1146 rou.

1 1201 71 1244 eum
94 1184 219 1248 adorant
246 1203 302 1247 nec
331 1202 398 1246 eum
420 1183 525 1246 Fiiiuna
548 1184 600 1246 Dei
623 1185 761 1264 ignorant
790 1201 859 1246 esse
885 1202 941 1245 uec
960 1183 1066 1245 Filium
1095 1186 1228 1252 hominis

13 1291 112 1346 actum
134 1304 200 1348 esse
223 1293 341 1364 negant,
364 1303 466 1348 rerum
489 1286 577 1347 etiam
593 1285 718 1348 credunt
737 1284 825 1346 iiiud:
847 1284 886 1348 iu
900 1286 1054 1367 principio
1070 1296 1137 1349 croi
1154 1285 1229 1349 Ver-

6 1405 81 1457 om,
104 1395 135 1447 et
158 1385 285 1450 Verium
307 1405 378 1449 coro
400 1389 517 1467 scotum
540 1399 600 1457 est.
622 1395 799 1465 regnaturos
821 1392 974 1448 aeternum
996 1384 1028 1447 iu
1050 1386 1137 1450 caelis
1159 1405 1230 1448 esse

5 1487 168 1549 eoundum
190 1497 307 1550 sanctas
329 1487 424 1567 ipsius
446 1487 564 1550 Domini
589 1495 619 1551 ei
640 1487 801 1550 Salvatoris
823 1487 919 1549 nostri
940 1487 1009 1550 iesu
1030 1486 1139 1550 Christi
1160 1487 1229 1569 poi·

11 1587 197 1661 iocationes,
226 1589 276 1668 qui
299 1589 353 1650 ait:
382 1589 473 1652 ibunt
495 1591 611 1672 quidem
632 1589 684 1652 iiii
701 1594 735 1652 ic
755 1588 940 1670 supplicium
960 1597 1134 1660 oeternum,
1155 1589 1234 1651 iusti

6 1693 158 1752 utemur
179 1693 273 1750 oitom
294 1701 458 1753 aeternare.
503 1691 583 1752 iiaec
603 1689 705 1771 paucis
727 1689 779 1751 tibi
807 1697 842 1751 er
871 1688 924 1772 iis,
954 1707 1029 1770 quae
1056 1688 1227 1762 didiceram,

0 1789 121 1868 cripsi.
166 1790 211 1851 Tu
232 1809 304 1852 roro
327 1809 386 1852 uon
408 1801 442 1853 ut
462 1794 622 1872 perfectam
645 1791 825 1863 doctrinam,
856 1791 908 1852 sed
936 1797 1050 1853 tantum
1077 1799 1112 1852 ut
1140 1809 1228 1852 oooa-

0 1890 121 1952 ionem
143 1907 160 1951 a
182 1908 230 1952 me
253 1890 305 1952 tihi
327 1892 424 1954 daiam
447 1893 556 1974 accipe.
600 1892 703 1954 Restat
729 1891 782 1952 tibi
811 1899 844 1953 ut
869 1891 1081 1953 accuratiorem
1104 1897 1228 1954 sentcn-

11 1993 74 2053 iam
101 2009 137 2053 ex
157 1991 332 2072 Evangeiico
366 1993 444 2054 dicto
467 2002 497 2055 et
519 2012 553 2055 ex
575 1993 700 2055 Psalmis
722 1992 885 2072 decerpens
908 1992 1040 2054 veritatis
1062 1992 1229 2073 manipulos

6 2093 126 2172 liges,
153 2102 187 2155 ut
214 2093 266 2156 tibi
295 2112 414 2173 quoque
441 2093 489 2154 iiia
516 2093 621 2155 ierenti
652 2093 781 2155 dicatur:
812 2091 965 2154 Venientes
987 2102 1088 2153 ostem
1109 2096 1230 2154 venient

37 2214 69 2256 m
92 2194 282 2258 emeitotioue
300 2204 462 2274 portantes
484 2192 658 2272 mourpuioe
681 2211 769 2267 auco,
798 2191 828 2250 in
857 2191 977 2252 Christo
1004 2191 1074 2266 iesu
1100 2189 1229 2252 Domino

20 2305 126 2368 ostro,
157 2313 211 2373 per
240 2309 328 2372 quern
357 2301 386 2353 et
414 2279 480 2353 cunr
502 2310 561 2370 quo
583 2291 663 2352 Patri
685 2298 715 2352 et
736 2307 794 2352 uuo
815 2288 938 2378 Spiritui
960 2297 1063 2354 saucio
1085 2291 1178 2370 gioria
1199 2297 1230 2352 et

1 2395 161 2476 imperium
181 2393 210 2453 in
233 2391 348 2453 saecula
370 2392 567 2454 saeculorum.
610 2391 714 2453 Arnen.

14 2613 60 2664 diti
80 2625 137 2660 vero
155 2603 170 2658 d
189 2602 247 2664 otte
263 2612 342 2661 minue
366 2620 439 2663 recte.
475 2611 526 2662 iiox
543 2607 592 2660 eei
613 2645 615 2650 .
640 2612 794 2662 Feieirnonui
810 2611 831 2662 i.
849 2603 1011 2678 ἐπαγγελίας
1025 2611 1076 2662 τοῦ
1093 2612 1225 2678 σωτῆρας,

12 2689 52 2732 ost
73 2671 142 2728 ἄλλά
165 2681 234 2732 deest
257 2681 279 2729 in
304 2680 394 2741 ingiie.
435 2680 510 2732 Penio
534 2691 590 2745 post
641 2679 739 2730 oruienie
759 2680 821 2730 riiie.

16 2764 57 2810 eg.
85 2757 109 2796 et
126 2749 226 2809 Seguer.
243 2740 442 2810 βασιλεύσουσι.
487 2749 548 2798 iiiiii
567 2755 590 2798 et

0 2818 37 2866 iii
60 2810 261 2878 βασιλεύσασιν.
307 2815 396 2866 ibidem
422 2816 478 2878 neg.
503 2823 528 2866 et
545 2815 588 2864 Se·

0 2899 66 2932 uer.
86 2876 135 2929 καί
156 2891 211 2932 rute
233 2875 303 2930 κατά
329 2884 400 2932 maie.
435 2883 526 2934 ibidem
545 2883 590 2931 Se-

0 2964 66 2998 uer.
89 2949 157 2998 scius
175 2939 348 3012 ἀπαγγελίας.

30 3016 55 3065 d.
77 3015 143 3064 iiaec
158 3006 246 3074 'iudei
263 3014 389 3080 Χριστοῦ
414 3031 462 3066 uon
486 3024 543 3067 sunt
566 3017 591 3067 in
677 3018 694 3066 i.
718 3017 758 3067 Sic
781 3017 837 3076 iios.
866 3021 889 3063 et
912 3013 1012 3094 Sessner.
1055 3015 1082 3063 iu
1106 3014 1176 3063 editis
1205 3021 1230 3063 et

0 3083 71 3134 ditis
92 3090 116 3131 et
133 3081 156 3132 iu
175 3083 317 3146 quibusdam
334 3097 403 3144 ross,
420 3084 592 3134 sedissioentur
642 3083 696 3134 aiiis
714 3084 783 3134 deest
799 3075 833 3132 δι’
854 3067 886 3131 od
902 3094 956 3129 και.
986 3071 1229 3147 iioxproiifsoiieg.

7 3153 94 3213 ·iieg.
114 3160 138 3202 et
155 3151 311 3212 Segueriono.
347 3151 438 3202 ibidem
452 3152 550 3204 Gobier.
569 3159 593 3202 et
643 3159 667 3202 et
683 3151 782 3214 Segner.
802 3147 852 3199 σῦν
869 3150 965 3200 habent.

676 2795 696 2830 o.
715 2781 773 2843 iios.
797 2781 896 2842 Segner.
923 2779 1022 2832 Gobier.
1045 2787 1069 2830 et
1085 2779 1191 2830 Feieirn.
1205 2781 1228 2830 i.

642 2838 843 2915 ἀκριβεστέραν.
880 2847 942 2899 Editi
966 2856 990 2898 et
1013 2847 1054 2898 aiii
1072 2837 1230 2914 ὢεριβεστά-

641 2928 700 2975 την.
