3054 5304
227 212 290 277 660
567 193 571 210 ’
623 230 650 272 ο.
665 227 819 272 numen
833 225 1055 271 ετοειεωεουνι

9 372 10 396 ’
79 407 83 416 ·
139 375 322 457 ι».οιο.τός’).
360 376 573 464 ἐκπληρώσας
588 375 650 464 γὰρ
664 375 723 464 τὴν
737 372 917 459 ὑπόσχεσιν
933 373 1069 452 εἰκότως
1082 369 1264 453 ὑπέδειξεν,
1289 370 1335 452 ῶς
1350 363 1474 457 οὗτός

226 478 316 547 ἐστιν
339 477 375 546 δν
397 473 507 546 ἐἶπεν
529 472 738 546 ἀποστεῖλαι.

311 586 361 648 34.
408 577 456 646 Τὸ
488 586 598 647 τοίνυν
632 578 879 667 συναμφότερον
913 580 1041 662 νοοῖμεν
1063 573 1227 662 Χριστόν,
1262 574 1363 662 λόγου
1403 581 1472 648 τὸν

223 688 323 750 θεῖον
349 677 516 770 ἡνωμένον
542 685 590 768 τῷ
613 680 648 748 ἐκ
668 669 807 769 Μαρίας
829 679 863 747 ἐν
885 683 925 767 τῇ
948 685 1081 766 Μαρίᾳ.
1127 677 1161 744 ἐν
1182 675 1244 764 γὰρ
1266 681 1306 764 τῇ
1329 679 1472 770 ταύτης

224 783 319 872 νηδύϊ
349 778 366 848 5
396 782 492 869 λόγος
514 781 621 870 ἐαυτῷ
641 782 699 850 τόν
721 778 810 849 οἰκον
833 781 1054 862 διεπλάσατυ,
1085 778 1121 846 όν
1143 778 1271 865 τρόπον
1294 779 1331 860 ἐξ
1352 776 1471 870 ἀρχῆς

223 885 282 954 τὸν
300 881 409 969 Ἀδάμ
431 883 465 952 ἐκ
486 887 544 976 τῆς
564 887 632 971 γῆς,
654 885 780 969 μᾶλλον
802 885 838 950 δέ
861 888 1052 969 θειοτέρως,
1072 880 1156 967 ,περὶ
1172 870 1211 946 ού
1226 883 1280 947 καί
1289 884 1469 968 Σολομῶν

224 991 345 1076 Ι’φησι,
379 985 438 1053 τὸν
469 985 566 1072 λόγον
599 985 694 1064 εἰδὼς
725 984 781 1052 καὶ
803 991 926 1074 σοφίαν
946 983 1212 1071 χρηματίζουσαν
1235 985 1415 1069 φανερῶς·
1446 983 1467 1072 ἦ

4 1077 5 1154 ἰ
226 1093 331 1176 σοφία
353 1081 563 1176 ᾠκοδόμησα
586 1087 683 1176 ἑαυτῇ
706 1082 841 1167 οἶκονἿ,
873 1083 910 1152 ὃν
931 1084 987 1151 καὶ
1010 1081 1028 1151 5
1052 1080 1243 1162 ἀπόστολος
1264 1084 1466 1172 ἑρμηνεύων

226 1191 330 1278 λέγει·
352 1177 408 1256 οού
429 1183 518 1268 οἶκός
533 1187 629 1274 ἐσμεν
644 1183 777 1274 ἡμεῖς’),
800 1189 853 1254 καὶ
869 1181 1011 1272 ἀλλαχοῦ
1027 1186 1065 1253 δὲ
1079 1185 1158 1253 ναὸν
1174 1188 1419 1274 προςαγορεύει
1431 1195 1462 1270 ¹),

225 1289 350 1382 καθότι
370 1295 502 1378 πρέπον
522 1293 595 1378 θεῷ
619 1289 652 1358 ἐν
674 1293 743 1378 ναηῦ
764 1299 936 1370 κατοικεῖν,
961 1277 1000 1354 οῦ
1020 1289 1075 1354 καὶ
1095 1287 1204 1356 εἰκόνα
1218 1286 1276 1374 τὴν
1292 1287 1328 1355 ἐκ
1343 1290 1460 1358 λίθων

225 1403 300 1473 τοῖς
320 1373 481 1472 παλαιοῖς
501 1392 620 1474 κτίζειν
642 1391 700 1460 διά
710 1391 926 1478 Σολομῶντος
949 1391 1176 1476 ἐπροςέταξεν,
1201 1384 1282 1462 ὅθεν
1297 1393 1357 1478 τῆς
1371 1387 1455 1478 ἀλη-

226 1500 326 1574 θείας
348 1500 507 1582 φανείσης
527 1500 700 1561 πέπαυται
720 1489 739 1582 ἡ
763 1493 867 1562 εἰκών.
904 1493 1104 1579 βουληθεῖσι
1118 1490 1178 1579 γὰρ
1193 1501 1267 1569 τοῖς
1281 1485 1450 1578 άγνιύμοσι

225 1595 285 1682 τὴν
307 1596 416 1663 εἰκόνα
438 1596 546 1674 δεῖξαι
566 1590 738 1684 ἀλήθειαν,
760 1596 819 1684 τὴν
842 1597 879 1663 δὲ
901 1591 1012 1682 ἀληθῆ
1034 1593 1171 1681 οἰκησιν,
1194 1589 1234 1681 ἢν
1255 1595 1309 1659 καί
1330 1595 1443 1660 ἕνωσιν

227 1699 346 1782 σάφιῦς
365 1693 574 1779 πιστεύομεν,
598 1699 763 1778 καθελεῖν,
787 1695 845 1765 ούκ
866 1691 1053 1783 ἠπείλησεν,
1077 1689 1145 1761 ἀλλ’
1170 1692 1269 1774 εἰδιὺς
1288 1691 1326 1772 ύς
1343 1691 1434 1759 αὐτοὶ

225 1790 302 1864 καθ’
328 1796 453 1864 ἑαυτῶν
474 1796 632 1881 τολμῶσι,
655 1801 775 1885 ’φησὶν
797 1795 927 1875 αὐτοῖς·
950 1795 1071 1863 λύσατε
1083 1795 1140 1864 τόν
1156 1795 1236 1863 ναὸν
1250 1799 1362 1874 τοῦτον,
1378 1797 1430 1861 καί

227 1895 262 1965 ἐν
288 1895 397 1984 τρισὶν
424 1891 560 1986 ἡμέραις
582 1897 681 1986 ἐγερῶ
704 1893 850 1980 αύτόνί),
875 1901 994 1988 σαφῶς
1017 1897 1141 1977 δεικνὺς
1163 1893 1181 1963 5
1204 1893 1357 1985 ἡμέτερος
1376 1921 1439 1964 σω·

225 1999 295 2087 τὴρ,
319 1996 364 2079 ῶς
385 1999 427 2066 τὰ
448 1999 534 2089 πρός
556 1995 748 2087 ἀνθρώπων
771 2000 1027 2086 σπουδαζόμενα
1048 1995 1192 2066 αύτόθεν
1216 1999 1282 2083 έχει
1302 1998 1361 2088 τὴν
1376 1999 1448 2066 διά-

226 2103 332 2172 λυσιν.
377 2100 433 2170 ἐάν
465 2101 526 2190 γάρ
559 2102 604 2193 μὴ
631 2102 742 2191 κύριος
770 2103 969 2192 οἰκυδσμὴση
1000 2097 1089 2169 οἰκον
1110 2103 1164 2168 καὶ
1188 2101 1315 2189 φυλάξῃ
1340 2102 1448 2180 πόλιν,

229 2203 276 2284 εἰς
295 2205 401 2293 μάτην
425 2203 606 2274 ἐκοπίασαν
634 2205 666 2273 οἱ
689 2204 938 2290 οἰκοδομοῦντες
959 2202 1015 2270 καλ
1034 2199 1245 2291 ἠγρύπνησαν
1268 2203 1301 2270 οἱ
1325 2205 1454 2292 φυλάσ·

228 2310 380 2387 σοντεςῦ).
417 2307 461 2373 τὰ
480 2309 694 2375 τοίνυν”’τῶν
712 2304 879 2374 Ἰουδαίων
902 2307 1050 2384 λέλυται,
1081 2304 1159 2372 σκιά
1179 2303 1240 2392 γάρ
1262 2295 1320 2392 ἡν,
1352 2306 1396 2374 τὰ
1420 2307 1453 2374 δὲ

226 2409 285 2492 τῆς
313 2405 484 2492 ἐκκλησίας
504 2405 681 2494 ἡδρασται,
715 2411 958 2493 τεθεμελίωται
980 2406 1041 2494 γάρ
1064 2405 1123 2474 ἐπὶ
1143 2405 1202 2496 τὴν
1223 2412 1366 2494 πέτραν,
1403 2413 1453 2476 καί

226 2505 332 2573 πύλαι
353 2503 436 2595 ᾅδου
460 2500 498 2572 οῦ
520 2507 771 2591 κατισχύσουσιν
794 2505 893 2596 αὐτῆς
902 2514 934 2588 ⁷).
966 2508 1097 2577 ἐκείνων
1119 2497 1158 2594 ἡν
1180 2507 1219 2573 τὸ
1234 2509 1357 2594 λέγειν·
1382 2515 1453 2590 πῶς

227 2607 268 2674 σὺ
291 2605 475 2696 ἅνθρωπος
497 2601 542 2675 ιῦν
564 2619 676 2689 ποιεῖς
697 2610 834 2678 σεαυτόν
855 2610 985 2693 θεόν’),·
1022 2609 1148 2678 τούτων
1169 2609 1322 2696 μαθητὴς
1346 2607 1366 2676 5
1392 2619 1453 2679 Σα-

226 2710 390 2793 μοσατεδς
411 2706 561 2796 ὑπάρχει,
585 2706 667 2780 ὅθεν
689 2712 822 2792 εἰκότως
843 2712 885 2779 τὰ
907 2705 984 2800 παρ’
1010 2705 1110 2778 αὐτοῦ
1132 2721 1204 2791 τοῖς
1224 2705 1325 2777 αὐτοῦ
1343 2707 1453 2800 ἀπαγ-

226 2813 342 2899 γέλληι.
380 2806 449 2878 ἀλλ’
472 2807 566 2900 ἡμεῖς
588 2807 646 2898 ούχ
667 2811 772 2893 οῦτως
794 2813 964 2900 ἐμάθομεν
986 2808 1045 2880 τόν
1066 2813 1229 2901 Χριστόν,
1260 2813 1329 2900 εἰγε
1352 2811 1453 2883 αὐτὸν

226 2907 410 3001 ἠκούσαμεν
432 2918 486 2982 καὶ
508 2911 585 3004 παρ’
610 2911 709 2984 αῦτυῦ
733 2915 968 3010 ἐδιδάχθημεν,
992 2910 1202 3001 ἀποθέμενοι
1223 2913 1281 2983 τὸν
1303 2919 1454 2986 παλαιόν

227 3014 413 3116 ἀνθρωποη
434 3017 493 3085 τόν
515 3017 738 3108 φθειρόμενον
759 3018 843 3086 κατὰ
864 3019 925 3099 τὰς
939 3019 1126 3101 ἐπιθυμίας
1140 3020 1198 3105 τῆς
1213 3011 1353 3106 ἀπάτης,
1370 3014 1453 3086 ἀνα-

139 3135 218 3178 ΜΗ·
227 3119 384 3206 λαβόντες
407 3120 443 3186 δὲ
465 3119 522 3186 τὸν
544 3126 624 3188 νέον
638 3121 696 3189 τόν
716 3121 800 3187 κατὰ
820 3120 903 3189 θεὸν
925 3124 1104 3187 κτισθέντα
1125 3119 1159 3186 ἐν
1181 3119 1371 3207 δικαιοσύνη
1393 3117 1449 3185 καὶ

228 3207 379 3308 όσιόιητι
399 3223 476 3305 Ιτῆς
497 3216 689 3309 ἀληθείαςὴ.
723 3222 871 3310 Χριστὸς
885 3193 1061 3308 τοιγαροῦν
1076 3219 1115 3286 τὸ
1131 3221 1376 3310 συναμφότερον
1389 3215 1441 3286 εό-

228 3323 334 3406 σεβιῦς
356 3325 535 3398 νοείσθω,

313 3425 363 3488 35.
408 3419 450 3486 Εἰ
479 3422 515 3487 δὲ
540 3424 594 3490 καί
621 3423 661 3490 τό
689 3429 785 3510 σῶμα
806 3427 899 3493 καλεῖ
918 3425 1092 3506 πολλαχοῦ
1114 3419 1133 3510 ἡ
1156 3423 1266 3512 γραφη
1290 3419 1440 3508 Χριστόν,

227 3513 284 3600 ῶς
302 3515 380 3585 ὅταν
403 3520 477 3608 λέγη
501 3517 519 3587 5
540 3524 700 3612 μακάριος
721 3533 849 3613 Πέτρος
871 3525 977 3613 ΙΙπρὸς
1000 3525 1183 3612 Κορνήλιον
1206 3525 1363 3594 διδάσκων
1381 3519 1449 3612 Ἰη-

227 3625 307 3690 σοῦν
328 3619 387 3688 τὸν
408 3615 478 3689 ἀπό
500 3626 664 3714 Ναζαρέτ,
696 3625 732 3693 όν
755 3627 879 3714 ἐχρισεν
903 3623 920 3693 5
942 3625 1025 3706 θεὸς
1046 3625 1210 3712 πνεύματι
1232 3623 1369 3716 ἀγίηλω),
1387 3629 1449 3704 ,καὶ

226 3723 329 3791 πάλιν
351 3721 437 3811 πρὸς
455 3719 647 3808 Ἰουδαίους·
666 3723 788 3815 Ἰησοῦν
808 3729 866 3796 τὸν
889 3723 958 3797 ἀπό
981 3729 1146 3816 Ναζαρέτ,
1171 3725 1275 3815 ἀνδρα
1297 3724 1367 3796 ἀπὸ
1389 3741 1449 3797 τοῦ

225 3827 310 3894 θεοῦ
329 3817 609 3916 ἀποδεδειγμένον
632 3828 678 3908 εἰς
699 3824 841 3914 ῦμᾶςἻ,
868 3833 923 3898 καὶ
945 3830 1066 3898 ῑπάλιν
1090 3826 1107 3896 5
1129 3829 1291 3916 μακάριος
1311 3834 1449 3912 Παῦλος

7 638 9 742 λ

6 776 8 892 ί

313 3997 336 4058 1)
356 4001 435 4052 Μωιίι.
455 4002 485 4063 3,
506 4003 544 4052 ίῖ.
630 4001 833 4064 2)Ρτον.9,1.
913 4003 1121 4063 3)Ηε1νε.3,6.
1199 4004 1451 4064 4λ1.(1ω.3,16.

226 4063 252 4123 5)
270 4067 336 4120 Ιοοιι.
355 4069 379 4132 2,
400 4070 438 4120 19.
525 4069 632 4128 6).Ρεο1.
653 4069 699 4120 127
719 4068 892 4138 [1²6.Lx1.]‚
913 4074 936 4124 1.
1013 4073 1039 4134 ῖ)
1057 4073 1137 4122 nauh.
1158 4072 1198 4132 16,
1220 4072 1260 4124 18.
1337 4073 1364 4134 8)
1382 4075 1452 4125 loun.

226 4131 267 4192 10,
287 4133 327 4186 33.
397 4138 423 4198 9)
441 4137 529 4201 Ephes.
547 4137 571 4196 4,
590 4135 698 4190 20-24.
769 4141 810 4202 10)
826 4143 904 4192 Actor.
926 4141 964 4202 10,
984 4141 1024 4192 38.
1095 4141 1136 4200 11)
1153 4143 1232 4193 Δείοτ.
1251 4139 1276 4201 2,
1295 4141 1336 4192 22.

259 4264 281 4298 ε.
299 4253 357 4317 fleg.
376 4261 398 4302 ω
417 4253 514 4312 Seguer.
535 4243 567 4302 δν
585 4243 669 4307 εἰσιν.
897 4276 917 4310 c.
935 4260 1007 4310 Βεείί.
1027 4267 1051 4310 εί
1068 4249 1188 4320 Ana&
1227 4259 1301 4310 Panlo
1317 4261 1452 4325 pontiden

256 4313 279 4362 b.
299 4319 334 4368 Ιῐε
358 4321 414 4380 fleg.
437 4317 536 4380 Seguer.
559 4323 631 4375 Basil.
650 4335 673 4377 ω
690 4328 810 4392 λοςΙῖεευ.
862 4329 951 4390 λυχίίε.
969 4321 1092 4393 καθάπερ
1109 4323 1223 4394 πρέπον.

285 4393 377 4498 λίιίἰάί
392 4389 449 4518 ἡῖξὴ
466 4387 552 4512 ἓέέὴἡζ
563 4385 626 4458 ἔφη’
664 4395 723 4447 n'id‘
741 4397 810 4458 ΛΨ·
896 4429 918 4480 d.
939 4431 994 4494 fleg.
1013 4439 1036 4481 ει
1047 4431 1152 4494 δερμα.
1170 4425 1358 4496 προσέταττεν.
