2872 5046
437 179 582 222 arrsrum
597 181 633 222 ru
649 181 827 226 emeretur.
1174 171 1234 236 859

14 349 24 364 ·
72 327 140 402 sit,
178 345 280 390 rerum
314 336 478 390 creatarum
506 329 561 392 luit
590 331 705 411 opifex,
738 331 805 394 ideo
829 333 859 394 in
883 334 941 394 fine
964 335 1149 398 saeculorum
1171 355 1318 402 remeare.

14 442 128 492 eatam
155 429 272 502 induit,
297 437 329 490 ut
349 448 414 490 eam
438 438 574 510 tanquam
599 441 715 496 creator
735 435 895 504 resarciret
917 444 946 497 et
970 446 1129 515 repararet.
1174 439 1235 500 Nec

14 532 72 592 im·
99 549 158 592 res
184 537 282 592 creata
304 548 367 592 rem
390 539 516 593 creatam
539 541 647 613 posset
662 533 771 596 salvam
787 537 893 606 lacere.
917 538 1163 616 quemadmodum
1180 560 1234 603 uec

14 653 30 692 s
63 639 196 693 creatae
219 649 235 692 a
257 649 290 692 re
312 639 409 694 creata
430 633 608 712 potuissent
629 637 733 708 creari,
757 636 814 700 uisi
829 637 957 700 Verbum
980 647 1097 702 creatur
1118 641 1234 704 luisset.

14 733 147 794 esinant
180 731 271 811 igitur
297 733 438 818 deinceps
460 734 629 814 Scripturas
657 737 781 799 divinas.
801 737 873 800 lalse
903 739 1108 819 interpretari,
1139 760 1234 821 neque

14 823 65 894 ,rt'
79 833 231 895 scaudala
252 833 484 912 simplicioribus
508 837 649 910 fratrum3
680 838 734 899 sed
757 837 783 899 si
806 837 923 918 quidem
946 840 1036 902 velint
1057 843 1234 905 seutentiam

14 945 117 996 utent
140 945 174 996 et
195 934 264 1014 ipsi.
288 933 344 997 nec
365 935 422 996 iam
445 937 536 998 rebus
559 938 667 999 creatis
689 939 789 1018 potius
811 958 898 1019 quam
914 940 976 1000 lleu
1000 942 1132 1004 omnium
1147 962 1233 1006 crea·

14 1037 50 1097 ri
77 1035 229 1099 serviant.
274 1037 326 1098 Sin
350 1056 420 1100 veru
444 1038 474 1099 iu
497 1055 551 1101 sua
573 1057 766 1120 perseuerare
789 1040 939 1119 impietate
954 1021 1076 1114 malunt,
1100 1063 1132 1106 se
1148 1045 1232 1106 sulus

14 1193 16 1200 ,
47 1138 140 1200 imici
163 1138 240 1202 satis
262 1137 405 1212 balaeum,
432 1140 631 1220 mammem
655 1159 717 1204 scu
739 1159 826 1204 secus
848 1161 883 1204 ac
903 1141 1038 1222 ipecmm
1058 1125 1144 1204 Pater
1165 1145 1231 1205 dia-

14 1241 84 1300 ›lus
109 1238 270 1313 strideant,
292 1241 409 1318 quaudo
432 1241 553 1321 quidem
574 1241 648 1326 ilites
670 1243 839 1306 Catholicae
859 1243 1008 1306 Ecclesiae
1029 1243 1081 1304 uei
1103 1244 1232 1308 Verbum

18 1360 101 1404 rum
131 1341 269 1404 cmuium
292 1351 455 1409 createrem
478 1353 508 1405 et
530 1326 666 1423 opificem
689 1363 758 1408 essa
780 1345 930 1424 agnoscit,
959 1345 1129 1424 scimusque
1151 1347 1231 1426 quud

44 1447 217 1523 priucips'c
236 1456 304 1506 arar
329 1443 454 1508 Verium
476 1455 504 1508 rt
530 1445 655 1508 Verbum
681 1457 748 1508 mut
778 1447 863 1528 epau
882 1446 995 1518 Darem,
1030 1446 1127 1526 ipsum
1161 1445 1231 1508 item

14 1550 125 1622 ·0pter
154 1551 291 1606 nmtram
320 1545 445 1608 salutem
466 1547 574 1610 lactum
596 1546 754 1609 aduramus
777 1547 951 1617 huminem.
974 1565 1035 1609 nou
1057 1547 1176 1626 qurideru
1199 1555 1230 1610 ut

14 1645 125 1724 equale
146 1645 183 1710 iu
202 1647 315 1725 aequali
337 1649 444 1710 lactum
467 1667 604 1728 corpure,
628 1648 681 1710 sed
704 1657 738 1710 ut
757 1643 927 1719 Dominum,
950 1648 1002 1728 qui
1024 1649 1101 1710 servi
1120 1649 1231 1728 aceepit

17 1763 146 1818 ruram,
170 1763 287 1810 uecucu
310 1757 343 1809 ut
364 1748 498 1827 upilrcem
522 1759 553 1812 et
574 1757 757 1823 creatorem,
787 1750 839 1830 qui
862 1750 891 1812 in
913 1765 946 1812 re
969 1757 1066 1811 creata
1087 1751 1152 1814 ueri
1175 1769 1229 1811 rc-

14 1851 63 1922 it,
88 1855 122 1909 ut
145 1848 244 1913 emnia
268 1848 298 1910 ia
319 1849 385 1928 ipsa
408 1849 538 1912 liberans
561 1851 703 1925 mundum
727 1851 849 1913 efferret
863 1851 943 1914 Patri
965 1859 1127 1930 cunctaque
1147 1851 1228 1930 peci-

14 1957 114 2016 earet.
138 1950 202 2012 siae
224 1969 301 2030 quae
320 1943 463 2012 in'caelis
486 1952 549 2014 sire
571 1970 646 2032 quae
668 1939 810 2014 iu'terris
834 1959 912 2014 sum
957 1951 1007 2014 Sic
1028 1951 1107 2014 enim
1130 1959 1161 2014 et
1174 1971 1228 2030 pu·

14 2070 118 2114 ¹ruam
140 2052 206 2116 eius
227 2051 416 2132 agnoscimus
438 2051 621 2114 divinitatem
642 2061 672 2114 et
692 2053 889 2132 praesentiam
916 2068 1090 2130 corpoream
1119 2052 1227 2114 mora-

14 2173 80 2226 tus,
105 2152 328 2231 disrumpantur
351 2152 418 2213 licet
432 2152 541 2214 Ariani.
587 2153 686 2214 Saluta
709 2169 822 2223 omues,
845 2152 896 2230 qui
911 2151 1068 2212 [tumim
1092 2146 1312 2216 uostruurisu.

14 2273 102 2319 esum
126 2254 276 2314 Christum
305 2251 438 2330 diligunt.
484 2252 587 2314 Valere
617 2260 645 2313 te
674 2260 704 2313 et
726 2250 1006 2312 memoremuustri
1028 2251 1105 2330 sputi
1128 2249 1227 2312 Demi·

14 2375 74 2419 um
99 2371 169 2414 esse
190 2369 365 2432 precamur,
392 2352 546 2416 carissime
575 2342 702 2432 scrupus
724 2351 920 2431 optatissime.
966 2351 1047 2414 llaec
1067 2349 1173 2423 etiam,
1204 2351 1229 2414 si

15 2473 82 2539 pus
107 2453 205 2526 luerit,
227 2452 367 2518 Hieracae
387 2453 562 2534 presbytero
584 2453 703 2516 recitari
725 2453 871 2534 cupimus.
964 2469 967 2475 ·

15 2811 69 2896 um¹
101 2843 172 2894 litem
191 2857 245 2894 mur
264 2851 288 2892 et
303 2843 400 2894 Gcbler.
420 2839 467 2900 tric
482 2805 595 2888 sulcia-¹
644 2833 730 2906 ἱέρακι
746 2841 908 2892 scribendum.
945 2837 1227 2890 lliceuimilleestllia·

17 2913 61 2975 ἧς.
99 2911 142 2960 tui
160 2918 183 2960 et
200 2911 258 2960 editi
276 2910 363 2960 lrslreut
380 2907 429 2970 τῆς
444 2901 572 2956 καθόλου.
643 2925 697 2968 rar,
721 2923 791 2973 quern
811 2909 889 2958 Ariani
916 2921 961 2956 uua
987 2921 1040 2956 cum
1065 2907 1185 2970 luelplriu·
1205 2913 1228 2952 et

643 2977 725 3026 nullia
743 2977 798 3026 aliis
816 2977 840 3026 in
851 2975 947 3025 exilium
958 2973 1118 3038 proiecerunt,
1137 2983 1227 3022 uiuere

642 3049 679 3094 rat
696 3047 807 3094 lulianus.
827 3043 886 3094 llist.
905 3043 934 3092 ad
955 3042 1084 3092 llcnaclrus
1102 3037 1225 3104 pae38‘l.

641 3111 758 3228 332.ζῖ
777 3117 801 3160 at
818 3109 933 3208 Apologia
952 3109 981 3159 de
1001 3109 1055 3170 lupa
1073 3121 1115 3157 sua
1135 3105 1226 3172 pull.

40 3014 66 3062 d.
86 3011 147 3060 llaec
169 3011 198 3060 ad
216 3011 287 3061 linem
306 3012 392 3060 desunt
410 3009 432 3059 iu
452 3007 590 3071 inplicans.

15 3081 101 3132 bidem
118 3079 214 3140 Seeuer.
233 3070 324 3146 ἱερωιῇ
343 3075 501 3136 habacurtem
520 3068 591 3140 iepra-

14 3149 55 3215 τῷ,
77 3143 169 3198 Gcblar.
188 3155 212 3196 et
230 3147 332 3198 Fulclrm.
346 3147 367 3196 i.
388 3137 490 3211 ilpunc.
520 3145 590 3194 l'arte
