3102 5042
513 235 622 280 orario
640 237 678 280 ra.
696 237 811 281 conrna
825 237 962 282 anunos.
1005 206 1011 218 ’
1261 226 1320 292 oto

109 409 220 473 quoquc
241 389 353 462 filius,
369 385 416 449 rel
443 387 543 467 potius
571 386 638 467 ipsc
664 407 752 450 rarus
779 387 819 450 sit
840 387 933 480 Vilius
961 407 1086 452 necesse
1116 391 1234 502 omnino
1268 402 1324 468 est,
1332 405 1409 450 Pata·

108 503 225 576 propter
247 509 335 574 quem
357 489 470 552 scilicet
491 489 540 551 aiii
563 489 614 552 filii
638 490 812 553 efficiuntur.

187 599 239 662 22.
284 591 465 672 Ceteroquin
487 591 513 652 si
536 591 584 652 ibe
606 609 668 652 non
691 591 730 652 sit
751 591 845 666 tibus,
878 600 908 653 et
930 611 986 654 nos
1008 592 1059 655 tilii
1083 611 1204 668 eumue,
1227 595 1327 675 utique

107 715 164 759 non
186 698 263 760 itlius
285 694 340 758 scd
362 693 459 756 nostri
481 701 565 772 pater
586 693 643 754 erit
664 691 753 756 deus.
796 693 855 755 Cur
877 711 948 772 ergo
971 693 1000 756 id
1022 685 1080 756 sibi
1103 701 1241 776 tanquam
1255 711 1412 776 pro-rau.

108 799 202 879 prium
229 799 278 862 bia
303 796 404 858 verbis
434 793 583 856 vendicat:
613 794 707 856 Potor
733 813 815 858 areas
838 803 869 856 et
891 795 951 875 Epo
974 815 1013 858 ec
1034 795 1151 860 Petra?
1195 799 1226 859 Si
1249 797 1329 862 anim

109 899 269 964 communis
291 899 425 961 omnium
446 905 531 978 pater
553 903 615 970 eet,
643 913 704 958 uon
732 896 797 959 eius
820 895 912 958 solius
936 904 981 958 est
1001 907 1100 977 pater,
1129 917 1226 980 neque
1247 900 1331 982 solos

110 1003 158 1064 itte
179 1020 212 1064 er
231 1001 319 1064 Patra
341 998 440 1062 exirit.
494 997 645 1059 Interdum
668 1005 764 1060 autem
787 1006 925 1060 nostrum
947 997 1034 1060 etiam
1055 1007 1169 1080 patrem
1192 1000 1250 1064 dici
1273 1000 1331 1064 do-

112 1113 164 1178 cet,
186 1103 222 1166 ob
245 1121 330 1166 suam
352 1101 464 1164 scilicet
486 1119 553 1162 cum
569 1108 673 1162 nostra
688 1119 775 1162 carne
791 1101 1040 1164 communionem.
1072 1101 1143 1164 ldeo
1160 1103 1237 1164 enim
1254 1103 1331 1164 vara

110 1205 176 1268 bum
197 1225 265 1270 caro
288 1205 396 1268 iactum
419 1211 482 1276 est,
516 1209 548 1263 ut
569 1201 709 1282 quoniam
730 1201 858 1264 Verbum
881 1211 928 1264 est
948 1202 1057 1278 Filius,
1080 1213 1203 1284 propter
1223 1204 1330 1268 Filium

111 1310 140 1370 in
160 1307 244 1370 nobis
273 1305 453 1368 habitantem
485 1313 590 1366 noster
611 1321 730 1383 quoque
750 1313 835 1384 pater
856 1305 1061 1385 appellaretur.
1105 1303 1195 1381 Nam,
1225 1306 1330 1386 inquit,

112 1413 189 1474 misit
209 1408 358 1491 Spiritum
380 1405 453 1469 rsus
472 1409 524 1468 sui
542 1407 575 1468 in
598 1406 690 1468 cordo
712 1419 823 1470 nostro
845 1405 1021 1470 clamantem
1036 1407 1118 1470 toto
1133 1407 1234 1472 Potor.
1268 1407 1329 1468 ita-

39 1541 44 1548 ·
115 1527 168 1590 qua
187 1509 284 1586 Filius,
305 1508 356 1590 qui
378 1507 409 1570 iu
431 1505 519 1568 nobis
542 1513 599 1578 est,
621 1505 775 1586 proprium
798 1525 885 1568 suum
901 1506 1017 1570 Patrem
1033 1491 1329 1570 invocaos‘nostrum

114 1613 195 1674 etiam
213 1620 326 1694 patrem
349 1629 366 1672 a
386 1608 475 1672 nobis
498 1607 638 1688 appellari
660 1608 803 1670 concedit.
847 1609 1056 1672 Verumtamen
1070 1609 1101 1671 in
1118 1628 1244 1689 quorum
1260 1629 1329 1672 cor-

110 1712 191 1776 dibus
211 1713 305 1777 Filius
326 1731 387 1775 non
410 1718 467 1785 ost,
490 1729 546 1772 nec
568 1709 656 1772 otiam
678 1709 757 1773 beas
780 1730 884 1774 eorum
907 1719 991 1792 pater
1013 1711 1070 1774 dici
1093 1719 1202 1791 potest.
1239 1709 1331 1789 igitur

107 1815 132 1878 si
153 1815 241 1880 bomo
262 1822 387 1896 propter
406 1811 535 1876 Verbum
557 1811 649 1874 Filius
672 1812 795 1886 dicitur,
824 1831 890 1876 cum
913 1822 1047 1888 veterae,
1063 1821 1234 1893 ‘autequam
1256 1811 1332 1873 Ver-

104 1917 174 1980 bum
194 1919 353 1981 humanam
368 1914 563 1978 assumeiseet
584 1923 730 1988 naturam,
753 1914 805 1976 iiiii
828 1917 888 1976 siut
903 1915 1048 1995 appellati,
1071 1915 1193 1976 omniuo
1208 1932 1331 1977 necesse

105 2027 151 2082 ast
171 2019 298 2084 Verbum
320 2017 408 2082 etiam
430 2023 499 2078 ante
521 2033 609 2078 suum
632 2015 788 2078 adrentum
810 2015 916 2079 Filium
939 2016 1042 2078 briaae.
1086 2017 1163 2078 Hinc
1185 2015 1232 2076 ilia
1248 2016 1331 2078 Scri-

103 2129 206 2202 pturae
226 2121 332 2186 amba:
361 2119 456 2183 Filios
478 2121 583 2200 praui,
612 2125 641 2180 et
663 2117 694 2178 iu
715 2117 840 2178 historia
863 2117 943 2179 Noe:
972 2118 1104 2182 Va‘dontcs
1128 2117 1189 2197 filii
1207 2116 1279 2188 uer,
1302 2125 1333 2180 et

103 2223 133 2287 in
156 2225 292 2288 Cantico:
322 2221 474 2304 Numquid
501 2239 563 2284 noa
584 2225 649 2300 a'pse
672 2229 716 2282 est
734 2231 825 2300 poter
848 2217 945 2282 tuor?
986 2219 1057 2280 Erat
1084 2236 1155 2297 ergo
1186 2225 1215 2278 et
1236 2234 1329 2300 eorus

102 2325 207 2400 Filius,
228 2330 353 2405 propter
375 2341 460 2403 quem
483 2321 525 2384 illi
546 2321 597 2382 ulii
620 2320 766 2383 dicuntur.
812 2319 899 2393 Quod
927 2320 953 2380 si
975 2320 1138 2382 secundum
1160 2319 1228 2381 iilos
1251 2339 1325 2383 neu·

103 2435 183 2490 uum
205 2426 315 2488 borum
336 2431 383 2486 est
402 2424 511 2498 Vilius,
534 2421 587 2484 sed
610 2421 764 2484 amborum
788 2439 952 2502 congressu
974 2421 1183 2496 constituitur,
1207 2441 1330 2486 necasse
1393 2405 1397 2414 ⁴

106 2527 229 2591 omnino
258 2533 464 2594 estneotrum
488 2542 558 2586 osae
579 2523 702 2597 Filium,
730 2522 760 2584 id
788 2531 836 2584 ost
862 2541 918 2586 nec
938 2521 1066 2586 Verbum
1097 2543 1153 2588 neo
1179 2524 1332 2588 bominem

101 2627 210 2692 Filium
238 2645 320 2702 esse,
349 2627 403 2689 sed
431 2625 578 2708 quandam
607 2643 726 2688 causam
753 2632 876 2704 propter
904 2645 992 2706 quam
1022 2627 1150 2706 copulati
1179 2635 1265 2699 sunm
1299 2643 1334 2688 ac

102 2729 229 2812 proinde
250 2749 339 2793 causa
361 2729 427 2802 iiia,
456 2747 532 2808 quae
554 2727 660 2790 Filium
684 2726 788 2800 efficit,
820 2727 1006 2806 copulatione
1035 2728 1120 2807 prior
1142 2727 1209 2788 erit.
1253 2726 1332 2806 Ergo

106 2851 141 2893 ex
160 2834 220 2894 boc
240 2833 311 2894 item
333 2849 482 2912 responso
506 2829 651 2908 sequitur,
674 2827 779 2890 Filium
795 2835 864 2890 anto
883 2847 1002 2891 carnem
1017 2829 1179 2891 exstitisse.
1223 2829 1331 2892 Verum

107 2931 155 2993 bis
177 2933 216 2994 ita
236 2931 447 2996 demonstratis
470 2929 548 2992 aliud
571 2936 718 3010 quaerunt
739 2929 896 3008 effugium3
917 2949 1023 3010 nempe
1044 2929 1143 3004 aiunt,
1168 2947 1251 3005 „nou
1273 2930 1331 2990 bo-

111 3031 246 3106 „minem
266 3033 375 3096 Filium
398 3051 479 3105 essa,
502 3051 598 3111 neque
620 3039 777 3110 utrumqne
799 3031 897 3105 simui,
921 3032 974 3094 sed
997 3031 1135 3104 Verbum,
1159 3029 1238 3109 quod
1261 3029 1329 3108 qui-

109 3131 199 3208 „dem
220 3135 251 3198 in
273 3134 421 3224 principio
444 3133 499 3196 tuit
520 3133 661 3195 duntaxat
682 3131 822 3206 Verbum,
844 3150 910 3194 cum
932 3139 1029 3194 autem
1052 3133 1143 3194 bomo
1166 3132 1260 3192 iactus
1276 3137 1330 3203 est,

103 3242 201 3310 „tunc
220 3236 316 3300 Filius
339 3245 386 3298 est
406 3235 590 3297 nominatus.
633 3233 706 3296 Nam
722 3239 877 3313 antequam
898 3234 1077 3308 advenisset,
1101 3231 1246 3312 inquiunt,
1270 3249 1331 3294 nou

103 3347 193 3412 „erat
220 3338 334 3412 Filius,
364 3335 418 3398 sed
447 3334 650 3398 tantummodo
673 3333 818 3422 Verbom3
847 3353 881 3396 ac
907 3335 1034 3414 proinde
1056 3342 1091 3396 ut
1111 3333 1239 3396 Verbum
1262 3351 1330 3393 carc

101 3439 237 3514 „sactum
264 3445 319 3511 est,
343 3455 409 3498 cum
431 3445 516 3520 antea
539 3455 607 3498 caro
630 3455 690 3498 non
712 3443 810 3510 esset,
832 3435 871 3498 ita
892 3435 1021 3498 Verbum
1044 3435 1135 3498 Vilius
1157 3437 1251 3497 iactus
1275 3441 1331 3509 est,

100 3561 194 3615 „cum
217 3539 305 3622 prius
327 3539 419 3600 Filius
441 3557 503 3600 nou
526 3543 637 3602 esset“
682 3537 745 3600 Hae
767 3537 884 3602 illorum
909 3547 978 3602 sunt
1003 3539 1150 3619 ineptiae,
1184 3555 1257 3618 quas
1280 3555 1331 3598 re-

100 3643 195 3706 futare
218 3640 300 3704 baud
324 3649 370 3702 est
391 3639 519 3702 difficile.

184 3747 240 3810 23.
286 3742 359 3805 Nam
388 3742 414 3804 si
441 3741 570 3804 Verbum
599 3743 725 3804 humana
755 3749 873 3823 accepta
900 3747 1004 3805 natura
1032 3741 1124 3804 Filius
1153 3748 1200 3803 est
1226 3741 1332 3815 iactus,
1367 3751 1380 3778 ·

98 3845 190 3925 igitur
212 3851 338 3908 naturae
365 3845 510 3906 humanae
539 3845 684 3906 assumtio
712 3863 798 3907 causa
827 3845 892 3906 eius
920 3844 965 3906 rei
994 3852 1050 3906 est.
1096 3843 1286 3923 Quapropter
1307 3842 1333 3904 si

98 3945 192 4009 bomo
216 3963 307 4008 causa
330 3953 376 4006 est
398 3963 450 4008 our
472 3943 599 4007 Verbum
613 3927 778 4018 'sitFiiius‚
801 3945 847 4006 vel
869 3953 1034 4026 utrumque,
1058 3945 1160 4006 eadem
1184 3953 1263 4006 certe
1278 3941 1334 4004 ab·

100 4047 191 4110 surda
214 4055 384 4110 occurrent.
427 4045 557 4122 Deinde,
585 4045 611 4108 si
639 4045 723 4126 prius
751 4045 879 4108 Verbum
907 4059 969 4122 est,
998 4055 1027 4108 et
1054 4046 1206 4128 posterius
1228 4044 1333 4117 Filius,

99 4201 192 4264 ctbog
194 4201 236 4251 bc
783 4201 799 4248 ῐ,
819 4199 910 4262 ungue.
927 4189 990 4250 ἔν’
975 4197 1054 4266 αρχῇ.

133 4267 315 4331 d.Rmmau
340 4267 439 4330 &mm.
460 4261 694 4332 staffimt,qmd
780 4269 902 4330 glomi
936 4247 1333 4317 vusinmmnmdnmmo.

101 4331 403 4388 ιΜαώΜΜΜῑ.
743 4333 1334 4386 εΜωΜΜΗΜΠΜΜΜο,ωω

135 4395 692 4482 ammdem.mmuh
745 4403 1116 4453 mmmmmfflms.

103 4465 441 4522 ιΜηΜωωΗΜι
777 4465 1241 4532 b.fflffl.unffl.xmwmm

135 4558 477 4602 mmmwmum
1098 4549 1129 4600 ss
