3174 5082
37 445 48 506 Ι.

26 547 44 608 a'

26 655 42 710 n*

24 743 34 810 'r

23 875 34 914 ι

423 243 425 250 ’
455 262 970 312 nrrsrocannnscusrrsarcanuia
988 271 1105 313 svucnr.
1351 262 1392 326 23

165 414 329 494 scripsere,
359 432 465 494 nempe
495 413 575 492 quod
597 413 649 477 hei
672 415 760 480 Filius
783 437 818 480 ex
839 419 1004 482 substantia
1028 421 1068 483 sit
1089 421 1186 486 Patris
1210 423 1296 504 eique
1318 445 1475 496 eon-nmo

163 513 366 578 substantialis
398 524 426 576 et
457 516 537 594 quod
564 533 731 594 nequeres
754 527 849 582 ereata
872 523 1023 584 neclecta
1046 522 1231 587 velcondita
1256 527 1309 601 sit,
1340 531 1391 591 sed

160 617 243 696 quod
266 615 395 678 Verbum
418 635 452 676 ex
470 615 564 677 l'atris
587 616 750 679 substantia
773 620 813 680 sit
834 621 973 699 genitum.
1017 611 1181 706 lmo'quod
1204 627 1313 688 anirum
1337 637 1392 706 est,

161 717 230 796 ipse
251 717 401 780 Eusebius
425 715 585 778 Caesareae
609 719 639 778 in
659 719 822 781 Palaestina
844 722 1016 802 Episcopus,
1040 726 1090 806 qui
1112 727 1206 808 pridie
1228 729 1390 806 restiterat,

160 825 267 896 postea
291 816 469 896 subscripsit
492 819 625 898 hancque
648 819 789 882 ecelesiae
810 823 897 884 tidem
919 835 949 884 et
969 826 1088 888 Petrum
1111 829 1297 892 traditionem
1322 849 1390 892 esse

162 917 265 978 missis
290 917 325 978 ad
349 935 434 980 suam
456 919 609 982 ecclesiam
632 919 740 982 litteris
762 921 935 999 significavit
958 927 1150 1008 omnibusque
1172 939 1273 1010 aperte
1288 932 1387 994 decla-

166 1017 256 1090 ravit,
285 1017 353 1078 illos
380 1019 463 1098 prius
493 1039 610 1082 errasse
642 1023 812 1102 frustraque
840 1023 982 1088 adversus
1009 1027 1157 1090 veritatem
1185 1033 1472 1102 contendissenau.

164 1115 247 1180 Licet
275 1119 353 1180 enim
383 1129 453 1182 tunc
475 1140 541 1183 eum
564 1122 609 1183 bis
632 1122 675 1184 uti
698 1122 821 1185 vocibus
843 1124 1000 1204 puduerit,
1030 1135 1115 1206 atque
1136 1137 1169 1190 ut
1188 1132 1295 1208 voluit,
1323 1133 1387 1215 ipse

165 1237 198 1280 se
220 1219 363 1282 ecclesiae
385 1223 573 1297 excusaverit,
599 1233 695 1286 tamen
720 1243 785 1285 cuni
810 1223 839 1286 in
861 1225 994 1305 Epistola
1019 1247 1106 1290 voces
1124 1233 1386 1298 consubstantialis

163 1328 193 1381 et
215 1339 254 1382 em
277 1323 529 1384 substitutiones
552 1325 765 1404 repudiaverit,
793 1326 865 1388 illud
889 1337 984 1400 certe,
1016 1329 1095 1408 quod
1123 1329 1267 1404 diximnS,
1295 1333 1388 1412 palum

159 1422 254 1484 voluit
273 1423 413 1486 indicare.
457 1424 498 1486 Ea
521 1435 617 1487 autern
639 1428 671 1486 in
693 1446 726 1486 rc
749 1446 837 1505 grave
860 1427 997 1506 quiddam
1021 1429 1048 1490 ei
1071 1429 1185 1491 accidit.
1229 1422 1304 1492 Noni
1325 1451 1390 1494 cum

134 1533 194 1584 'se
226 1524 315 1585 veluti
343 1533 497 1604 purgaret,
526 1525 652 1591 Arianos
681 1527 798 1588 deuruui
827 1531 987 1602 accusavit,
1022 1530 1101 1610 quod
1126 1549 1192 1593 eum
1215 1529 1389 1608 scriberent,

153 1624 249 1686 filiurn
273 1644 334 1686 non
358 1626 449 1688 luisse
473 1635 628 1707 antequam
652 1629 768 1708 genitus
792 1639 882 1702 esset,
906 1631 986 1692 illurn
1010 1651 1065 1692 uec
1080 1640 1236 1712 antequam
1253 1633 1284 1692 iu
1300 1651 1389 1694 carne

151 1735 330 1788 nasceretur
359 1728 511 1790 exstitisse
540 1729 696 1791 voluerint.
741 1731 828 1802 Quod
851 1751 923 1793 sane
945 1751 1004 1792 uon
1027 1741 1128 1813 potest
1150 1734 1288 1812 ignorare
1310 1733 1386 1796 lca-

149 1827 237 1900 eius,
266 1828 325 1890 nisi
354 1838 382 1898 et
409 1829 474 1908 ipse
502 1849 581 1892 nunc
607 1830 773 1908 praesentis
806 1832 948 1911 temporis
972 1851 1059 1894 causa
1080 1835 1188 1896 facturn
1209 1853 1283 1914 prae
1304 1843 1384 1896 metu

156 1928 331 1992 dissimulet
352 1931 563 2009 veritatemque
586 1939 681 2010 neget.
725 1930 827 2010 ltaque
849 1933 878 1993 iu
901 1933 959 1993 linc
983 1932 1094 1996 subieci
1116 1935 1238 1998 Eusebii
1261 1935 1382 2016 Episto-

147 2029 229 2104 lam,
262 2039 294 2091 ut
316 2031 424 2092 Christi
453 2032 584 2092 bostium
614 2051 647 2094 ac
670 2032 995 2114 iusigueuvpraecipuc
1020 2035 1115 2096 acacii
1138 2036 1167 2096 in
1192 2054 1264 2116 suqs
1287 2035 1382 2114 magi-

147 2139 236 2194 stros
259 2131 411 2212 perfidiam
436 2152 469 2194 ex
494 2153 527 2193 ca
549 2132 660 2212 liquido
685 2151 857 2212 cognoscas.

241 2443 271 2500 l.
315 2439 358 2498 Au
381 2457 443 2498 non
464 2439 553 2518 igitur
575 2438 616 2499 illi
638 2438 827 2518 iniquissime
850 2447 948 2516 aguru,
972 2437 996 2497 si
1021 2437 1063 2498 vel
1087 2437 1183 2498 solum
1207 2437 1382 2500 inanimum

149 2537 299 2600 inducant
328 2546 407 2599 tauto
431 2547 461 2600 et
481 2540 610 2620 generali
634 2540 765 2602 Concilio
789 2538 973 2600 redamare?
1017 2540 1061 2600 dn
1083 2557 1143 2599 non
1166 2538 1302 2600 scelerati
1325 2539 1380 2600 ba-

145 2637 242 2700 bendi
265 2648 348 2714 sunt,
372 2641 421 2720 qui
444 2641 577 2704 adversis
601 2641 694 2703 oculis
718 2641 853 2702 contueri
874 2641 982 2702 audent
1005 2661 1054 2712 ea,
1078 2659 1152 2720 quae
1175 2648 1255 2702 recte
1277 2649 1380 2702 contra

144 2741 288 2802 hriauarn
316 2741 462 2804 haeresim
492 2744 608 2804 decreta
639 2745 721 2804 liuere
751 2751 778 2803 ct
802 2743 837 2804 ab
861 2743 918 2804 illis
942 2742 1016 2822 ipsis
1039 2741 1162 2822 probata
1186 2749 1273 2816 sunt,
1303 2761 1378 2821 quos

147 2839 235 2916 prius
265 2840 393 2903 habuere
419 2843 580 2921 impictatis
609 2844 792 2922 magistros?
843 2844 930 2916 Quod
960 2841 987 2904 si
1016 2841 1190 2916 Eusebiani,
1219 2852 1378 2922 postquam

148 2937 408 3016 subscripserunt,
431 2941 467 3000 ad
489 2942 642 3018 proprium
664 2943 822 3020 impictatis
844 2943 986 3004 vomitum
1008 2943 1087 3003 velut
1107 2961 1194 3003 canes
1217 2951 1378 3014 revertere,

148 3053 258 3098 nonne
282 3056 317 3097 en
339 3039 432 3116 magis
456 3039 525 3098 odio
547 3039 626 3115 digni
648 3048 718 3100 sunt
740 3039 780 3112 bi,
802 3041 852 3116 qui
875 3059 954 3100 nunc
975 3041 1187 3114 contradicunt,
1209 3041 1288 3119 quod
1309 3059 1379 3102 srva-

148 3155 220 3199 ruin
250 3136 415 3200 animarum
441 3131 607 3200 libertatem
636 3137 701 3200 aliis
724 3137 915 3216 propinantes
938 3138 1005 3198 illos
1028 3139 1112 3216 ipsos
1135 3139 1224 3200 duces
1245 3140 1380 3200 haeresis

45 3275 48 3283 ,
144 3239 265 3304 habere
288 3238 399 3302 velint?
421 3239 570 3312 lmmines,
595 3247 626 3300 ut
648 3239 689 3300 ait
708 3237 844 3312 lacobus,
870 3237 1001 3318 duplices
1018 3241 1117 3300 auimo
1133 3249 1161 3300 et
1176 3242 1381 3302 iaccuetnutea

142 3349 178 3406 iu
210 3341 351 3404 omuibus
380 3346 437 3404 uiis
460 3346 541 3417 suv's,
575 3359 630 3402 nec
651 3339 682 3400 in
706 3358 762 3402 uua
783 3347 993 3420 permanentes
1017 3339 1180 3412 sententia,
1214 3339 1267 3400 sed
1289 3339 1397 3414 ruodo,

141 3463 237 3508 unam
268 3442 357 3504 uredo
380 3442 464 3506 aliern
487 3441 713 3521 amplectentes,
736 3441 825 3502 mode
849 3457 924 3520 quae
947 3439 1074 3502 dixerint
1095 3439 1263 3516 laudantes,
1285 3441 1376 3504 modo

140 3547 350 3624 vituperantes
374 3543 487 3616 eadem,
509 3561 673 3622 rursusque
696 3541 783 3616 idem,
807 3541 886 3620 quod
908 3543 995 3621 paulo
1018 3550 1086 3605 aute
1108 3541 1374 3622 reprehendebant,

139 3645 360 3730 approbantes.
406 3643 437 3706 ld
460 3663 540 3719 vero,
564 3653 596 3708 ut
617 3645 657 3705 ait
679 3643 800 3716 Pastor,
824 3661 885 3704 non
909 3643 964 3706 nisi
982 3663 1002 3704 a
1026 3641 1143 3704 diabolo
1166 3651 1263 3705 ortum
1286 3643 1375 3706 habet

136 3763 375 3829 cauponumque
402 3745 504 3823 potius
532 3763 617 3824 quam
647 3745 856 3824 magistrorum
888 3751 933 3804 est
960 3743 1088 3823 insigne.
1133 3745 1282 3823 Siquidem
1305 3764 1373 3808 vera

132 3853 184 3914 illa
215 3846 357 3910 doctrina
386 3853 448 3920 est,
477 3845 520 3908 uti
541 3845 644 3907 Patres
672 3846 835 3920 tradidere,
863 3863 1023 3924 verumque
1046 3844 1200 3906 doctorum
1221 3844 1372 3918 indicium,

131 4005 181 4060 Nec
206 4005 265 4054 item
285 3999 416 4050 ebrardum
433 4000 506 4048 uisum
525 4001 558 4047 eat
576 3999 612 4046 liis
629 4001 731 4058 uocibus,
820 3999 836 4046 l.
856 3993 1056 4060 aequalium,
1078 3996 1119 4060 qui
1138 3995 1201 4045 idem
1220 4009 1274 4045 inor
1293 3989 1307 4042 d
1323 3985 1372 4042 'ld-

130 4089 182 4127 non
202 4077 259 4122 erat
278 4075 413 4129 antequam
432 4067 526 4126 pectine
544 4072 595 4124 est,
614 4068 735 4116 methema
784 4065 879 4128 cmpos.
917 4065 979 4114 Editi
998 4057 1013 4110 d
1032 4065 1153 4114 omittunt.
1352 4128 1356 4138 Ι

130 4145 222 4203 dicere,
244 4153 299 4210 epm
318 4148 401 4186 omues
418 4137 535 4196 [creantur
553 4133 734 4195 essedeifilimu
820 4147 842 4194 g.
859 4132 935 4181 Verba
955 4132 1061 4180 Pastoris
1083 4145 1110 4179 ex
1128 4129 1225 4180 bomilia
1245 4129 1285 4180 85.
1304 4131 1371 4179 luti·

126 4213 273 4280 priusquam
292 4202 427 4256 secundum
445 4215 534 4251 cumen
552 4201 691 4264 educeretur.
785 4199 840 4250 ochi
858 4193 973 4264 [ilermae
992 4197 1054 4248 Post.
1072 4197 1114 4247 lib.
1125 4198 1153 4247 ll.
1173 4197 1288 4248 mandit.
1308 4197 1371 4244 Patr.

164 4277 189 4329 cl.
210 4275 253 4326 Sic
271 4273 333 4334 Reg.
374 4268 465 4317 ltalii
484 4267 597 4318 eteditio
616 4265 732 4317 Commel.
786 4271 864 4330 apost.
892 4267 930 4314 ed.
960 4264 1117 4315 cenet-ctu.
1141 4266 1161 4316 l·
1186 4279 1210 4328 p.
1230 4261 1283 4326 2'l.l
1311 4263 1371 4338 hage

126 4339 256 4402 ὑπέταξε,
277 4341 325 4392 sed
346 4335 477 4396 mendose,
495 4341 520 4386 ut
538 4337 628 4398 optimo
646 4336 732 4386 ohser-
784 4342 856 4384 sunt:
884 4323 900 4392 ἧ
946 4325 982 4397 ἄρ
1006 4325 1122 4410 dimegio
1145 4323 1272 4410 duydrqp
1296 4321 1372 4377 ἐστιν

130 4425 169 4470 vat
187 4413 388 4466 Felclmennus.
784 4398 835 4450 τοῦ
853 4346 988 4464 dechilles.
1026 4399 1215 4462 Versiuantrquo
1227 4397 1314 4476 latina:
1331 4395 1371 4446 Et·

164 4499 185 4534 e.
206 4483 249 4534 Sic
257 4481 316 4541 hog.
343 4469 398 4526 atti
410 4479 433 4521 ut
445 4471 501 4522 editi
513 4462 602 4536 μόνον
613 4469 733 4522 οιιιίιιιιιιι.
787 4471 848 4520 euim
866 4471 921 4520 haee
939 4469 1053 4519 dubitatio
1071 4467 1121 4528 fitia
1138 4473 1172 4518 eit
1190 4467 1287 4518 diaboli.
