3214 5048
603 281 714 326 omno
730 283 762 328 n.
779 250 1061 330 oonrmnnnnoss
1366 275 1428 342 317

201 455 288 513 „nna
309 441 390 502 oorte
412 431 595 508 fatebimini,
625 453 692 514 mm
713 433 762 497 illa
783 435 873 499 norbo
894 435 954 499 rint
975 455 991 498 n
1012 436 1076 500 Deo
1105 435 1199 512 dieta,
1230 455 1287 501 neo
1313 440 1344 503 in
1372 441 1514 508 illisam.

201 541 308 616 „uduo
331 557 401 602 esse
421 535 520 617 possit
541 534 685 598 mendacii
706 537 800 600 loona.
844 537 877 600 Si
899 537 990 619 igitur
1009 539 1097 602 talem
1120 539 1247 622 aliquem
1269 550 1356 605 anteo
1375 543 1430 606 nd·
1520 603 1524 608 .

200 642 347 719 „venisse
369 656 498 718 eumque
513 637 607 699 Deum
628 656 697 700 esso
719 657 755 700 ex
777 638 873 720 signis
895 649 925 702 et
940 639 1094 722 prodigite,
1117 661 1192 723 quae
1209 641 1347 718 ediderit,
1369 651 1429 725 po-

201 743 317 820 „tenus
340 739 510 815 ostendere,
533 739 600 802 iure
620 739 728 802 merito
750 740 907 806 nobiscum
926 743 1103 806 coutendite.
1147 743 1199 807 Sin
1221 753 1320 809 autem
1339 747 1428 810 taiem

203 844 357 922 „aliquem
380 841 535 904 advenisse
558 859 618 902 non
640 839 766 922 potestis
786 841 933 922 probare,
965 843 1017 905 sed
1045 863 1112 908 eum
1141 847 1234 910 adhue
1255 849 1427 930 expectatio,

204 953 350 1024 ‚·,tempus
372 961 408 1005 ex
429 941 550 1004 Daniele
571 941 760 1020 cognoscitu
781 961 850 1014 nam
872 961 954 1023 quae,
970 942 1006 1005 ab
1029 943 1079 1006 ilio
1095 945 1169 1008 diota
1185 959 1263 1023 eunt,
1286 950 1317 1011 in
1338 969 1428 1032 prae·

205 1059 305 1122 ,sens
327 1045 472 1126 quadrant
492 1051 621 1124 tempus.
665 1043 760 1107 Porro
789 1043 815 1107 si
846 1062 990 1125 praesens
1021 1054 1139 1126 tempus
1161 1047 1230 1110 iliud
1251 1049 1349 1130 ipsum
1372 1061 1428 1122 εει.

152 1179 156 1186 ·
204 1149 311 1229 „quod
334 1148 405 1210 oiim
428 1145 484 1209 tuit
504 1143 697 1228 praedictum,
720 1165 831 1227 rosque
846 1145 905 1228 ipsi
928 1165 973 1222 ea,
995 1165 1070 1228 quae
1085 1151 1253 1228 nune-apud
1275 1163 1428 1232 nongenta

202 1258 317 1326 „sunt,
347 1249 422 1312 estio
444 1248 558 1322 intuiti,
581 1247 673 1311 nolite
695 1248 726 1339 in
748 1247 871 1310 dubium
892 1267 1017 1324 vorare,
1044 1249 1116 1328 quin
1139 1249 1198 1311 iste
1218 1250 1322 1326 leone,
1344 1271 1430 1332 quem
1527 1321 1534 1330 ,

203 1371 287 1426 „vos
309 1351 508 1424 oruoitixistis,
531 1349 599 1432 ipse
620 1349 661 1414 εἰι
675 1349 810 1414 Christus
832 1358 1021 1431 expectatum
1044 1349 1191 1432 siquidem
1207 1351 1298 1413 David
1320 1361 1351 1414 et
1365 1373 1431 1416 om-

204 1473 286 1530 „nes
308 1455 475 1534 Prophetae
496 1453 606 1516 mortui
629 1461 710 1528 eunt,
733 1461 907 1534 exstantque
929 1453 1007 1534 apud
1028 1471 1082 1515 ros
1106 1472 1209 1516 eorum
1228 1461 1431 1517 monumento.

203 1557 268 1630 „dt
288 1556 485 1630 resurreetio,
518 1574 593 1636 quae
622 1554 712 1617 modo
735 1563 783 1618 eet
811 1557 903 1630 tecta,
933 1564 1107 1635 argumento
1136 1565 1182 1618 est
1208 1556 1244 1618 ad
1272 1555 1364 1618 iatum
1387 1576 1517 1632 eamne.

201 1676 305 1738 „quae
327 1657 436 1738 scripta
459 1666 559 1731 erant,
589 1664 736 1737 spectare.
779 1656 854 1718 uum
883 1658 962 1720 enim
991 1657 1220 1737 crucifigendum
1242 1657 1338 1722 tuisse
1359 1658 1432 1722 hneo

200 1758 315 1834 „verba
339 1759 515 1822 ostendunt:
552 1758 693 1826 Videdr'tit.
713 1761 804 1820 uitam
827 1771 960 1822 oestrum
979 1761 1170 1840 pendentem,
1195 1759 1275 1821 etin
1299 1759 1429 1834 vulnero,

200 1861 309 1941 „quod
331 1861 396 1923 eius
419 1860 502 1924 interi
526 1860 627 1922 iancea
649 1869 696 1922 est
714 1859 866 1934 indictum,
889 1860 968 1922 istud
984 1859 1150 1942 Prophetae
1165 1860 1321 1941 impietur:
1344 1860 1429 1926 Siout

202 1967 294 2036 ,‚om'r
318 1963 357 2026 od
379 1966 556 2027 ooor'rionem
578 1963 687 2024 duntur
710 1973 765 2024 ert.
809 1960 897 2034 Quod
912 1969 1010 2050 autem
1032 1955 1093 2024 dnn
1116 1961 1213 2024 onium
1231 1961 1296 2044 ipse
1310 1963 1427 2038 revixit,

201 2063 283 2140 „sed
305 2064 393 2126 etiam
414 2063 531 2145 priscos
554 2072 689 2126 mortuos
712 2081 729 2125 o
751 2061 950 2124 monumentis
974 2063 1109 2126 excitavit
1136 2063 1205 2140 (hos
1224 2065 1314 2138 ‚enim
1327 2064 1427 2144 pieri·

201 2185 285 2246 „que
309 2169 439 2229 vestrum
471 2165 639 2242 viderunt),
672 2164 731 2226 hoo
758 2164 857 2244 ipsum
885 2171 948 2225 est:
982 2163 1051 2226 Non
1081 2163 1271 2246 derelinquor
1300 2168 1432 2227 uuinton

200 2287 323 2342 ‚meum
345 2273 377 2330 tn
400 2269 540 2347 inferno,
564 2274 610 2328 et:
639 2265 805 2327 ddsorduit
826 2283 910 2328 moro
934 2265 1139 2336 innotescent,
1168 2272 1199 2325 et
1219 2281 1342 2326 rursus:
1371 2265 1432 2326 dd-

201 2367 319 2444 „rtulit
341 2369 432 2430 Dente.
477 2365 528 2428 iila
550 2383 642 2446 porro
664 2384 739 2445 quae
761 2365 964 2444 ediditsigna
992 2383 1060 2426 eum
1082 2364 1177 2425 linum
1206 2381 1274 2426 ense
1301 2364 1331 2426 in
1360 2381 1429 2426 oor-

202 2487 314 2550 ,‚pore,
333 2469 482 2548 vitamque
503 2487 538 2529 ao
559 2467 712 2530 dominum
734 2467 841 2529 mortis
864 2485 933 2528 esse
954 2485 1080 2548 prorsus
1103 2465 1292 2546 persuadent.
1325 2465 1428 2547 Siqui-

203 2571 298 2645 „dem
322 2569 443 2631 decebat
465 2567 625 2643 Christum,
648 2569 698 2650 qui
722 2569 809 2631 vitam
832 2569 897 2632 aiiis
920 2567 1059 2648 impertit,
1083 2585 1098 2628 a
1121 2575 1218 2630 morte
1239 2587 1300 2631 non
1323 2569 1429 2644 teneri,

200 2671 308 2754 „qnod
321 2683 401 2734 certe
422 2671 485 2734 tien·
508 2691 569 2734 non
592 2672 751 2754 potuisset,
774 2672 812 2748 si,
834 2679 868 2734 ut
887 2689 942 2733 vos
966 2671 1093 2760 qentitie,
1116 2663 1210 2752 purus
1233 2673 1324 2734 homo
1347 2679 1431 2734 esset
1522 2730 1526 2738 ,

200 2775 376 2849 „Christum
420 2773 530 2836 Verum
559 2775 624 2854 ipse
652 2784 700 2836 εει
727 2771 906 2834 uitiosum.
950 2772 1023 2835 Nam
1046 2790 1151 2834 omnes
1179 2773 1317 2834 homines
1339 2773 1428 2835 morti

203 2919 222 2949 ,‚
232 2885 302 2936 eunt
313 2874 449 2936 subiecti.
478 2875 680 2952 ltaquenemo
703 2875 761 2935 iam
783 2873 921 2952 ambigat,
944 2875 997 2934 sed
1019 2891 1074 2952 pro
1098 2882 1178 2934 certo
1201 2872 1309 2936 habeut
1330 2871 1428 2934 omnis

203 2975 338 3050 ‚3domne
359 2973 463 3046 lsrael,
485 2973 566 3032 inuno
587 2973 702 3046 lesum,
725 2992 813 3052 quem
836 2973 930 3052 tigurt
952 2973 1104 3034 hominem
1125 2972 1251 3046 vidistin,
1275 2973 1430 3050 signorum

202 3083 441 3154 „tantorumque
457 3079 608 3135 auctorem
631 3091 766 3153 operum,
789 3092 863 3154 quae
886 3071 983 3134 nullos
1005 3089 1135 3151 unquam
1157 3071 1226 3150 egit,
1249 3071 1348 3151 ipsum
1362 3089 1431 3134 eene
1514 3107 1520 3114 ·
1600 3055 1606 3076 “

201 3176 381 3254 „Christum
404 3181 435 3236 et
456 3173 608 3235 dominnm
631 3173 775 3236 omnium.
809 3173 942 3253 Namque
964 3175 1059 3234 inotuo
1072 3171 1140 3234 lieet
1152 3180 1182 3233 et
1198 3184 1320 3233 vocatus
1334 3173 1430 3248 teme,

201 3287 264 3356 „ut
285 3286 370 3340 antea
393 3275 539 3354 diximus,
561 3295 621 3338 non
646 3285 693 3339 est
715 3285 812 3340 tamen
835 3275 963 3338 hnmana
985 3273 1156 3336 conditione
1178 3273 1354 3349 diminutus,
1378 3276 1431 3338 sed

200 3379 344 3461 „potius⁸
374 3397 440 3441 oum
464 3379 555 3440 homo
578 3380 673 3442 tactus
696 3388 760 3454 est,
781 3377 941 3441 viventium
964 3385 994 3440 et
1014 3366 1201 3439 mortuorum
1224 3375 1362 3440 dominus
1385 3385 1431 3441 eet

201 3481 402 3556 „declaratum
450 3481 532 3555 Quia
553 3486 646 3558 enim,
670 3489 703 3544 ut
725 3479 964 3563 autpertum,
987 3484 1020 3541 in
1043 3484 1193 3562 snpientia
1214 3479 1273 3543 uo·
1292 3499 1354 3543 nou
1379 3501 1429 3545 eo·
1489 3543 1494 3548 .

202 3585 332 3665 „quovit
358 3583 490 3646 munder
511 3581 606 3647 Deum
633 3602 693 3665 per
722 3585 917 3665 rapientium,
944 3581 1063 3664 placuit
1089 3581 1154 3646 Deo
1180 3601 1239 3665 per
1267 3583 1429 3648 stultitiam

231 3853 254 3900 p.
272 3839 372 3898 Sequor.
396 3837 454 3898 deq.
477 3844 501 3886 et
524 3836 630 3886 Feiekm.
649 3837 672 3886 5.
690 3831 736 3884 erui
753 3831 785 3885 nd
872 3837 895 3885 ir.
914 3837 955 3886 Sir
973 3837 1113 3906 Sequerion.
1133 3836 1189 3898 fleg.
1207 3835 1282 3887 Basti.
1301 3837 1423 3900 inplicam.

196 3903 230 4021 ἰῇ
246 3897 386 4023 impegi:
423 3903 527 4020 Ιῖειεῗιιιι.
544 3903 571 3982 «1.ἱ
592 3897 637 3982 trogi
654 3897 686 3982 ed
702 3917 736 4019 atq
755 3899 787 3954 dd
837 3903 982 4020 iqieimd.
999 3913 1023 3954 et
1041 3904 1065 3953 5.
1100 3904 1144 3954 ttit
1168 3919 1224 3955 vero
1243 3913 1267 3955 et
1284 3906 1342 3955 editi
1361 3900 1427 3955 ἀλλὰ

212 3988 288 4022 o.
363 3983 732 4022 ιιοιιικαιτοτο
872 3984 896 4020 ν.

196 3987 350 4108 'OQM
667 3987 684 4037 ῃ
727 3986 809 4126 ,ω’
836 3985 889 4105 pt.
915 4056 955 4105 Sir
977 4055 1076 4117 Segner.
1096 4055 1152 4118 dep.
1171 4057 1261 4120 tngttc.
1280 4065 1304 4107 et
1321 4057 1428 4108 Fricim.

230 4142 254 4192 h.
272 4142 411 4203 sequerian.
429 4133 560 4188 auertere
598 4137 650 4188 iton
669 4139 732 4190 idem
750 4133 789 4194 εἷς
840 4123 863 4172 4·
899 4123 929 4172 Ᾰῑ
947 4125 1020 4174 ‘mii
1038 4131 1061 4170 ‘¹
1080 4123 1136 4173 “¹5¹⁵
1155 4115 1343 4191 ἄμφ’ῥαλὲῑω·

196 4203 247 4257 τὸν
264 4199 334 4272 ᾅδην
350 4203 396 4256 καὶ
412 4203 546 4259 κατέπιεν.
581 4207 686 4258 intrim.
705 4209 729 4272 d.
747 4200 786 4262 ele
875 4221 908 4258 nr.
927 4207 1027 4270 Sequor.
1044 4201 1090 4256 καὶ
1108 4199 1122 4256 ὅ
1140 4205 1240 4277 κύριος.

197 4267 273 4340 ᾅδου·
308 4277 413 4326 ΝΜ·
432 4277 456 4326 4·
476 4277 532 4326 “⁰¹⁰
549 4269 595 4323 καὶ
611 4271 745 4326 ΜΨ·
872 4307 895 4342 n.
913 4291 954 4341 Sir
970 4293 1070 4354 sepner.
1090 4294 1145 4355 [ιιι.
1164 4293 1262 4344 Gobior.
1281 4289 1386 4339 retain.
1406 4289 1430 4336 i.

230 4378 245 4426 i.
270 4377 369 4438 Segnee.
393 4385 418 4427 et
440 4377 546 4426 tetrum,
564 4377 588 4428 q,
606 4369 660 4426 ὑπὸ
683 4370 784 4426 mim,
836 4357 862 4410 4.
880 4368 904 4410 et
922 4361 946 4410 5.
981 4361 1025 4410 atti
1044 4368 1124 4411 entem
1143 4367 1166 4408 et
1185 4359 1241 4408 editi
1259 4349 1382 4414 εἴπαμεν.

197 4457 229 4492 ιε
247 4437 277 4492 δε
296 4457 345 4492 ουκ
361 4459 396 4492 αν
413 4437 540 4509 ἔγεγόνει.
569 4447 666 4495 Gobter.
677 4446 783 4496 i'eteim.
866 4458 895 4492 o.
914 4440 1224 4506 Sequerianperndqunr.
1256 4431 1430 4485 nottestane

199 4510 224 4560 t.
240 4501 292 4558 ὕπὸ
309 4505 416 4562 τούτου.
437 4511 518 4560 τοῦτο
537 4506 568 4562 δὲ
585 4504 634 4560 εὔει
652 4503 694 4562 ἄν.
838 4510 944 4562 Feioim.
965 4511 987 4561 t.
1004 4505 1180 4576 γεννηθῆναι.
