3212 5060
539 281 648 326 enarro
663 281 707 326 111.
724 251 839 328 cereres
853 281 988 328 aerauos.
1307 269 1370 334 589

139 447 230 501 terro
257 437 359 501 amaia
385 452 579 518 quaecunque
604 433 703 497 ualuit
729 435 816 514 fecit,
847 443 876 498 et
902 435 1065 498 centesimo
1094 435 1209 498 decimo
1231 437 1455 502 Psalmo:r.ooa.

138 537 253 619 Mopan
275 537 523 619 opero-Domini,
547 538 700 616 ecquisita
719 539 754 598 in
776 553 877 598 omaus
900 537 1075 600 uoluntates
1096 540 1172 610 eius,
1196 529 1226 600 et
1246 539 1366 602 Psalmo

138 641 306 704 centesimo
328 639 482 718 trigesimo
505 646 626 718 quarto:
659 638 768 700 Οηιηία
789 655 981 720 quaecuuque
1003 640 1103 703 ualuit
1123 639 1272 704 Dominus
1293 641 1369 719 fecit
1464 713 1469 718 ,

136 747 174 806 iu
197 741 278 806 caelo
302 753 331 804 et
351 745 384 802 ia
407 749 501 811 terra,
523 744 556 801 ia
576 741 662 802 mori
681 749 710 802 et
731 742 764 800 iu
787 739 924 801 omnibus
947 741 1077 820 abyssis.
1120 741 1222 821 ltaque
1245 741 1272 803 si
1288 743 1367 822 opus
1476 753 1483 780 ‘

137 843 189 906 ille
221 853 268 905 est
296 849 326 904 et
351 859 401 903 res
429 842 505 904 iacta
532 847 620 919 atque
641 855 719 901 unus
742 858 778 900 ex
799 837 955 912 omnibus,
984 841 1051 919 ipse
1072 859 1195 923 quoqne
1216 843 1367 906 voluntate

136 947 233 1008 lactus
257 943 387 1018 dicatum
403 941 449 1004 ita
471 941 549 1003 enim
572 957 664 1020 opera
685 939 749 1036 lieri
772 939 859 1002 docet
881 939 1042 1019 Scriptura.
1085 942 1153 1019 lpse
1168 944 1257 1005 etiam
1271 945 1363 1005 Aste-

137 1047 205 1110 rius
233 1043 370 1107 haeresis
396 1053 540 1124 patronus
563 1043 633 1104 huic
653 1041 819 1105 sententiae
842 1041 1006 1104 assentitur
1028 1042 1072 1102 sie
1093 1041 1242 1104 scribens:
1266 1045 1367 1119 „Nam

138 1147 196 1222 „si
225 1154 359 1210 creatore
386 1145 539 1224 indignum
568 1151 615 1206 est
643 1163 712 1206 eum
740 1143 889 1206 volentem
911 1161 1015 1223 agere,
1044 1141 1109 1204 eius
1132 1161 1203 1222 ergo
1224 1143 1362 1206 voluntas

139 1251 207 1325 „ab
240 1248 379 1311 omnibus
411 1245 545 1308 similiter
578 1253 763 1320 amoveatur,
796 1253 830 1308 ut
854 1245 970 1326 integra
999 1245 1041 1306 illi
1069 1254 1205 1307 serretur
1227 1244 1365 1322 dignitas.

140 1351 221 1428 „Sin
243 1367 315 1412 vero
338 1349 400 1411 Deo
422 1347 496 1410 rebe
517 1348 664 1423 convenit,
688 1348 728 1409 sit
749 1347 839 1428 igitur
860 1347 948 1410 etiam
964 1345 994 1409 in
1009 1347 1209 1427 primogenito
1224 1345 1264 1417 id,
1287 1347 1368 1427 quod

139 1453 366 1534 „praestantius
386 1458 441 1512 est.
484 1449 545 1514 Nec
566 1449 644 1511 enim
667 1459 769 1530 potest
790 1447 870 1524 fier'i,
899 1458 933 1512 ut
953 1448 1004 1512 uni
1026 1449 1181 1530 eidemque
1203 1449 1265 1510 Deo
1288 1467 1364 1511 oon-

139 1554 266 1629 „veniat
286 1553 361 1616 rebe
383 1561 414 1614 et
435 1553 513 1614 nolle
535 1552 566 1613 in
588 1569 689 1615 rerum
710 1551 951 1630 procreatione.“
996 1551 1111 1624 Quibus
1127 1551 1268 1632 Sophiste
1291 1570 1360 1614 ver-

135 1655 185 1718 bis
209 1673 355 1716 summam
377 1652 548 1733 complexus
569 1640 766 1734 impietatem,
791 1671 857 1714 cum
879 1670 987 1732 nempe
1008 1670 1073 1713 rem
1095 1653 1202 1714 factam
1224 1661 1255 1715 et
1276 1651 1362 1733 geni-

135 1765 197 1820 tam
219 1754 389 1829 contundit,
417 1754 582 1834 liliumque
603 1771 692 1816 troam
715 1771 783 1816 esse
806 1771 841 1816 ex
864 1753 1003 1816 omnibus
1025 1752 1121 1816 rebus
1145 1755 1254 1834 genitis
1276 1773 1364 1818 asse-

134 1865 234 1933 verat,
264 1866 370 1938 postea
401 1855 551 1919 condedit
578 1864 778 1936 congruenter
808 1855 866 1918 diei
895 1873 985 1935 opera
1013 1855 1166 1918 voluntate
1187 1865 1217 1919 et
1238 1856 1363 1921 arbitrio

135 1959 212 2021 iacta
234 1977 314 2020 esse.

185 2103 188 2108 -
224 2063 276 2126 61.
319 2060 421 2140 ltaque
450 2059 476 2121 si
498 2059 591 2121 Filius
614 2059 689 2122 alios
712 2067 758 2120 est
779 2077 796 2120 a
817 2058 908 2121 rebus
931 2058 1087 2130 omnibus,
1116 2060 1159 2120 uti
1181 2068 1266 2122 antea
1288 2067 1364 2139 pr‘o-

133 2161 235 2224 batum
264 2169 321 2236 est,
354 2162 515 2241 potiusque
542 2178 635 2239 opero
661 2177 716 2239 per
745 2177 812 2220 enm
835 2162 913 2222 laeta
937 2169 1025 2234 sunt,
1059 2158 1138 2222 absit
1160 2168 1193 2222 ut
1213 2159 1365 2221 voluntate

134 2263 247 2326 dicator
268 2263 430 2334 exstitisse,
452 2279 491 2322 ne
512 2262 578 2340 ipse
600 2260 706 2322 eodem
727 2259 818 2322 modo
840 2260 908 2332 liet,
931 2279 991 2340 quo
1013 2279 1064 2333 ea,
1086 2279 1162 2340 quae
1188 2279 1244 2340 per
1266 2260 1364 2341 ipsum

132 2366 206 2426 lacta
228 2373 313 2437 sunt,
335 2361 520 2442 prodierunt
564 2361 695 2441 Namque
716 2361 825 2423 Paulus
846 2377 903 2440 per
924 2361 1105 2422 voluntatem
1129 2360 1183 2422 Dei
1204 2362 1365 2441 Apostolus

132 2473 236 2545 postea
258 2466 352 2524 laetus
374 2471 430 2536 est,
454 2479 520 2524 cnm
542 2462 572 2524 id
595 2453 681 2525 entea'
702 2481 763 2524 non
786 2471 877 2524 esset.
921 2461 1045 2524 Vocatio
1067 2463 1138 2525 item
1158 2471 1272 2536 nostra,
1296 2481 1364 2526 eum

133 2565 290 2645 aliquando
319 2582 381 2625 non
404 2563 508 2638 luerit,
535 2581 614 2626 nunc
644 2573 742 2638 autem
764 2565 839 2626 iacta
862 2565 917 2639 sit,
947 2563 1170 2628 antecedentem
1194 2565 1283 2628 habet
1304 2564 1358 2628 Dei

132 2667 329 2741 voluntatem,
359 2675 404 2742 et,
432 2674 466 2729 ut
492 2665 572 2728 ide'rn
594 2667 704 2729 Paulus
727 2665 874 2746 loquitur,
897 2666 1060 2729 secundum
1081 2667 1272 2748 propositum
1296 2665 1361 2728 eius

131 2768 291 2830 voluntatis
314 2769 389 2831 iacta
410 2775 466 2831 est.
509 2769 667 2831 Praeterea
689 2768 769 2848 quod
790 2786 846 2848 per
859 2769 989 2849 Mopsum
1012 2767 1134 2830 dieitur:
1158 2767 1226 2831 Fiat
1249 2768 1305 2830 luo
1327 2776 1358 2830 et

131 2869 287 2933 Prodamt
308 2881 394 2932 terra
415 2878 445 2931 et
465 2869 625 2932 Faciamus
648 2871 803 2942 bominum,
827 2869 911 2949 signa
925 2887 997 2932 reor
1011 2888 1090 2944 esse,
1107 2869 1356 2949 quemadmodum

133 2985 223 3046 supra
245 2968 354 3031 dicturo
376 2977 432 3042 est,
455 2970 614 3033 volontatis
637 2973 791 3034 creatoris.
834 2971 908 3034 Nam
922 2989 956 3033 ea
968 2971 1097 3052 quidem,
1114 2989 1188 3050 quae
1203 2971 1360 3050 aliquando

131 3077 309 3144 nouerant,
332 3069 386 3132 sed
408 3071 592 3154 extrinsecus
615 3081 720 3152 postea
742 3074 832 3147 flunt,
855 3075 953 3135 iacere
976 3083 1094 3134 creator
1115 3071 1269 3144 deliberat,
1292 3089 1361 3132 cum
1425 3143 1431 3154 ,

131 3177 229 3232 autem
252 3169 382 3234 Verbum
411 3189 498 3233 suum
526 3191 561 3235 ex
591 3174 692 3254 seipso
720 3178 826 3236 natura
854 3174 966 3254 gignit,
999 3173 1150 3254 praeviam
1170 3171 1281 3233 nullam
1304 3169 1360 3234 ad-

130 3269 212 3332 bibet
233 3270 485 3336 deliberationem.
530 3273 682 3355 Siquidem
703 3276 733 3337 io
757 3293 792 3338 eo
815 3275 904 3338 Peter
924 3275 997 3349 alia,
1027 3291 1221 3354 quaecunque
1243 3273 1359 3351 produ·
1423 3265 1426 3276 '

131 3390 198 3434 cere
219 3373 331 3443 statuit,
354 3374 422 3436 lacit
444 3381 474 3436 et
495 3383 589 3450 creat,
612 3377 656 3439 uti
678 3395 736 3439 nos
760 3377 848 3440 etiam
863 3376 990 3439 lacobus
1004 3375 1165 3456 Apostolus
1189 3374 1237 3435 his
1259 3373 1445 3435 verbisnato.

130 3473 230 3546 decu:
256 3473 362 3540 Volcae
383 3479 564 3556 paucitates
590 3477 684 3568 Verbo
707 3479 890 3543 uoluntatis.
934 3477 1036 3558 ltaque
1051 3476 1103 3538 llei
1118 3475 1268 3549 voluntas,
1284 3493 1360 3554 qnae

131 3575 192 3637 sive
214 3573 293 3651 illos,
316 3575 366 3656 qui
387 3585 611 3656 regenerantur,
633 3581 696 3644 sive
719 3599 763 3656 ea,
786 3579 1061 3660 qoaesemelllunt,
1076 3585 1201 3660 spectat,
1216 3575 1358 3639 inllerbo

130 3825 207 3876 Ceteri
231 3834 311 3878 autem
336 3841 394 3879 mss.
416 3841 519 3908 notoque
533 3843 598 3881 νων.
638 3831 715 3882 Ptolo
766 3845 817 3900 περ
836 3833 905 3882 deest
920 3825 968 3878 arui
984 3831 1008 3880 in
1027 3830 1119 3892 Regi.
1138 3837 1162 3879 et
1179 3829 1280 3892 Segoer.

129 3901 184 3957 post
200 3894 256 3957 lleg.
269 3895 290 3946 l.
310 3904 333 3946 et
346 3897 446 3958 Segner.
465 3891 498 3962 ρη
541 3909 586 3946 σιν
604 3891 712 3948 ἑαυτοῦ.
800 3915 823 3963 g.
842 3901 882 3950 Sie
897 3900 954 3960 lleg.
970 3897 991 3948 l.
1009 3898 1110 3960 Saguer.
1129 3897 1202 3948 Gobl.
1215 3905 1239 3947 et
1252 3897 1358 3948 soleto.

129 3959 172 4011 ttii
190 3963 295 4026 editiqne
315 3959 435 4029 ῥήμασιν
452 3956 546 4012 αὐτοῦ.
769 3967 791 4024 1,
826 3967 854 4016 it
871 3967 895 4017 in
915 3967 968 4015 aliis
987 3973 1010 4015 et
1033 3967 1104 4015 editis
1122 3965 1192 4015 deest
1207 3957 1266 4025 τήν.

161 4042 182 4078 ο.
200 4031 242 4079 Sic
259 4031 316 4093 fleg.
330 4031 352 4082 1.
371 4031 470 4094 Segnsr.
489 4032 716 4083 Gobler.etFelclr-
800 4033 824 4083 lr.
844 4035 900 4096 lleg.
921 4033 943 4083 l.
962 4040 985 4083 et
1003 4033 1103 4094 segoar.
1122 4028 1154 4080 τὸ
1173 4026 1210 4082 δέ.

128 4097 207 4146 manni
228 4097 251 4146 l.
286 4098 312 4147 ln
331 4099 385 4148 aliis
403 4107 482 4149 entem
507 4106 532 4149 et
554 4099 625 4150 editis
648 4101 717 4150 deest
801 4101 817 4150 i.
837 4101 934 4152 Gobler.
954 4107 977 4150 et
994 4101 1099 4150 Felclm⁴
1121 4100 1142 4149 l.
1161 4093 1313 4166 ἡγούμεθα.

128 4153 223 4212 ὄντων.
258 4164 349 4227 inglie.
373 4165 430 4216 ibid.
447 4159 617 4245 perquisitus.
653 4167 714 4216 lbid.
801 4167 824 4216 lt.
849 4169 890 4217 Sie
907 4169 1000 4230 Regi.
1020 4176 1045 4218 et
1062 4170 1162 4230 Seguer.
1181 4169 1221 4218 bie
1239 4175 1263 4218 et
1280 4163 1354 4232 paolo

127 4229 181 4310 ¹³5⁸·
198 4233 220 4280 l.
240 4240 264 4283 et
281 4234 380 4296 Segoer.
404 4226 443 4287 sis
465 4247 555 4284 rouro.
590 4235 634 4286 Alii
654 4249 713 4284 mss.
766 4243 837 4298 post,
864 4235 984 4301 iidemque
1009 4249 1064 4284 mox
1086 4228 1267 4300 γεννώμενον.
1309 4232 1355 4282 stit

127 4309 164 4349 eas
185 4297 326 4350 τοσοῦτον.
363 4301 717 4364 aerumnasque.
766 4309 846 4352 sotem
865 4311 889 4353 et
906 4303 962 4353 editi
979 4297 1105 4368 pabiscus
1124 4311 1147 4352 et
1163 4301 1277 4368 γεννῶν.

127 4357 251 4427 βουλήσει
267 4362 314 4416 καὶ
329 4361 472 4435 θελήματι.
801 4369 817 4420 Ι.
836 4371 891 4432 lleg.
907 4371 928 4422 i.
947 4372 1047 4434 Segner.
1066 4371 1163 4421 Gobler.
1180 4379 1204 4419 et
1214 4368 1319 4418 Felelm.
1330 4365 1354 4414 1.

161 4431 178 4479 l.
196 4433 348 4495 sublegi.
368 4445 390 4485 et
408 4437 549 4498 Segueriao.
584 4437 614 4488 it
631 4438 673 4486 alii
691 4444 715 4487 et
765 4433 823 4484 τῶν
840 4427 919 4502 duay.
954 4437 1001 4488 Alii
1024 4445 1048 4488 et
1067 4439 1139 4488 editio
1158 4435 1277 4488 Commel.
1295 4432 1353 4484 τῶν

129 4496 186 4546 aditi
203 4491 289 4565 dorso
308 4513 357 4550 ocu
373 4496 403 4552 iu
417 4504 485 4560 τοῖς.
522 4505 588 4558 loire
601 4514 659 4571 post
667 4495 716 4558 de-
764 4516 795 4555 τε
812 4494 892 4571 duay.
