2822 5030
328 245 443 289 conane
460 247 679 291 ιοοιιιιιιιιιιιι
692 249 780 300 aman
796 251 827 294 ιι.
984 249 989 273 ¹
1126 240 1188 302 911

2 422 10 458 t
47 415 132 460 vere
158 394 310 471 diceretis,
335 395 388 458 scd
410 396 505 458 Deum
526 397 658 477 genitum
679 398 853 474 adfirmatis,
876 399 925 481 qui
948 403 1101 483 propriam
1122 421 1275 468 eac-rma.

23 498 149 579 specie
175 505 288 560 tantum
311 481 487 560 exhibuerit.
532 498 598 588 Non
626 499 704 562 enim
727 501 807 564 Deus
834 501 952 565 initium
981 507 1121 568 nascendi
1155 527 1191 570 ex

1 607 72 662 ret
96 600 233 662 sortitus
256 607 311 673 est,
335 599 388 662 sed
410 600 462 680 qui
484 601 585 663 existit
605 609 674 663 ante
695 603 812 666 sacciula
831 603 960 668 Verbum
974 605 1055 668 Deus
1078 626 1113 670 ex
1128 608 1189 670 Na·

1 751 6 760 .
51 703 159 762 homo
189 701 272 762 risus
301 708 362 774 est,
396 708 484 764 natus
513 721 549 764 ιι
569 700 660 764 blaria
682 702 802 781 Virgine
831 712 862 766 ιι
882 704 996 784 Spiritu
1023 717 1126 770 saneto
1158 709 1190 774 in

1 802 128 864 lehem
153 801 279 864 Iudaeae
307 801 608 876 excommunic,
635 803 771 866 Abrahae
798 813 829 867 et
848 804 944 880 Adae,
973 809 1016 870 uti
1045 810 1188 892 seriptum

11 903 201 984 omniaque
222 903 365 966 assumsit
386 923 421 966 ex
436 904 566 984 Virgine,
589 923 792 984 quaecumque
814 905 851 968 ab
865 907 950 968 initio
965 909 1045 974 Deus
1061 914 1097 974 ad
1108 933 1188 976 cou-

6 1007 145 1068 tio'ncm
169 1004 300 1068 bominis
323 1007 490 1068 efformavit
510 1016 542 1068 et
563 1007 695 1068 condidit
717 1015 841 1087 excepto
855 1017 987 1087 peceato,
1010 1020 1044 1073 ut
1057 1014 1188 1092 Aposto-

1 1126 145 1188 quoque
168 1107 225 1169 ait:
257 1107 321 1169 Pro
349 1107 545 1171 similitudem
569 1127 630 1189 por
659 1112 760 1171 omnio
785 1119 911 1189 practer
935 1121 1106 1190 peccaturo,
1135 1133 1191 1178 nec

1 1208 117 1272 uitatis
141 1208 349 1282 mutationem,
372 1209 426 1270 sed
449 1207 639 1272 humanitatis
661 1209 882 1272 innovationem
897 1209 1019 1296 arbitrio
1035 1230 1091 1274 suo
1113 1216 1189 1278 elle-

4 1329 86 1390 quo
109 1321 216 1391 gentes
239 1309 358 1372 Cbristo
382 1311 619 1392 concorporatae
642 1321 672 1374 ιι
693 1315 922 1392 comparticipat
943 1311 1059 1387 fierent,
1081 1332 1188 1393 quem-

1 1413 116 1474 odum
141 1410 247 1474 scribit
267 1412 444 1492 Apostolus,
472 1421 564 1492 utque
591 1413 683 1474 bomo
705 1429 809 1474 revera
829 1412 910 1474 Deus
932 1421 963 1474 et
982 1413 1063 1478 [leus
1084 1433 1189 1482 revera

5 1537 29 1576 ο
62 1515 165 1587 locet,
195 1523 334 1594 essetque
356 1512 405 1576 ille
428 1531 498 1576 vere
519 1513 610 1576 bomo
639 1521 667 1576 et
690 1531 759 1576 ιιιο
779 1513 876 1588 Deus,
905 1532 965 1576 non
993 1517 1074 1594 quod
1096 1517 1280 1582 bomonssa.

42 1615 150 1676 Deum
175 1624 267 1687 esset,
289 1623 323 1677 ut
344 1634 398 1676 uos
422 1613 633 1676 calumniantes
649 1613 944 1695 Christiaoommque
966 1617 1107 1695 mysterio
1128 1619 1185 1682 ob-

0 1725 117 1779 antes
141 1715 254 1790 dicitis,
283 1716 335 1779 sed
358 1717 438 1796 quod
459 1716 522 1779 lleo
546 1714 698 1795 unigenito
720 1715 880 1796 placuerit,
910 1717 1094 1798 plenitudine
1115 1739 1188 1784 suae

1 1817 115 1880 citatis
149 1815 299 1897 archetypi
327 1817 457 1880 bominis
486 1825 622 1878 οιιιιιιιο
650 1834 819 1896 novumque
847 1817 998 1897 opificium
1032 1838 1067 1881 ex
1101 1829 1186 1886 utera

4 1919 78 1982 inis
104 1917 136 1978 in
159 1917 261 1997 seipso
283 1936 337 1998 per
358 1918 521 1980 naturalem
543 1917 765 1997 generationem
787 1927 818 1980 et
838 1919 1074 1982 indissolubilem
1095 1923 1187 1986 unio-

31 2029 226 2093 restaurare‚
249 2029 284 2080 ut
304 2027 334 2081 ιι
355 2039 411 2099 pro
433 2019 606 2081 bominibus
623 2018 752 2082 salutare
773 2019 926 2098 negotium
947 2017 1115 2101 perliceret,
1137 2024 1187 2086 in-

16 2121 191 2204 passione,
220 2127 318 2181 morte
346 2127 376 2182 ιι
402 2119 625 2182 resurrectione
653 2117 809 2180 bominum
837 2113 1051 2184 redemtionem
1083 2123 1186 2188 absol·
1291 2181 1295 2188 .

1 2237 34 2288 t.

31 2637 66 2698 6.
118 2627 176 2690 Sed
198 2626 344 2690 obiicitis:
367 2627 421 2701 „si
444 2625 542 2690 omnia
565 2625 695 2706 accepit,
717 2643 789 2688 sane
811 2634 842 2689 et
862 2628 1006 2691 humanas
1028 2627 1185 2707 cogitatio-

9 2757 26 2799 s
55 2729 181 2806 babuit3
203 2730 390 2811 impossibile
412 2739 510 2792 autem
533 2736 581 2792 est
602 2727 739 2792 bumauis
759 2729 988 2808 cogitationibus
1003 2747 1065 2792 nou
1087 2729 1187 2793 inesse

0 2841 154 2904 coatume
177 2833 327 2910 quomodo
350 2832 440 2911 igitur
462 2831 598 2894 Christus
620 2830 732 2910 absque
754 2840 875 2911 peccato
898 2828 1004 2894 enlm
1048 2831 1112 2896 lmo
1134 2850 1185 2894 re·

10 2937 102 2998 adele
127 2949 178 2994 ros
204 2931 278 3012 ipsi:
301 2933 334 2994 Si
356 2933 529 2994 vitiosarum
551 2931 762 3012 cogitationum
778 2930 858 2994 lleus
873 2940 989 2995 creator
1010 2933 1108 3006 luerit.
1130 2935 1186 2996 ad·

20 3035 138 3099 endum
158 3033 220 3096 Deo
243 3041 289 3095 est
309 3035 463 3114 proprium
486 3033 645 3114 opificium,
672 3034 752 3096 venit
774 3033 853 3096 enim
876 3042 909 3096 ut
930 3034 1085 3113 proprium
1109 3053 1186 3113 opus

31 3136 221 3214 adiungeret
266 3135 324 3197 Sed
348 3154 384 3197 eo
406 3144 492 3216 pacto
515 3135 628 3198 iniusto
651 3153 724 3196 sane
742 3134 851 3198 iudicio
866 3125 1005 3215 peccator
1020 3135 1186 3198 damnatur.

1 3299 2 3304 ,
50 3239 78 3302 si
102 3236 225 3300 vitiosas
254 3237 449 3318 cogitationes
478 3237 587 3300 creavit
607 3237 705 3310 Deus,
733 3235 804 3316 quid
833 3243 881 3300 est
907 3236 987 3316 quod
1014 3243 1184 3316 peccantem

6 3345 145 3410 damnet,
167 3347 218 3402 aut
238 3345 288 3420 qut
308 3347 412 3421 potest
431 3339 526 3402 allen
549 3337 719 3402 huiusmodi
735 3337 876 3400 iudicium
891 3335 1063 3418 profluant
1096 3337 1185 3410 Quod

5 3445 97 3505 dam
121 3449 275 3521 antequam
297 3441 350 3504 Dei
372 3441 542 3504 mandatum
572 3440 830 3521 transgrederetur
857 3439 1005 3502 eiusmodi
1027 3439 1184 3519 cogitatio-

3 3565 41 3608 us
66 3541 216 3603 obnoxius
238 3542 307 3615 luit,
336 3546 388 3622 qul
410 3543 475 3604 lieri
496 3540 594 3622 potuit
615 3551 648 3604 ut
668 3541 781 3605 bouum
804 3548 835 3604 et
856 3541 965 3606 malum
986 3559 1047 3604 oon
1070 3559 1184 3621 cogno-

1 3642 76 3706 cet?
123 3639 205 3704 Certe
228 3646 332 3706 natura
355 3643 473 3723 quidem
502 3643 672 3717 rationalis,
705 3641 885 3723 cogitatione
914 3660 984 3705 vero
1012 3641 1089 3703 liber
1116 3640 1186 3703 mali

0 3741 167 3808 erientiam
189 3761 251 3806 οοιι
271 3743 409 3818 babebat,
433 3745 587 3825 soliusque
608 3744 682 3808 boui
703 3744 808 3806 notitia
824 3742 1185 3824 praeditusquasiuuiuc
1296 3792 1301 3801 .

1 3921 544 4080 ιιιιιιιιιιιι.
594 3930 647 4048 ιι
661 3924 975 4061 mmccccl?
991 3930 1185 4063 seut-„t

10 4065 544 4208 tfflbzgfflafflmfflmm
594 4061 716 4196 assgjlbic
742 4133 841 4195 Segoer.
869 4133 967 4185 anler.
996 4141 1020 4184 st
1037 4132 1141 4183 Felcbm.
1162 4131 1184 4180 l.

1 4213 23 4253 st
40 4206 63 4254 in
82 4202 161 4261 aditis,
178 4201 223 4251 red
241 4201 327 4262 legitor
344 4201 369 4252 in
386 4203 543 4263 Saguntinos,
595 4209 668 4266 atqpc
686 4201 717 4252 ite
735 4200 793 4264 legit
810 4200 926 4252 Nunnius.
960 4199 1023 4253 Editi
1048 4191 1186 4248 lucrarer

1 4273 44 4326 lie.
63 4271 160 4322 Goblsr.
179 4277 203 4318 ot
220 4268 326 4324 lelebm.
345 4268 367 4319 l.
396 4269 470 4320 Paulo
488 4277 545 4326 nost
595 4263 626 4318 dl
644 4253 677 4328 ἦν
693 4264 845 4334 λογισμοῖς.

0 4355 54 4390 uer.
74 4338 170 4390 Goblec.
195 4343 219 4384 et
236 4336 341 4387 Fclcltm.
356 4336 378 4386 l.
402 4328 453 4396 τὴν
476 4329 543 4384 a’mo-
629 4337 653 4386 b.
671 4339 762 4400 luglic.
780 4329 972 4404 δημιουργίαν.
1010 4325 1185 4402 depictum-

1 4417 91 4468 1ροιιιιο
113 4401 170 4453 cdv
194 4393 360 4473 dissipalarum
398 4405 461 4454 Editi
487 4419 542 4454 uero
595 4397 785 4462 ιαδιιιάζοοσα.
824 4404 916 4456 lbidem
934 4405 1187 4480 &permeatore-

5 4472 39 4520 tii
58 4465 107 4530 τὴν
129 4467 268 4540 σωτηρίαν
290 4471 349 4524 τῶν
372 4462 540 4540 ἀνθρώπων.
593 4467 696 4538 plotae
712 4463 787 4550 riv..
810 4473 862 4524 blor
881 4469 953 4522 basil.
973 4462 1068 4524 aduror
1082 4459 1151 4534 Δἐστι.
