3176 5058
476 301 622 348 neronom
635 301 674 346 nn
690 300 856 348 senceum
871 301 1012 348 nronnsu.
1297 287 1357 354 tou

133 455 264 518 monium
293 463 395 519 contre
424 453 584 518 Sabelliom
611 453 761 534 scriptam.
804 453 933 515 Tametsi
962 453 1040 514 enim
1070 451 1230 515 humilibus
1257 455 1442 538 verbiseera.

132 565 163 620 st
183 557 325 638 exemplis
349 565 509 630 estuans,
543 563 573 618 at
600 555 647 617 illa
676 563 745 618 sont
766 571 802 616 ex
824 553 991 642 branceliis
1013 554 1183 634 depromta,
1215 554 1360 636 adestque

131 657 173 720 illi
193 658 323 739 legitima
346 658 420 720 baec
441 655 646 720 conscribendi
668 673 775 730 censo,
804 655 965 718 sunnonis
993 653 1107 716 scilieet
1132 653 1163 716 in
1191 671 1281 718 carne
1303 655 1360 718 atl-

130 769 255 832 nentus·
271 767 396 840 propter
416 775 503 837 quem
525 755 598 820 baec
619 765 649 818 et
669 757 777 820 similla
799 756 909 837 scripte
931 763 1009 818 sunt.
1053 755 1126 818 Nanr
1148 763 1182 816 ut
1202 755 1267 834 ipsc
1283 755 1359 819 Ver·

130 861 202 922 burn
225 867 273 921 est
294 857 363 932 liei,
394 859 434 920 ita
461 865 568 940 postea
592 857 719 922 Verium
748 875 820 921 coro
847 859 963 938 former
994 869 1048 920 eat.
1092 855 1128 918 Et
1154 860 1187 919 ln
1204 859 1359 940 principio

133 961 253 1039 quidem
276 972 346 1024 eret
370 959 508 1032 imbuat,
537 959 626 1039 Virgo
647 967 745 1022 autem
768 959 845 1022 circa
867 958 1151 1021 consummationem
1173 957 1359 1022 saeculorum

133 1065 167 1123 in
189 1071 278 1124 utero
301 1061 418 1132 belrain
445 1060 648 1142 llomiuusque
676 1061 767 1123 homo
794 1062 888 1122 lactus
917 1067 971 1122 est
1014 1061 1108 1140 ltqnc
1135 1077 1212 1122 tenus
1239 1060 1359 1140 quidem

134 1171 195 1234 est,
228 1161 278 1241 qui
308 1161 421 1224 tuouos
448 1161 505 1225 illis
529 1162 683 1226 sententiis
705 1161 867 1234 indicetur,
897 1179 964 1223 nant
991 1161 1116 1225 Verbum
1143 1179 1216 1223 coro
1242 1162 1359 1241 fociant

134 1277 190 1328 est.
235 1264 318 1337 Quae
339 1281 431 1341 porco
452 1264 489 1326 tle
510 1263 660 1326 divinitate
681 1273 712 1326 et
733 1263 770 1326 de
792 1261 973 1324 humanitete
995 1263 1060 1324 eiua
1082 1261 1159 1324 dicta
1181 1269 1261 1334 sunt,
1283 1279 1358 1341 pru·

131 1365 229 1446 priam
251 1373 281 1426 et
301 1365 460 1444 unicnique
481 1383 540 1445 qno
562 1367 598 1428 de
612 1365 709 1446 agitem
723 1371 934 1444 congruentem
951 1363 1060 1426 nobem
1073 1361 1358 1442 interpretationem,

132 1466 172 1528 ita
195 1465 299 1546 utqui
320 1465 446 1526 hnmana
469 1465 556 1528 Verbi
579 1466 692 1540 scribit,
715 1465 778 1528 cius
800 1482 918 1545 quoque
940 1465 1121 1526 divinitatem
1143 1447 1305 1543 agnoscet,
1328 1471 1360 1526 et

131 1565 181 1648 qui
203 1566 241 1628 ds
262 1565 412 1628 divinitate
432 1567 576 1647 loquitur,
599 1567 720 1630 minime
741 1567 782 1629 ait
802 1567 922 1646 ignarus
945 1583 1064 1640 conum,
1095 1583 1170 1644 quac
1192 1564 1228 1626 ad
1251 1581 1357 1626 mnne·

126 1666 186 1731 lem
209 1666 273 1729 eius
295 1667 453 1731 adrentum
476 1677 626 1748 specteut3
655 1668 708 1731 sed
737 1681 770 1730 ut
795 1668 910 1748 peritus
933 1675 963 1728 et
983 1665 1096 1748 probus
1119 1664 1259 1746 trapezita
1280 1664 1358 1727 inter

127 1769 244 1848 singula
267 1768 455 1849 distinguens
476 1769 506 1831 in
530 1779 609 1832 recta
630 1769 749 1850 pietatis
772 1767 888 1831 incedet
908 1767 964 1829 via.
1008 1766 1081 1830 Cum
1111 1765 1201 1846 igilur
1221 1785 1289 1828 eum
1311 1765 1356 1828 lt·

128 1879 310 1950 crpmsntem
331 1867 416 1942 dicit,
444 1869 538 1950 probo
561 1871 659 1944 norit,
686 1871 844 1932 Dominum
866 1867 1016 1932 bominem
1050 1869 1157 1930 lechem
1179 1867 1276 1947 quoad
1297 1867 1357 1928 hu·

128 1961 301 2033 manitatem
321 1968 463 2050 lacrymas
478 1972 669 2053 profundere,
693 1980 727 2034 ut
748 1971 841 2034 ileum
862 1987 933 2032 vero
948 1969 1090 2032 Lanarum
1113 1987 1129 2030 a
1151 1967 1277 2030 mortuis
1301 1985 1356 2030 su·

129 2073 247 2146 euitare,
270 2071 352 2132 norit
372 2089 492 2152 quoque
514 2073 595 2134 illum
619 2073 734 2135 esurire
755 2071 951 2152 corporaliter
972 2089 1006 2132 ac
1020 2068 1160 2132 (livinitus
1175 2087 1211 2129 ex
1226 2066 1355 2148 quinque

123 2175 253 2256 panibus
275 2171 405 2252 quinque
433 2171 522 2236 millio
550 2175 674 2248 satiarer
701 2191 810 2253 corpus
839 2172 941 2234 itidem
970 2171 1132 2234 humanum
1163 2167 1194 2229 iu
1216 2167 1354 2248 sepulcro
1387 2185 1394 2202 ·

124 2277 223 2338 iacere
246 2271 339 2348 norit,
362 2293 418 2336 neo
439 2275 556 2356 ignorat
576 2275 647 2338 illud
670 2275 767 2356 ipsum
789 2291 806 2335 a
828 2272 925 2334 Verbo
946 2279 980 2334 ut
1002 2271 1054 2333 llei
1077 2285 1185 2348 corpus
1209 2267 1356 2330 suscitari.

216 2678 263 2740 10.
308 2673 387 2736 llaec
417 2674 483 2757 ipsa
504 2675 615 2740 docens
637 2678 795 2760 Dionysius
817 2679 849 2740 iu
871 2677 997 2759 epistola
1019 2675 1137 2757 quidem
1158 2673 1195 2737 nd
1216 2673 1353 2754 Euphra-

129 2793 233 2837 norem
256 2784 287 2838 et
307 2777 511 2850 baumeolum,
533 2796 608 2857 quac
630 2780 668 2842 dc
689 2781 840 2843 salvatore
861 2780 1024 2842 secundum
1045 2777 1256 2839 humanitatem
1278 2775 1353 2837 dictu

133 2884 217 2947 sunt,
238 2875 393 2936 reiellendi
414 2875 533 2936 Sabellii
556 2895 643 2940 causa
667 2881 797 2959 scripsit.
842 2881 1010 2943 Secundum
1037 2877 1247 2940 humanitatem
1274 2873 1436 2938 enimenin.

131 2974 206 3035 haec
226 2975 264 3034 tle
285 2973 336 3034 illo
357 2981 427 3034 suut
448 2973 578 3054 prolata:
600 2977 662 3056 Epo
685 2983 765 3052 estin
788 2991 816 3044 et
836 2991 926 3060 poter
946 2998 1030 3042 meret
1045 2977 1188 3060 cprr'eolo,
1211 2985 1255 3040 et:
1277 2977 1354 3057 fiole-

132 3074 189 3136 len
211 3077 241 3136 ei
259 3076 313 3154 po·
331 3073 404 3153 [ecit
424 3078 538 3154 speum,
557 3077 616 3136 'nec
635 3095 696 3138 nou
717 3077 802 3140 illud:
826 3085 953 3152 creooit,
976 3089 1020 3142 ct:
1054 3091 1139 3144 tauto
1160 3079 1269 3142 melior
1291 3079 1354 3138 Att-

127 3174 203 3256 pelia
223 3175 339 3256 [octus.
381 3175 444 3238 Nec
472 3175 624 3255 ignorabat
652 3185 749 3240 tamen
777 3179 864 3242 illud:
897 3179 957 3262 llpn
984 3186 1017 3244 in
1038 3180 1130 3243 Putre
1159 3192 1188 3244 et
1209 3179 1300 3240 Pater
1320 3181 1355 3239 io

105 3295 181 3349 snae,
204 3285 249 3338 et:
275 3277 339 3351 Qui
358 3277 440 3340 uidet
459 3295 521 3348 me,
545 3279 625 3341 utilct
646 3288 675 3342 et
696 3279 818 3344 Patrem
825 3301 835 3356 ‚·
863 3283 935 3345 hnec
957 3281 1035 3344 enim
1057 3282 1138 3344 illum
1160 3278 1298 3342 norimus
1322 3276 1352 3337 in

126 3377 192 3440 aliis
214 3377 372 3458 scripsisse
394 3378 541 3460 epistolis,
563 3379 613 3442 ubi
637 3379 707 3443 dum
729 3381 787 3444 iste
808 3393 976 3464 pertractat,
999 3381 1211 3444 humanitatem
1235 3395 1352 3459 quoquo

126 3477 245 3540 Domini
265 3489 419 3542 memoret.
464 3481 547 3544 Sicut
568 3481 647 3544 enim
670 3502 737 3546 cetat
757 3489 792 3548 in
811 3487 915 3565 [ornan
937 3486 995 3548 Dei
1014 3495 1099 3557 essct,
1126 3499 1189 3544 nott
1212 3483 1353 3561 rupinum

124 3580 296 3644 arbitratus
318 3591 364 3643 ert
383 3600 448 3644 este
469 3601 502 3644 ae
522 3583 677 3666 aequatem,
695 3584 776 3657 Dec,
807 3587 859 3650 recl
879 3589 1069 3666 semetipsum
1091 3587 1260 3646 exinaniuit
1279 3582 1352 3661 scr·

122 3699 203 3744 munt
225 3685 310 3744 cerui
327 3687 497 3764 occipiens,
520 3691 564 3745 ct:
587 3703 653 3746 cunr
674 3696 755 3750 esset
776 3687 867 3762 diues,
887 3697 1020 3769 propter
1041 3703 1096 3748 noa
1120 3701 1227 3764 opertus
1249 3683 1371 3763 [auus

24 3897 27 3904 '
119 3902 184 3952 Editi
203 3893 301 3960 τῆςέν
318 3902 405 3970 σαρκί.
442 3902 494 3956 llos
518 3895 630 3969 δόκιμος
646 3917 710 3972 rpu-
763 3903 923 3972 τραπεζῖται
948 3907 971 3956 in
1000 3905 1072 3954 nullis
1099 3905 1144 3953 iem
1175 3902 1351 3966 exemplaribus

118 3967 238 4028 nectens.
275 3969 388 4019 Clemens
400 3969 465 4020 Alex.
484 3965 520 4034 [p.
529 3971 586 4022 ³54.
597 3981 656 4022 extr.
672 3974 710 4022 erl.
763 3981 839 4024 exstet
887 3973 1014 4023 Femiliare
1046 3981 1125 4022 tamen
1150 3972 1279 4021 Athanasio
1305 3978 1351 4031 est,

117 4035 373 4102 snitum-soom.
385 4037 403 4096 Ι,
422 4037 462 4088 28.
477 4039 515 4087 erl.
527 4038 627 4102 Pultoni
648 4041 711 4092 banc
762 4049 787 4090 et
804 4041 909 4104 antiquie
920 4041 1039 4100 Patribus,
1057 4039 1219 4104 quorumalli
1238 4053 1266 4088 ex
1284 4039 1351 4090 Publi

117 4106 201 4157 locum
222 4117 251 4153 ex
264 4103 339 4152 Paulo
356 4105 449 4182 allent:
467 4103 579 4184 ripaeis
591 4101 621 4156 cll
639 4101 711 4185 piste-
763 4108 884 4172 epistolis,
902 4109 943 4158 alil
963 4121 991 4156 ex
1001 4107 1128 4169 Evangelio
1142 4107 1202 4156 illud
1213 4108 1350 4185 desumtnpn

185 4165 710 4295 ‘ratiocinationis
761 4169 1277 4306 centoculumuictus

117 4253 231 4360 ppppspp·
258 4321 306 4356 nen
331 4309 377 4356 inm
408 4253 484 4358 exstit
511 4276 575 4373 opu’tl
600 4309 710 4370 Paulum,
793 4311 813 4358 l.
832 4310 911 4360 l'elclt.
931 4309 955 4360 3.
983 4279 1057 4360 anon:
1080 4307 1128 4358 rob
1151 4305 1236 4375 λόγου
1255 4255 1350 4359 agarici

116 4377 205 4427 iisdem
215 4371 535 4439 saltemrerbiseapmta:
555 4377 710 4441 legiturqui·
760 4371 858 4442 γέγονε
876 4369 952 4443 σάρξ.
988 4377 1017 4428 lit
1034 4379 1073 4428 hic
1091 4391 1187 4428 rursum
1207 4379 1303 4428 desinit.

116 4446 173 4522 dem
195 4441 350 4519 tjtbeset,
369 4441 410 4492 ll.
427 4434 710 4524 uirtu'rlcemcictra·
796 4459 819 4507 p.
837 4444 882 4496 les.
901 4438 957 4524 lyei
973 4439 1031 4510 εἰμι
1051 4437 1066 4504 ἡ
1085 4436 1220 4526 tippulae!
1311 4503 1320 4524 ²

115 4525 149 4562 το
166 4506 257 4560 sotor
280 4503 413 4575 κατίχετε.
448 4511 498 4562 Sul
524 4510 583 4561 tiled
601 4505 712 4578 δόκιμοι
796 4513 820 4562 b.
839 4503 1348 4576 Tanrrn.les.lr.l.orrievptoreu1.
