3216 5048
571 277 680 321 oseem
696 279 717 320 ι.
732 277 848 322 uuum
862 277 996 326 turonos.
1325 267 1388 332 233

163 429 283 494 mudum
305 429 386 510 ipse,
409 427 460 508 qui
482 445 586 494 omues
608 427 786 504 senetiiimt,
809 429 940 509 seipsum
963 447 1018 512 pro
1040 431 1128 496 nobis
1150 432 1231 496 Petri
1254 431 1473 496 suumin-erto.

163 549 230 596 uere
252 531 338 603 dioit,
368 547 428 592 nou
451 547 523 590 seue
544 537 577 590 ιιι
599 529 725 592 Verbum
748 539 882 594 sunctum
904 531 969 601 bet.
997 534 1050 594 sed
1079 539 1112 596 ut
1140 534 1204 614 ipse
1233 534 1263 596 in
1286 536 1388 614 seipso

163 615 224 694 ists
244 651 348 695 omues
371 639 492 692 sanetus
512 629 631 702 reddet3
659 630 702 692 ite
717 631 837 711 puriter
864 631 911 694 bis
940 634 1038 696 verbis
1067 635 1216 701 enoltooit
1237 655 1305 700 eunt
1326 654 1388 698 uou

163 733 384 812 intelligendum
408 739 464 802 ost,
487 749 555 792 euru
577 732 695 808 exuiteri
718 737 798 802 inem
812 733 974 796 attissimus
988 741 1056 809 eet),
1078 737 1132 798 sed
1155 738 1180 798 is
1204 747 1251 800 eet
1266 757 1387 812 seusus,

165 844 199 897 ut
219 835 356 896 videlicet
382 832 429 893 iiie
458 832 578 912 quidem
606 851 662 912 pro
682 832 770 894 uobis
792 833 904 896 iustitie
926 835 1024 908 tieret,
1052 855 1109 898 uos
1137 851 1234 902 eutem
1262 841 1292 901 iu
1320 841 1388 920 ipso
1466 865 1471 874 ·

166 936 364 998 exaltaremur
384 940 413 994 et
435 934 584 996 melorum
604 934 829 1014 ingrederemur
856 935 975 1006 ianuae,
1006 955 1079 1016 ques
1108 937 1173 1018 ipse
1199 959 1304 1002 rursus
1331 959 1388 1022 pro

168 1036 256 1098 nobis
278 1035 407 1114 operuit,
429 1035 595 1098 dicentibus
616 1035 663 1098 bis
685 1036 735 1116 qui
757 1035 999 1115 preeuumbent:
1021 1035 1132 1116 ,Tollite
1153 1051 1275 1118 portos,
1295 1047 1389 1124 probo-

170 1143 263 1219 eipes,
282 1150 411 1212 oeuroe,
434 1149 464 1202 et
485 1137 652 1209 tieoonini,
672 1150 783 1219 portue
804 1133 965 1200 aeternae!
987 1150 1017 1202 et
1037 1139 1178 1202 introibit
1192 1158 1249 1202 reo
1263 1142 1390 1221 pionius.
1433 1165 1440 1172 ·

168 1238 321 1318 Siquidem
343 1256 403 1300 uon
425 1239 474 1300 hio
494 1239 714 1318 intelligendum
737 1247 793 1313 est,
816 1239 929 1330 cieuses
953 1239 1096 1306 eiiuisse
1117 1249 1229 1320 portes,
1252 1243 1302 1320 qui
1324 1261 1390 1306 om-

167 1339 249 1404 eium
271 1340 416 1402 Dominus
439 1349 468 1401 et
489 1341 612 1402 etieotor
633 1327 705 1402 erut
749 1341 858 1402 Verum
882 1341 911 1403 id
927 1341 1014 1402 etiem
1028 1350 1152 1420 propter
1170 1359 1227 1402 nos
1249 1341 1394 1421 seriptum

167 1450 232 1516 eet,
254 1441 362 1522 quibus
383 1440 512 1522 peradisi
534 1441 622 1502 innuo
644 1451 707 1502 emt
728 1442 855 1504 ooeiuse.
901 1441 983 1504 Unde
1006 1443 1135 1504 humano
1165 1461 1248 1506 more
1269 1451 1395 1524 propter

167 1561 301 1616 curnem,
330 1540 421 1622 quem'
445 1541 596 1621 gestabat,
625 1541 661 1602 de
688 1541 738 1604 illo
766 1541 876 1604 dieitur
907 1542 1012 1607 Tollite
1037 1555 1149 1625 portos
1183 1554 1213 1607 et
1239 1547 1392 1620 introibit,

166 1645 247 1708 reiut
266 1663 373 1724 nempe
395 1643 517 1706 homine
538 1643 719 1706 introeunte.
763 1644 879 1706 Rursus
901 1663 971 1706 vero
994 1647 1062 1725 quio
1085 1646 1211 1710 Verbum
1233 1647 1313 1710 Deus
1335 1655 1393 1724 eet,
1494 1703 1501 1712 .

48 1797 57 1812 ,
167 1745 204 1808 de
226 1745 332 1808 eodem
354 1745 452 1807 divine
474 1745 591 1818 dicitur,
614 1741 772 1806 bominum
794 1765 863 1808 eum
885 1755 916 1816 et
936 1765 1036 1826 regem
1058 1748 1169 1828 gloriae
1187 1767 1267 1810 esse.
1312 1749 1395 1812 iisne

167 1855 266 1912 eutem
288 1855 420 1937 nostrum
442 1847 650 1909 exultationem
670 1847 798 1928 Spiritus
820 1856 940 1910 sendus
963 1849 1078 1928 peuimo
1091 1850 1273 1928 octogesimo
1288 1860 1391 1913 octove

143 2001 146 2006 ι
168 1949 216 2014 bis
240 1949 339 2012 verbis
360 1949 519 2029 praedicit:
549 1948 588 2012 iit
610 1953 782 2012 iniustitia
804 1960 858 2012 tuo
879 1949 1109 2023 euottebuntur,
1131 1955 1270 2032 quonium
1291 1950 1394 2034 pioriu

169 2031 295 2118 uirtutis
317 2071 421 2116 eorum
442 2063 476 2113 ιιι
499 2070 539 2115 eo.
585 2050 617 2111 Si
640 2069 732 2130 pomo
753 2049 847 2112 Filius
868 2051 981 2114 iustitie
1004 2059 1059 2123 est,
1082 2070 1142 2114 nou
1160 2070 1230 2132 ergo
1246 2051 1295 2115 iiie
1310 2054 1392 2116 exei-

169 2153 279 2216 tutione
301 2173 377 2234 opus
398 2153 502 2226 hebet,
531 2153 586 2215 sed
608 2171 664 2214 nos
686 2170 808 2226 sumus,
837 2153 940 2232 quiin
969 2151 1080 2214 iustitis
1108 2152 1285 2226 exaltemur,
1318 2171 1395 2233 quoe

168 2273 275 2336 nempe
297 2257 362 2336 ipse
384 2263 439 2316 est

258 2557 308 2618 te.
351 2553 403 2616 tila
431 2551 566 2616 similiter
593 2553 680 2616 verbe
706 2557 831 2619 donooit
852 2556 903 2618 iiii
922 2571 982 2616 nou
1001 2561 1127 2636 propter
1146 2555 1245 2635 ipsum
1267 2555 1395 2620 Verbum

173 2655 283 2738 scripte
305 2665 385 2718 sunt.
429 2654 501 2717 Num
523 2667 678 2736 antequem
700 2658 790 2719 bomo
813 2657 912 2731 beret,
941 2657 1117 2738 abnegetis
1138 2657 1175 2720 ub
1198 2658 1396 2739 omnibusque

172 2759 262 2822 rebus
291 2759 399 2822 creetis
425 2757 588 2842 seeundum
616 2767 767 2838 paternum
789 2759 1002 2838 proprietatem
1023 2758 1215 2832 odorabatur,
1245 2759 1395 2822 uss·diti-¹

172 2877 250 2924 mus.
283 2861 392 2922 Verum
413 2859 485 2920 iiiud
507 2859 544 2921 de
565 2859 615 2920 itio
637 2869 759 2939 propter
780 2878 837 2920 nos
854 2869 883 2920 et
896 2877 951 2938 pro
967 2860 1053 2922 uobis
1068 2861 1178 2922 dietum
1193 2870 1250 2922 est.
1282 2859 1396 2933 Quem-

172 2961 331 3024 admodum
355 2959 433 3022 euim
455 2969 486 3022 ιιι
508 2961 599 3021 bomo
622 2969 758 3022 mortuus
781 2968 825 3020 est
837 2968 878 3020 'et
899 2959 1053 3029 exultatus,
1074 2960 1118 3021 sio
1138 2969 1284 3038 quatenus
1306 2961 1398 3022 bomo

173 3062 309 3142 eeuipero
330 3061 451 3135 dieitur,
479 3061 560 3142 quud
582 3077 708 3148 semper·
724 3067 756 3120 ut
777 3057 856 3122 Deus
884 3059 1003 3132 hebuit,
1031 3066 1064 3122 ιιι
1090 3059 1203 3120 scilieet
1230 3057 1401 3120 huiusmodi

172 3163 261 3227 etiem
284 3163 350 3226 dutu
372 3163 463 3242 gretie
485 3163 608 3225 ud'nos·
623 3179 718 3240 usque
740 3159 930 3240 pertingeret.
971 3159 1035 3235 ,tiee
1060 3161 1140 3220 enim
1163 3157 1291 3220 Verbum
1311 3175 1401 3221 uerno

171 3275 303 3328 assumta
323 3264 499 3328 diminutum
522 3273 584 3336 est,
607 3271 640 3324 ut
661 3271 817 3341 quaereret
836 3260 1036 3342 accipiendam
1058 3261 1202 3340 gramm,
1224 3259 1277 3322 sed
1299 3259 1400 3339 potius

172 3365 304 3430 divinum
325 3365 454 3428 reddidit
474 3366 552 3446 quod
575 3364 686 3437 induit,
719 3381 816 3444 eoque
836 3363 1005 3429 numanum
1032 3380 1126 3443 genus
1153 3362 1291 3426 muuiiioe
1313 3361 1399 3424 iomi-

172 3467 304 3548 piuterit.
348 3467 386 3530 Ut
406 3467 484 3528 enim
507 3475 654 3547 quotenus
674 3464 725 3526 Dei
742 3465 869 3550 Verbum
891 3471 921 3526 et
942 3465 973 3525 in
994 3465 1089 3528 ionuu
1110 3463 1163 3527 bei
1185 3472 1259 3539 erut,
1281 3481 1400 3544 semper·
1429 3453 1441 3472 ⁰

173 3569 229 3632 iuit
249 3569 413 3643 adoratum,
434 3567 474 3631 itu
497 3568 575 3630 idem
597 3567 696 3640 etium,
718 3577 866 3646 quotenus
888 3567 979 3628 bomo
1001 3567 1095 3628 tauns
1116 3573 1148 3628 et
1168 3575 1290 3628 rooetus
1304 3565 1399 3640 ieous,

173 3671 328 3734 universus
350 3689 399 3734 res
420 3680 536 3733 erentes
557 3669 614 3733 sub
636 3668 763 3750 pedibus
788 3668 938 3731 subieetes
959 3667 1063 3742 babet,
1093 3685 1257 3748 omnesque
1283 3667 1315 3730 iu
1341 3667 1400 3730 boe
1428 3653 1432 3664 ’

173 3771 296 3836 mutius
317 3773 376 3853 ipsi
399 3773 521 3836 deotuut
541 3791 647 3853 genua,
669 3771 915 3851 euuiiteuturque,
936 3789 999 3833 nou
1017 3769 1250 3850 ignominiosum
1263 3768 1328 3832 eius
1350 3767 1399 3832 di·

176 3951 265 4024 φιὶνει
283 3947 457 4024 ὀγδοηκοστῷ
482 3947 574 4025 dydoip
596 3953 699 4024 ψαλμῷ
723 3953 762 4006 bi·
836 3957 864 4005 .i.
884 3957 940 4018 Rep.
959 3963 983 4006 et
999 3955 1104 4006 ieietm.
1123 3955 1146 4005 b.
1170 3946 1285 4021 εἴπαμεν
1306 3963 1329 4006 et
1347 3969 1403 4006 mox

173 4039 247 4092 rur·
265 4019 296 4076 tr
312 4025 346 4093 epi
364 4036 408 4082 ete
812 4017 903 4084 πάσης
917 4017 1038 4076 niuem.

848 4109 871 4155 p.
894 4093 935 4142 ste
958 4091 1056 4150 Sepuer.
1081 4089 1179 4140 notter.
1203 4097 1227 4139 et
1250 4089 1353 4140 i'riekut.
1379 4090 1403 4140 1.

813 4163 842 4210 tt
860 4159 900 4208 atti
919 4166 943 4209 et
961 4158 1017 4207 editi
1035 4149 1149 4225 εἴρηται»
1187 4157 1238 4207 Hos
1257 4148 1404 4224 ὃχριστός

816 4229 886 4279 obest
904 4241 917 4276 ι
935 4228 1044 4288 Sepone,
1061 4241 1103 4291 erto
1121 4226 1211 4276 tutem
1229 4225 1405 4275 :renuntiet

209 4311 233 4348 e.
250 4298 283 4346 Se
300 4297 391 4348 oerieu.
410 4289 489 4346 dotto
505 4287 521 4344 ὃ
537 4288 678 4360 bipertit.
714 4294 766 4345 Ιοι
817 4295 921 4346 ΓοΙεΙι.
940 4295 964 4344 b
983 4303 1007 4345 et
1024 4294 1097 4355 nepio
1114 4283 1294 4360 bnepodu'ttu.

176 4363 242 4416 idem
264 4378 280 4411 o
315 4356 345 4412 te
373 4361 405 4431 epi
428 4356 596 4431 duumuirp.
638 4363 719 4416 Ceteri
743 4369 768 4413 et
852 4363 875 4412 b.
893 4364 994 4424 Sepuen
1012 4354 1049 4416 'itt
1063 4353 1128 4428 rfl'e·
1374 4421 1381 4437 ι

176 4433 234 4482 editi
251 4424 283 4482 tr
300 4434 419 4483 omittunt
457 4435 507 4484 ιιοι
529 4437 587 4484 item
604 4435 704 4492 Serene.
721 4424 769 4479 nni
852 4431 904 4480 ts
952 4443 985 4480 er.
1004 4425 1266 4480 annumeratum.
1286 4423 1309 4474 1.
1331 4429 1406 4474 omit·

175 4493 232 4568 peip
248 4494 295 4550 ui
311 4493 353 4552 ed.
388 4501 452 4554 diiii
468 4510 494 4553 et
508 4501 550 4552 tbi
566 4493 614 4550 zoi
628 4491 685 4566 yiop
702 4489 743 4550 εὖ.
818 4503 873 4548 tunt
888 4445 949 4546 ὦ,
958 4487 1040 4548 ntis

209 4127 233 4178 d.
258 4127 300 4180 Sic
322 4127 421 4190 Sepuer.
449 4133 475 4177 ut
498 4127 600 4176 hebetur
623 4125 647 4176 in
671 4125 763 4176 Greeoo

175 4193 316 4262 Seripturue
325 4204 445 4248 contextu.
455 4194 481 4244 lu
490 4195 544 4246 etio
551 4203 573 4246 et
581 4195 638 4245 edit.
646 4185 678 4243 τό
688 4193 763 4244 deest.
