3176 5058
525 308 669 386 sossrocs
686 309 723 352 nn
738 309 902 354 sssrenrrs
917 311 1058 356 nxonxsn.
1344 299 1400 364 tst

177 458 316 538 ..quippo
338 463 385 520 ast
405 455 515 518 mentis
530 457 687 530 emanatio,
710 467 740 520 et
760 460 805 534 (ut
818 459 947 524 humano
963 479 1047 524 more
1062 462 1242 542 loquamur),
1265 479 1301 524 ex
1315 463 1489 526 condenso.

177 577 259 639 „per
281 577 316 620 os
338 557 490 620 emittimr.
536 558 618 618 llens
641 577 711 620 vero
735 578 808 638 quae
828 579 883 640 per
904 561 1033 641 linguam
1055 563 1188 643 prosilit,
1218 563 1336 626 diversa
1358 573 1406 627 est

178 679 222 734 „a
242 657 336 720 verbo
359 657 438 736 quoel
461 657 492 717 in
514 657 604 718 corde
627 658 740 720 existit:
762 659 841 722 istud
864 661 943 723 enim
964 673 1120 743 postquam
1143 664 1214 726 illud
1236 663 1406 744 praemise-

178 760 263 836 „rit,
284 765 435 828 remanet,
465 763 496 818 et
517 767 564 819 est
585 758 669 836 quale
691 769 777 822 autea
798 767 877 834 erat,
905 762 976 823 illud
997 783 1068 826 vero
1089 767 1287 846 praemissum
1309 765 1407 828 evolat

180 869 242 934 „et
263 859 491 937 circumquaque
513 858 623 918 fertur:
653 866 683 920 et
711 859 755 932 sic
783 867 831 920 cst
850 869 1007 942 utrumque
1029 864 1059 924 in
1080 866 1188 941 altero,
1216 868 1333 930 mmetsi
1354 865 1402 928 tli-

181 975 328 1030 „xersum
349 965 397 1018 est
417 956 453 1018 ab
476 957 586 1032 altero,
618 965 649 1019 et
675 976 769 1020 unum
791 967 876 1032 sunt,
907 959 974 1022 licet
1001 961 1061 1023 duo
1089 964 1158 1026 sint.
1200 968 1250 1029 Sic
1276 985 1402 1048 utruque

180 1057 296 1132 „Pater
317 1066 346 1119 ct
366 1057 459 1138 Filius
481 1076 573 1120 unum
595 1067 673 1130 sunt,
701 1067 732 1121 et
753 1059 782 1120 in
805 1059 984 1122 seinvicem
1006 1059 1074 1122 illos
1098 1081 1164 1124 esse
1184 1067 1402 1145 comprabatum

178 1166 287 1234 „est.“
330 1159 363 1220 ln
386 1158 518 1221 seeundo
540 1167 637 1222 aulem
665 1159 744 1222 libro
765 1161 839 1222 haee
866 1161 971 1224 habet:
1006 1161 1067 1237 „Ut
1089 1164 1167 1225 enim
1196 1183 1280 1226 mens
1302 1177 1403 1232 nostra

179 1269 322 1336 „eructat
343 1279 360 1322 a
381 1260 482 1340 seipsa
502 1260 634 1335 verbum,
657 1269 691 1323 ut
712 1261 752 1324 ait
773 1261 939 1341 Propheta:
962 1263 1124 1326 Eructavit
1146 1281 1200 1326 cor
1218 1283 1314 1326 meum
1335 1285 1405 1328 oer-

178 1363 279 1437 ,‚oum
300 1363 427 1436 losum,
449 1369 553 1442 estque
575 1370 734 1441 utrumque
755 1362 880 1424 alterum
903 1362 940 1424 ab
961 1363 1056 1424 altero
1078 1363 1249 1426 distinctum
1270 1363 1406 1426 obtinens

178 1463 313 1538 ,;looum,
336 1481 403 1524 cum
424 1462 497 1524 illud
519 1461 638 1542 quidem
660 1462 690 1524 in
714 1463 814 1542 cordo,
836 1463 915 1526 istud
938 1463 968 1526 in
991 1463 1090 1543 lingua
1113 1473 1143 1526 et
1164 1484 1218 1528 ore
1235 1483 1405 1528 commore-

176 1573 254 1640 „tur
275 1572 305 1626 et
324 1575 496 1638 movestm3
519 1581 581 1624 non
605 1570 701 1626 tamem
724 1563 849 1626 alterum
871 1564 908 1625 ab
930 1564 1024 1626 altero
1040 1565 1139 1640 dmtat,
1161 1583 1218 1628 nec
1232 1583 1266 1628 se
1281 1565 1406 1630 invicem

175 1711 196 1740 „
204 1665 367 1746 privantur,
401 1681 498 1743 neque
522 1681 607 1724 mens
630 1663 696 1725 sine
717 1663 808 1726 verbo
831 1671 894 1735 est,
923 1683 1021 1744 neque
1050 1665 1173 1728 verbum
1200 1667 1267 1728 sine
1295 1673 1406 1740 mente,

174 1766 258 1840 „sed
280 1783 365 1827 mens
387 1764 512 1826 verbnm
535 1764 618 1838 iacit,
642 1773 671 1826 et
692 1765 722 1826 in
746 1765 813 1844 ipso
836 1773 973 1845 apparet,
1003 1776 1033 1828 et
1054 1766 1176 1830 verbum
1197 1775 1327 1829 mentem
1350 1785 1405 1830 cx·

174 1865 299 1941 „hiltet,
320 1865 350 1927 in
373 1884 429 1945 qua
452 1867 561 1926 iactum
584 1874 640 1938 est,
662 1884 805 1946 mensque
827 1875 875 1928 est
891 1869 976 1947 quasi
991 1868 1115 1930 verbum
1135 1867 1312 1942 immanens,
1335 1886 1405 1930 ver-

177 1966 275 2052 „lsum
297 1973 394 2028 autem
417 1965 501 2045 quasi
523 1983 608 2028 mens
629 1967 810 2046 prosiliens:
832 1986 916 2030 mens
940 1967 971 2030 in
992 1970 1114 2031 verbum
1136 1969 1258 2042 tramit,
1280 1967 1403 2030 verbum

177 2074 336 2142 „mentem
357 2066 388 2128 io
410 2067 637 2128 circumstantes
659 2067 810 2130 auditores
832 2068 978 2130 insinuat:
1002 2076 1032 2130 et
1052 2069 1197 2130 siemens
1213 2067 1404 2148 perverbum

175 2168 424 2243 „inauditorum
447 2167 555 2228 ommis
578 2167 756 2242 collocetur,
779 2175 809 2230 et
830 2186 887 2230 uua
910 2186 976 2230 eum
999 2169 1090 2230 verbo
1114 2168 1212 2230 intrat.
1256 2166 1297 2228 Ac
1318 2183 1403 2228 mens

176 2269 323 2347 „quidem
346 2275 394 2330 ost
415 2269 500 2350 quasi
521 2276 607 2348 pater
622 2268 714 2343 serbi,
736 2269 767 2330 io
787 2267 883 2348 seipsa
908 2269 1048 2344 existens,
1071 2268 1192 2330 verbum
1208 2274 1306 2328 autem
1320 2266 1405 2346 quasi

178 2369 281 2444 „illius
302 2368 423 2442 montis,
446 2387 507 2430 non
529 2377 599 2430 ante
620 2369 714 2448 ipsam
738 2368 867 2448 quidem,
891 2369 945 2430 sed
967 2387 1063 2446 neque
1087 2376 1168 2428 extra
1189 2366 1284 2446 ipsam
1298 2367 1404 2428 iactum

178 2486 279 2543 „esse
298 2475 414 2548 potest,
449 2468 502 2530 sed
526 2469 678 2548 cumipse
702 2469 816 2543 existit,
850 2477 881 2530 et
907 2468 943 2529 ab
972 2468 1038 2548 ipsa
1065 2465 1248 2548 germinavit
1291 2465 1404 2528 Eodem

178 2587 324 2648 „quoque
354 2567 443 2629 modo
465 2569 552 2631 Pater
572 2569 621 2632 ille
643 2569 787 2634 maximus
823 2577 853 2632 et
873 2587 958 2631 mens
980 2569 1027 2632 illa
1051 2567 1224 2632 universalis
1247 2577 1315 2630 ante
1337 2585 1403 2628 om-

175 2669 253 2744 „nia
274 2668 380 2732 Filium
402 2669 492 2732 habet
513 2671 653 2745 Verbum,
677 2671 870 2750 interpretem
893 2679 924 2732 et
944 2669 1086 2750 Angelum
1110 2673 1230 2732 suum.“

264 2969 317 3028 24.
360 2965 440 3026 llaec
461 2966 506 3027 vel
527 2985 677 3044 uunquam
700 2967 810 3028 audivit
830 2967 933 3038 llrins,
956 2967 1002 3030 vol
1023 2967 1050 3026 si
1072 2967 1181 3028 audivit
1203 2984 1263 3026 non
1285 2965 1395 3026 intelle-

177 3065 223 3128 xit
243 3065 334 3126 homo
357 3062 509 3124 indoctus:
537 3064 654 3126 namsi
676 3064 885 3138 intellexisset,
913 3083 973 3126 non
1000 3072 1079 3126 mota
1107 3065 1259 3126 mendacia
1280 3064 1317 3124 tls
1340 3063 1405 3142 epi-

178 3183 272 3247 seopo
295 3162 514 3244 pervulgassel;
537 3164 598 3226 imo
619 3164 722 3245 potius
744 3163 834 3240 illum,
858 3172 892 3226 ut
912 3183 978 3237 nos,
1002 3162 1040 3224 oh
1058 3163 1179 3225 insitum
1201 3163 1230 3224 in
1253 3163 1407 3224 vanuum

172 3268 278 3341 odium
301 3265 439 3328 convitiis
459 3265 622 3328 insectatus
643 3265 760 3328 luisset.
803 3265 876 3328 llam
899 3283 965 3327 cum
987 3263 1094 3326 Christi
1117 3263 1155 3326 sit
1178 3263 1284 3336 hostis,
1306 3261 1405 3326 liben-

173 3369 289 3432 tissime
308 3373 507 3448 persequetur
528 3367 606 3440 illos,
634 3367 683 3448 qui
706 3385 780 3446 quse
803 3367 910 3430 Christi
932 3373 1003 3430 sunt
1023 3365 1150 3446 sapiunt,
1174 3373 1206 3428 ut
1226 3365 1292 3446 ipse
1312 3379 1488 3446 prae-oeae.

174 3469 250 3530 dixit
269 3469 431 3532 Dominus:
465 3467 500 3530 Si
518 3487 564 3530 me
581 3474 765 3550 persequuti
783 3480 872 3548 seut,
895 3480 925 3531 et
945 3487 999 3532 oos
1016 3479 1251 3550 persequentur.
1293 3469 1353 3530 Aut
1375 3466 1402 3528 si

175 3578 281 3650 putant
301 3569 461 3649 impietatis
488 3571 620 3650 patroni,
650 3589 751 3634 secum
775 3571 885 3634 sentire
906 3569 1096 3649 Dionysium,
1126 3570 1228 3632 eadem
1255 3588 1330 3650 quae
1353 3568 1401 3632 ille

177 3670 316 3746 scribant,
339 3671 441 3734 eadem
462 3675 674 3751 proliteantur3
697 3671 828 3734 scribant
849 3671 981 3750 exempla
1003 3671 1061 3744 illa,
1085 3671 1122 3732 de
1142 3671 1227 3733 vinea
1249 3689 1356 3752 nempe
1371 3679 1402 3732 et

174 3771 317 3868 agricola,
340 3773 377 3834 (le
399 3772 508 3852 scapha
529 3781 559 3834 el
580 3773 680 3847 labro,
710 3781 741 3835 et
761 3791 819 3836 una
842 3774 1055 3846 confiteantur,
1083 3791 1157 3850 quac
1179 3772 1245 3852 ipse
1267 3771 1400 3834 consub-

209 4040 231 4074 e.
250 4025 307 4074 lte.
332 4023 401 4074 solus
425 4018 439 4071 t
461 4019 491 4074 ol
508 4023 572 4078 νοῦς
588 4018 669 4102 lepor
687 4025 757 4076 mole.
809 4035 913 4076 mentem
933 4025 1078 4091 quandoque
1098 4013 1186 4087 legitur
1203 4017 1345 4073 ἕκκυκλεΐν.

173 4093 227 4156 lior
247 4084 261 4138 l
277 4039 398 4156 ffiloyoc
406 4085 456 4140 τὸν
464 4091 532 4142 νοῦν
540 4085 578 4146 εἷς
587 4107 651 4146 xovt·
660 4085 758 4159 ἀκροα-
844 4095 860 4143 ι,
879 4095 935 4156 lloq.
948 4093 1021 4144 Basil.
1040 4100 1065 4141 et
1082 4084 1309 4160 elitilvstiprisret.
1333 4090 1399 4143 Tou·

172 4153 224 4211 τὰς
240 4152 365 4222 ἒγκυκλεῖ.
394 4161 474 4210 Genius
486 4161 599 4224 loquendi
611 4177 622 4210 a
634 4161 758 4212 Clemente
810 4163 855 4212 rio.
875 4161 944 4212 colb.
963 4161 1008 4210 les.
1027 4159 1066 4209 l'r.
1082 4159 1099 4210 l.
1119 4153 1265 4226 ἐνίδρυται.

172 4228 333 4278 Alexandrino
352 4228 537 4292 frequentatum.
562 4229 758 4294 Sicnpotpsm.
845 4244 868 4290 q.
886 4227 983 4278 laurio.
1002 4227 1071 4278 Collo.
1090 4227 1136 4276 les.
1153 4229 1199 4277 soli
1218 4219 1232 4274 ὃ
1252 4233 1306 4276 oute
1320 4218 1398 4289 plys-

173 4310 199 4358 p.
212 4293 259 4370 βο.
278 4289 332 4372 [⁶⁶2
347 4291 424 4358 Silis}
448 4285 569 4359 ipsomet
589 4293 629 4361 τῷ
645 4293 757 4363 θεάτρῳ
811 4307 883 4348 στος.
919 4293 993 4344 Poolo
1009 4289 1120 4359 postttus'
1131 4304 1185 4344 onte
1198 4285 1393 4357 epystolam

172 4373 238 4414 roos
266 4361 361 4417 omos,
389 4363 450 4414 lleot
475 4367 501 4413 io
524 4367 637 4416 tltestrum
659 4367 757 4416 inducit.
811 4364 834 4412 in
853 4365 909 4426 lteq.
928 4361 1166 4412 Taurio.Colb.les.
1202 4361 1394 4426 Opportuueto·

171 4429 240 4478 Alias
263 4423 300 4492 [p.
325 4425 362 4492 Q]
389 4421 525 4494 ἒγκυώῖν
549 4429 608 4486 τοῖς
633 4431 755 4486 θεαταῖς,
810 4445 865 4480 men
885 4430 989 4494 positum
1009 4430 1111 4478 violetur.
1315 4479 1323 4498 Ι

163 4499 341 4562 ¹spectatoribus
358 4497 486 4550 incinuere.
520 4500 589 4564 lputl
607 4500 687 4566 ipsum
700 4500 755 4551 Cle·
802 4557 805 4562 Α
843 4497 984 4548 ultorio.
1002 4495 1071 4548 Colb.
1090 4495 1136 4544 les.
1155 4491 1223 4542 Ful.
1247 4483 1397 4546 everelm-

1156 4573 1195 4624 9*
