3014 5050
470 229 720 276 consuetarum
737 233 934 280 samurensis.
1063 207 1065 211 ’
1259 225 1317 292 781

93 393 182 448 otum.
224 383 333 444 Verum
356 397 415 442 non
440 389 487 442 sat
507 379 566 443 iilis
588 381 662 457 tuit,
685 383 740 445 sed
761 401 882 446 rursum
904 385 1091 466 impudenter
1111 407 1182 452 sese
1202 401 1318 470 gerunt,
1327 410 1403 454 noos

1 525 2 552 ι
91 493 126 548 ut
146 483 331 564 trinepotem
354 481 476 555 faciam,
506 500 541 544 se
563 483 740 546 exercitatos
763 471 800 546 ud
821 477 1012 566 pugnandum
1042 507 1108 552 cum
1130 490 1227 553 Verbo
1250 499 1317 556 tan-

92 587 219 667 demque
240 584 382 663 Spiritum
404 591 539 646 sanctum
562 593 767 664 oppugnantes
789 585 870 648 brevi
894 589 958 650 sore
979 589 1149 670 iusipientia
1165 610 1218 653 sua
1233 611 1317 655 mor-

1 729 3 756 ,
91 696 173 751 tuos.
217 687 354 748 Profecto
376 684 465 746 ctiam
487 684 513 746 si
536 682 602 764 quis
625 685 662 746 ad
685 685 853 748 huiusmodi
876 705 980 750 eorum
1002 689 1251 770 interrogationes
1265 709 1316 754 re·

1 837 2 862 2
92 788 253 869 spondeat,
285 784 378 848 nihilo
405 785 504 848 minus
532 784 618 846 malis
649 786 849 864 excogitandis
878 788 1063 863 incumbent,
1082 811 1128 862 ¹eo
1156 793 1254 855 sotum
1286 803 1319 855 ut

92 896 269 968 quaerentes
298 906 357 949 uon
386 887 552 959 inveniant,
585 885 631 949 vei
659 886 812 949 audientes
840 906 901 949 uon
929 889 1100 970 intelligant.
1145 894 1316 956 Cuiusmodi
1354 907 1359 914 '

91 1007 185 1070 porro
213 995 284 1050 suut
311 971 431 1050 callidae
459 987 593 1067 ipsorum
622 987 895 1066 interrogationes?
946 989 1006 1063 „Si
1035 991 1163 1069 Spiritus
1196 1005 1406 1066 sauctuspeos.

1 1143 2 1152 ,
93 1107 181 1164 ,,ιιοιι
204 1089 244 1151 sit
265 1097 408 1162 ereatura,
431 1105 513 1166 ergo,
535 1087 626 1162 aiunt,
649 1087 726 1150 titius
750 1097 812 1164 est,
835 1097 865 1152 et
885 1089 992 1153 naues
1015 1092 1074 1153 duo
1097 1103 1167 1155 suut
1188 1096 1316 1159 Verbum

93 1199 207 1271 „atque
228 1191 327 1271 ipse.“
370 1189 477 1251 Postea
500 1188 696 1262 subeuntum,
725 1198 758 1251 ut
778 1189 902 1252 scribis:
931 1190 986 1265 „Si
1008 1191 1136 1271 Spiritus
1159 1204 1317 1258 sanctusa

91 1293 195 1365 „Filio
218 1291 351 1370 accipiet,
373 1298 403 1352 et
425 1289 461 1350 ab
485 1290 551 1369 ipso
573 1291 660 1352 datur
682 1291 733 1365 (ita
754 1289 834 1352 enim
850 1291 993 1371 scriptum
1009 1299 1107 1369 est);“
1131 1303 1160 1355 et
1180 1296 1318 1374 protinus

91 1394 236 1455 inierunt:
261 1405 352 1470 „crgo
375 1408 446 1453 avus
471 1397 518 1452 est
538 1391 636 1464 Pater,
660 1398 690 1452 et
711 1409 806 1470 nepos
829 1391 894 1454 eius
917 1400 963 1454 est
985 1392 1149 1472 Spiritus.“

176 1497 206 1556 2.
251 1492 325 1565 Quis
354 1492 427 1553 hacc
453 1490 578 1552 audiens
602 1489 787 1554 Christianos
820 1500 851 1553 et
872 1509 932 1553 uon
960 1493 1062 1573 potius
1089 1513 1222 1575 paganos
1250 1496 1317 1558 illos

1 1661 3 1690 ἱ
91 1592 296 1658 existimabit?
347 1593 420 1654 Nam
442 1591 511 1653 talia
533 1592 638 1672 pagani
661 1592 817 1654 adversum
847 1611 903 1654 nos
933 1593 1012 1656 iuter
1044 1613 1078 1657 se
1100 1595 1317 1676 colloquuntur.

91 1695 166 1770 Quis
188 1695 267 1756 solet
287 1695 323 1755 ad
346 1691 494 1755 eiusmodi
517 1691 634 1756 illorum
657 1693 802 1756 insaniam
818 1693 1027 1773 respondere?
1054 1697 1124 1758 ttihi
1140 1715 1212 1760 sano
1228 1697 1318 1760 multa

1 1859 2 1868 ,
88 1814 205 1860 ιιιεειιιιι
226 1793 375 1874 reputanti
405 1786 439 1856 ac
467 1794 619 1872 quaerenti
649 1804 862 1873 congruentem
890 1794 947 1857 illis
976 1798 1207 1875 responsionem
1238 1797 1319 1860 nullu

89 1897 218 1961 occurrit
238 1903 357 1976 praeter
378 1893 467 1968 illam,
494 1912 569 1974 quae
591 1903 662 1956 tunc
683 1893 851 1957 Pharisaeis
866 1895 939 1958 'data
961 1904 1016 1958 est
1062 1898 1317 1970 Quemadmodum

1 1979 2 1996 ¹
90 1999 168 2061 enim
192 2015 245 2058 eos
266 1995 344 2059 mato
360 1995 459 2056 animo
478 1993 643 2056 sciscitatos
659 1993 789 2058 vicissim
805 1996 947 2058 servator
961 1996 1162 2077 interrogavit,
1184 2008 1218 2060 ut
1231 2017 1317 2061 meu-

1 2093 2 2096 '
89 2100 128 2162 tis
151 2117 221 2162 suae
243 2097 468 2178 perversitatem
491 2094 550 2173 ipsi
571 2095 727 2168 sentirent,
750 2095 795 2156 sie
815 2095 955 2173 quoniam
976 2105 1007 2157 et
1027 2096 1077 2159 isti
1100 2098 1167 2159 talia
1186 2117 1317 2177 percun-

89 2209 215 2272 ctantur,
238 2199 336 2260 dicant
358 2196 446 2257 nobis
468 2195 537 2274 ipsi,
560 2193 607 2255 rei
629 2195 946 2273 potiusrespoudeant
964 2195 1147 2274 interrogati,
1170 2196 1315 2275 quemad·

1 2299 2 2304 ’
89 2303 211 2365 modom
233 2299 290 2378 ipsi
312 2297 504 2373 interrogant.
551 2293 797 2372 Quandoquidem
813 2293 891 2354 enim
914 2294 983 2354 dum
1005 2295 1177 2374 loquuntur,
1199 2296 1316 2358 iuventa

1 2399 2 2406 '
88 2421 151 2464 uon
172 2398 338 2477 intelligunt
359 2414 428 2468 sua,
457 2396 586 2456 tortasse
612 2393 658 2455 vel
686 2393 840 2456 audientes
869 2393 1015 2457 insaniam
1038 2415 1122 2458 suam
1144 2405 1316 2476 agnoscent.

1 2481 2 2506 ³
89 2503 122 2563 Si
144 2497 273 2579 Spiritus
297 2504 416 2559 sauctus
439 2513 500 2557 non
523 2503 570 2558 est
592 2503 735 2568 creatura,
758 2495 837 2558 utin
852 2497 1058 2575 superioribus
1081 2499 1315 2560 demonstratura

90 2611 147 2676 est,
168 2599 221 2663 scd
243 2598 275 2660 in
294 2596 358 2659 Deo
381 2603 429 2659 est
451 2603 481 2657 et
503 2615 539 2658 ex
560 2595 622 2658 Deo
645 2597 740 2671 datur,
763 2615 833 2676 ergo
856 2597 934 2658 filius
958 2606 1006 2660 est
1021 2601 1103 2680 ipse,
1127 2609 1157 2662 ct
1171 2601 1229 2662 duo
1246 2593 1317 2662 sunt

88 2703 196 2764 tratres
218 2700 284 2781 ipse
306 2706 336 2760 et
356 2697 466 2773 Filium
488 2704 519 2759 et
540 2697 568 2760 si
589 2697 655 2760 Filii
677 2707 724 2759 est
747 2697 877 2778 Spiritus
899 2709 987 2782 atque
1009 2719 1025 2763 a
1046 2701 1121 2762 Filio
1144 2701 1242 2762 omnia
1264 2719 1315 2762 ac-

89 2803 160 2883 cipit
180 2801 324 2881 Spiritus,
347 2806 381 2861 ιιι
401 2800 443 2860 ait
463 2797 554 2878 ipse,
574 2806 605 2860 et
626 2818 692 2862 cnm
714 2800 907 2879 detumescet
929 2801 1008 2864 dedit
1029 2801 1117 2863 iilum
1138 2799 1314 2883 discipulis,

88 2897 158 2962 riam
180 2911 210 2964 et
229 2919 284 2962 ros
306 2900 379 2961 haec
400 2898 542 2974 fatemini,
566 2918 637 2979 ergo
661 2917 732 2962 avus
755 2900 903 2962 estPater
925 2909 1071 2981 atnepos
1094 2902 1159 2964 eius
1182 2910 1229 2964 est
1244 2900 1314 2980 Spi-

88 3001 177 3063 ritus.
222 3001 305 3073 Quac
327 3000 406 3061 euim
428 2999 615 3064 sciscitantes
637 3020 654 3062 a
676 3001 763 3063 uobis
785 3001 938 3081 quaeritis,
964 3000 1002 3064 de
1023 3001 1128 3064 iisdem
1149 3021 1204 3063 ros
1226 3009 1256 3062 et
1277 3019 1313 3062 ex

88 3100 197 3163 iisdem
218 3100 395 3179 interrogari
417 3119 544 3180 aequum
572 3108 627 3163 est
673 3101 759 3174 Quod
790 3103 816 3164 si
845 3120 920 3182 quae
947 3101 1057 3181 scripta
1086 3109 1157 3163 sunt
1187 3099 1313 3178 negatis,

87 3219 150 3263 uou
172 3201 247 3264 ultra
270 3199 428 3264 Christiani
452 3200 568 3264 dicendi
591 3203 674 3277 estis,
697 3211 726 3265 et
745 3221 800 3282 par
822 3211 868 3264 cst
888 3210 922 3263 ut
937 3219 994 3263 uos
1010 3207 1113 3281 utpote
1128 3199 1313 3263 Christianos

1 3387 2 3392 ἵ
88 3302 289 3383 interrogetis.
334 3303 387 3366 Siu
410 3301 513 3365 eadam
535 3321 610 3382 quae
632 3321 690 3366 nos
713 3303 821 3384 legitis,
847 3320 973 3365 necesse
995 3310 1042 3364 est
1061 3318 1116 3363 ros
1137 3318 1255 3380 quoque
1276 3299 1313 3362 de

87 3403 194 3467 iisdem
218 3404 262 3466 sic
283 3403 409 3466 anobis
432 3404 618 3483 interrogari.
661 3404 755 3466 dicite
776 3405 866 3484 igitur
888 3412 977 3466 etue
999 3401 1184 3476 cunctemini,
1209 3420 1246 3464 an
1260 3401 1312 3464 Fi-

86 3504 145 3568 lius
168 3514 214 3568 est
235 3505 364 3585 Spiritus
387 3511 417 3567 et
438 3523 509 3568 avus
532 3504 643 3568 Pater?
688 3505 774 3580 Quod
804 3505 830 3568 si
861 3505 1069 3568 ratiocinantes
1099 3512 1132 3566 ut
1161 3503 1311 3566 Pharisaei

86 3757 139 3808 idox
168 3764 223 3807 anta
249 3746 330 3804 αιίτοι
351 3756 375 3806 ia
401 3755 472 3806 editis
499 3749 527 3805 oi
543 3757 675 3820 tegebatur,
761 3757 785 3807 h.
804 3749 871 3805 otrt
895 3757 963 3807 abest
985 3772 999 3806 a
1018 3757 1114 3808 Gobter.
1134 3765 1157 3807 et
1174 3755 1314 3806 feteret.

85 3826 130 3875 sed
159 3823 228 3874 deest
246 3825 268 3873 in
293 3824 349 3886 flag.
369 3823 468 3886 sepner.
488 3825 634 3876 Gobleriauo
653 3834 677 3875 et
727 3824 780 3874 idox
806 3825 861 3886 dep.
887 3832 911 3874 et
933 3823 1032 3886 Sequar.
1049 3817 1126 3890 ὑμεῖς
1142 3831 1215 3874 recte.
1252 3823 1314 3874 Editi

85 3893 194 3968 rateto.
214 3892 236 3941 l.
265 3958 270 3968 ι
565 3959 589 3969 ..
727 3883 811 3957 ἡμεῖς.
848 3891 997 3970 Pauiopost
1013 3891 1112 3955 Sequor.
1130 3891 1314 3942 dosittiobier,

118 3963 134 4010 t.
155 3960 197 4010 Soc
214 3959 302 4020 Regius
320 3957 451 4019 etSequer.
488 3957 514 4006 lu
533 3959 673 4008 edrtrsraro
727 3967 751 4008 et
769 3959 908 4009 deiciemi.
925 3971 1049 4024 ayyoror.
1085 3958 1175 4008 ibidem
1192 3959 1315 4020 aSepoar.

85 4036 109 4076 et
127 4027 214 4078 ceteris
233 4027 293 4076 haec
304 4016 673 4104 dadpuaoipwdesqurqntqr.
728 4026 826 4076 Gobter.
845 4026 1025 4076 etdetctm.1.
1043 4020 1102 4075 dora
1120 4025 1195 4076 abeat.

85 4093 675 4240 terionterretur,aaran
794 4121 846 4238 q
948 4127 971 4236 o

86 4227 566 4358 qqqurssqrequiqquirquiud:tquqqqueest.
578 4226 619 4276 ιω
638 4241 673 4276 m
725 4219 1313 4345 Goqqeqqnqranqqqqqossgpmgaqqtgrcqedisiqo

120 4377 143 4423 ς.
163 4363 226 4414 Haec
243 4365 327 4414 oouter
345 4375 398 4413 cum
416 4361 584 4426 superioribas
597 4361 672 4427 Epist.
725 4361 777 4411 idox
801 4362 824 4411 in
849 4361 906 4425 fleg.
931 4353 975 4410 ὅτι
992 4362 1067 4412 deest.
1103 4359 1194 4409 Ibidem
1213 4357 1313 4420 Sequar.

87 4423 106 4476 l.
123 4442 146 4478 ιι.
162 4428 193 4478 te
210 4425 246 4494 [p.
262 4430 312 4482 too
330 4437 388 4482 extr.
407 4430 478 4480 huius
496 4425 556 4495 ed.].
726 4420 740 4476 ὁ
759 4419 816 4482 υἱός
833 4423 915 4483 ἐστιν.
