3216 5048
611 323 889 374 carrica-coram
903 327 1040 375 maroc.
1371 323 1435 390 227

203 473 305 542 coacti
349 473 439 548 Quod
460 472 487 535 ai
509 490 608 548 uuor,
630 481 664 536 ut
684 484 797 556 putant,
821 475 964 544 exaltatus
985 489 1043 556 eat,
1065 484 1216 564 quomodo
1238 493 1325 551 cutm
1345 489 1521 552 laeli-rau.

204 581 291 642 nouit
319 575 419 640 cuclm
448 575 666 652 ardescente,
695 586 725 640 et
746 579 868 642 iterum:
895 583 982 645 dedit
1009 582 1177 650 cloiaiorca
1200 605 1303 652 vocem
1324 588 1435 654 oucml

205 677 353 752 Quocirca
375 677 402 738 ai
424 674 512 736 etiam
534 677 706 756 priusquam
729 679 814 742 lieret
834 681 980 756 muodua,
1008 683 1100 763 gloria
1127 688 1239 766 potitus
1263 695 1310 752 cst
1330 689 1434 766 Vilius,

204 787 235 843 ct
255 778 402 842 llomious
424 775 535 856 plurim
557 786 588 839 et
609 777 770 843 albasimua
792 781 863 854 luit,
892 791 979 862 atque
1002 803 1019 846 e
1040 787 1128 850 caelia
1151 789 1320 867 descendit,
1350 811 1434 858 som·

204 881 319 960 pcrqire
341 878 510 942 adorandos
533 887 589 954 est,
612 898 674 942 ooo
691 899 762 961 crgo
777 889 935 962 postquam
950 883 1103 948 descondit
1116 890 1222 953 melior
1236 899 1283 956 cst
1297 893 1432 975 ellectua,

207 981 260 1042 aad
281 979 384 1060 potios
406 983 457 1055 ea,
485 1000 560 1061 quae
587 981 760 1063 indigebant
786 992 819 1046 ut
848 983 972 1048 meliora
993 985 1116 1059 tierent.
1143 991 1271 1056 reddidit
1297 995 1432 1060 meliora.

208 1081 296 1154 Quod
318 1082 345 1142 ai
367 1090 399 1144 ut
419 1099 476 1143 uos
498 1083 639 1146 meliores
662 1083 800 1147 redderet
820 1085 990 1162 descendit;
1012 1105 1073 1148 noo
1095 1086 1185 1167 igitur
1202 1096 1325 1170 praemii
1339 1097 1433 1162 inetur
1483 1147 1490 1158 .

202 1181 318 1262 accepit
339 1201 449 1244 nomeu
471 1182 537 1245 Filii
559 1192 589 1246 et
609 1184 678 1258 lloi,
702 1185 756 1247 eod
778 1186 844 1266 ipse
865 1187 966 1267 potius
991 1188 1105 1264 effecit,
1135 1198 1169 1252 ut
1190 1208 1247 1252 uos
1270 1195 1317 1256 sui
1336 1196 1431 1260 Patria

205 1279 257 1346 tilii
280 1301 428 1357 essemus,
451 1294 481 1354 et
500 1285 639 1349 bominac
660 1285 741 1350 lleos
762 1287 893 1350 reddidit
913 1291 1008 1352 tactus
1029 1290 1095 1371 ipsc
1116 1291 1220 1354 bomo.

225 1431 229 1436 -
289 1387 341 1450 ³9.
384 1385 450 1448 Nou
479 1385 568 1466 igitur
595 1405 661 1450 cum
690 1387 790 1450 homo'
809 1398 907 1464 essct,
935 1392 1029 1455 iactus
1053 1401 1100 1456 eat
1121 1401 1226 1474 postca
1248 1393 1346 1471 Deua,
1381 1397 1435 1460 aed

204 1494 318 1559 contra,
341 1505 407 1550 oum
428 1488 509 1550 lleua
531 1497 622 1562 osset,
646 1499 750 1568 postea
772 1489 864 1552 bomo
886 1492 982 1554 lactus
1005 1501 1060 1568 est,
1083 1513 1144 1573 quo
1167 1513 1223 1558 uos
1246 1495 1314 1576 ipsc
1333 1498 1433 1576 potius
1456 1479 1462 1488 ¹

177 1653 181 1664 ,
203 1587 283 1650 ilem
305 1587 443 1668 alliceret.
486 1589 626 1668 Alioquin
649 1590 676 1652 si
698 1598 769 1658 tuuc
790 1599 914 1668 tactum,
938 1613 1004 1656 cum
1026 1596 1120 1657 lactus
1144 1605 1192 1658 est
1213 1597 1320 1674 bomo,
1342 1597 1433 1662 Filioa

203 1696 234 1752 ct
253 1689 333 1752 Deua
356 1698 404 1752 cat
425 1689 601 1770 appennino,
624 1691 649 1753 si
670 1691 752 1765 item,
776 1702 933 1774 autequam
948 1695 1035 1758 tieret
1048 1698 1149 1772 bomo,
1171 1698 1289 1777 priscos
1304 1700 1432 1780 populos

202 1789 283 1854 licus
304 1791 382 1854 lilios
405 1793 534 1865 vocarit,
557 1801 587 1854 et
607 1793 740 1874 Moyse'm
761 1794 856 1856 Deum
878 1797 1033 1860 coustituit
1052 1798 1238 1874 Pharaonis,
1260 1799 1350 1880 idquo
1371 1819 1430 1862 oo·

202 1892 293 1955 minis
314 1892 413 1956 multia
437 1894 589 1976 Scriptura
611 1895 753 1970 attribuit,
774 1913 840 1960 mum
862 1897 918 1960 ait:
942 1899 1023 1962 llcua
1039 1905 1123 1966 stetit
1136 1905 1170 1964 io
1185 1903 1431 1984 syocqoqullco-

201 2013 289 2066 ncm,
320 2004 417 2076 patet,
447 2016 514 2060 eum
543 2007 614 2077 poat
641 1998 710 2060 illos
740 1998 894 2062 etlilium
918 2007 948 2061 et
969 2000 1063 2064 llcum
1085 2021 1156 2064 ease
1178 2003 1299 2068 dictum.
1344 2004 1430 2077 Quo·

96 2135 102 2142 -
202 2097 292 2159 modo
320 2117 390 2178 ergo
419 2100 518 2162 omnia
547 2104 602 2178 per
632 2099 732 2178 ipsum
755 2109 852 2162 creata
881 2109 965 2174 sunt,
995 2101 1119 2182 ipseque
1147 2112 1194 2164 eat
1225 2111 1294 2165 anto
1321 2104 1430 2178 omnia,

202 2207 253 2262 aut
273 2200 424 2280 quomodo
446 2185 579 2262 bmnium
601 2218 703 2262 rerum
724 2209 888 2264 creatarum
910 2199 1127 2280 primogenitus
1149 2212 1211 2276 eat,
1234 2203 1284 2282 qui
1307 2211 1374 2265 ante
1397 2221 1430 2265 se

202 2299 276 2364 alios
297 2301 402 2373 babet,
431 2302 481 2380 qui
509 2309 538 2362 ct
567 2301 618 2362 lilii
640 2310 670 2364 et
691 2301 732 2362 dii
754 2301 823 2364 dicti
847 2301 932 2364 siot‘l
976 2302 1135 2374 Quomodo
1157 2321 1227 2366 vero
1249 2303 1338 2382 primi
1358 2321 1431 2383 par-

204 2400 308 2478 ticipes
329 2401 419 2461 Verbi
440 2419 502 2462 noo
525 2409 596 2463 suot
616 2401 801 2483 participes?
845 2403 919 2465 Vera
946 2403 1081 2482 prolecto
1108 2421 1170 2466 nou
1198 2411 1245 2464 est
1272 2409 1332 2465 lam
1358 2422 1430 2484 per-

204 2517 290 2560 rea-aa
312 2498 431 2580 opinio,
459 2501 512 2563 aed
535 2511 734 2564 commentum
756 2523 861 2566 corum
884 2513 947 2576 cat,
976 2503 1026 2583 qui
1053 2521 1134 2566 nuuc
1153 2504 1313 2566 ludelauot.
1356 2499 1431 2568 Nam

204 2600 236 2662 ai
253 2600 293 2662 ita
316 2609 377 2689 eat,
407 2605 457 2682 qul
479 2603 543 2666 llari
564 2611 679 2684 puteat,
708 2613 741 2667 ul
762 2605 855 2668 Deum
876 2605 993 2668 Patrem
1022 2603 1112 2686 aliqui
1144 2604 1329 2686 agnoscant?
1370 2606 1432 2670 Nec

203 2701 282 2764 onim
304 2701 424 2784 ado'ptio
447 2705 513 2767 aine
532 2723 602 2767 vcro
616 2705 691 2769 Filio
714 2707 777 2768 fieri
793 2715 901 2786 puteat,
924 2707 1071 2786 cumipse
1094 2707 1186 2770 dicat:
1209 2707 1301 2770 Nemo
1318 2725 1430 2788 coquo-

204 2809 262 2869 aclt
283 2805 405 2870 Putrem
426 2811 491 2870 ctat
509 2806 605 2870 Filica
627 2818 655 2871 ct
678 2812 728 2870 col
747 2808 844 2872 Filius
867 2810 1059 2872 reocluocrr't.
1104 2809 1263 2882 Quomodo
1279 2810 1350 2872 item
1365 2810 1430 2872 siue

203 2905 301 2967 Verbo
329 2903 360 2968 et
387 2915 455 2969 ante
477 2907 603 2970 Verbum
626 2908 706 2970 Deus
735 2908 802 2986 quis
825 2909 900 2970 effici
922 2917 1025 2988 queat,
1060 2927 1126 2970 cum
1153 2909 1218 2988 ipse
1245 2909 1281 2977 ad
1304 2909 1517 2973 ludaeorum.

205 3005 332 3068 ictorum
354 3007 460 3071 iratres
482 3007 527 3070 sic
546 3008 700 3086 loquatur:
725 3007 761 3070 Si
780 3008 851 3073 illoc
867 3007 945 3070 ileos
969 3009 1056 3084 dimit,
1080 3010 1119 3072 od
1141 2992 1214 3087 quoa
1234 3007 1360 3070 Verbum
1374 3007 1433 3070 ilci

203 3108 321 3188 scotum
343 3107 412 3172 cat?
453 3109 550 3172 Porro
580 3109 607 3170 si
630 3127 751 3182 omues,
784 3115 931 3186 quotquot
958 3126 1025 3170 cum
1053 3107 1105 3169 tilii
1135 3115 1198 3169 tum
1225 3107 1266 3168 dii
1294 3106 1433 3186 appellati

203 3216 275 3272 aunt
296 3209 358 3272 sire
380 3209 410 3272 io
433 3211 523 3272 terrio
544 3195 609 3272 siva
621 3208 661 3280 ,iu
684 3207 782 3283 caelis,
806 3227 861 3288 por
876 3208 1002 3271 Verbum
1019 3217 1048 3272 et
1069 3207 1121 3271 filii
1138 3215 1168 3269 ct
1182 3207 1222 3269 dii
1238 3216 1309 3273 aunt
1323 3206 1431 3280 allecti,

201 3309 327 3390 ipseque
349 3311 441 3374 Filius
463 3310 591 3374 Verbum
615 3318 677 3384 eot3
699 3310 889 3389 perspicuum
913 3328 984 3372 saue
1006 3309 1105 3384 luerit,
1129 3326 1234 3372 omnes
1256 3309 1431 3389 peripsum

201 3411 280 3475 tilios
302 3413 397 3488 effici,
421 3412 520 3492 ipsum
543 3431 613 3474 vero
636 3420 705 3474 ante
727 3429 850 3485 omncs,
872 3413 932 3474 imo
954 3429 1024 3472 vero
1047 3410 1144 3473 solum
1167 3427 1233 3472 eum
1254 3428 1357 3473 rerum
1378 3408 1430 3472 rt-

202 3511 274 3576 tium
297 3521 327 3576 el
348 3515 445 3576 solum
468 3533 502 3578 ex
525 3514 588 3577 llco
610 3532 682 3576 roro
705 3531 808 3578 rerum
829 3511 922 3576 ileum
945 3531 1023 3586 coac,
1050 3531 1106 3575 oco
1125 3511 1292 3574 mercedem
1314 3509 1430 3576 uirtutis

202 3613 276 3678 baec
296 3616 446 3698 accepisse
468 3633 565 3696 neque
587 3615 676 3678 alium
697 3615 734 3678 ab
756 3615 814 3680 illis
837 3633 914 3692 csse,
938 3615 991 3678 ced
1013 3617 1119 3678 natura
1141 3621 1172 3675 et
1193 3611 1360 3676 substantii
1379 3609 1430 3674 illa

234 3883 257 3928 a,
276 3869 317 3918 Sic
334 3845 434 3925 Siaucr.
471 3870 499 3918 dt
523 3868 563 3918 alii
589 3877 614 3919 ct
630 3869 687 3918 editi
704 3859 792 3928 πάσης
842 3861 867 3917 cl
884 3859 899 3914 d
918 3859 983 3920 υἱός.
1024 3865 1084 3915 lbid.
1109 3864 1215 3920 ialclrm.
1233 3865 1257 3918 b.
1279 3855 1325 3912 xci
1348 3845 1373 3930 ql
1395 3853 1431 3912 dr

200 3929 328 3992 ariorum,
353 3929 425 4002 ἔχων
448 3929 512 3988 τοὺς
528 3929 582 4003 πρὸ
601 3928 692 3984 abaci.
730 3937 790 3986 ibid.
844 3925 925 3988 ababa
943 3925 1113 3997 ἀποκαλύψῃ.

202 4017 287 4053 οωηνι
306 4019 363 4054 maa.
381 3995 458 4058 uiobc
473 3997 519 4052 xci
531 3995 619 4056 θεοὺς.
644 4003 705 4052 diditi
718 3995 792 4056 υἱοὺς
877 4003 899 4050 lr.
918 4001 958 4050 Sic
975 4001 1115 4061 Sequeriao.
1134 4007 1157 4048 et
1176 3999 1232 4060 lias.
1268 3997 1312 4048 dlii
1332 4005 1355 4048 ct
1373 3997 1431 4048 editi

200 4064 246 4119 uui
263 4063 338 4121 θεόν.
374 4073 433 4122 ttem
452 4071 510 4122 ibid.
528 4073 627 4134 Sequor.
646 4062 674 4118 cl
688 4067 791 4136 μετοχῇ
841 4065 901 4123 πῶς
918 4059 946 4116 δ’
965 4059 1000 4116 ἂν
1016 4061 1070 4118 aul.

200 4137 315 4206 πρῶτοι,
876 4136 893 4186 Ι.
911 4138 952 4185 Sic
962 4139 1061 4196 Sequor.
1089 4135 1118 4184 tr
1136 4132 1176 4182 alii
1195 4139 1218 4180 et
1236 4131 1292 4182 editi
1310 4124 1342 4179 ct
1359 4130 1431 4179 orcit-

184 4237 186 4244 “
235 4241 258 4291 b.
283 4240 324 4292 Sic
342 4241 442 4304 Sequor.
470 4241 498 4291 dt
514 4238 555 4291 olii
572 4253 626 4290 com
640 4237 710 4290 editio
723 4229 790 4299 αὕτη
841 4189 1432 4325 ’ἐπ’ὅτιξωἨῗῖἯξέἒΒᾶξχξ,λὲζπὲῗιῖ

202 4297 219 4367 ἦ
237 4299 314 4366 δόξαι
332 4301 529 4376 παρεξεῦθὲωῐ·
842 4339 933 4399 taglic.
952 4335 1132 4386 etidcirco.
1159 4336 1186 4382 tt
1204 4333 1244 4382 alui
1257 4330 1346 4381 ctedlt.
1357 4329 1431 4378 Com·

235 4409 251 4459 i.
280 4410 379 4471 Sequor.
406 4400 492 4463 citur
509 4401 525 4469 ri
543 4401 676 4459 clausola.
717 4406 792 4456 l’aolc
844 4405 900 4454 mel.
919 4396 935 4452 d
952 4396 983 4450 l'
1002 4415 1033 4456 or
1048 4395 1094 4448 nol
1111 4391 1245 4459 delerrita.
1271 4395 1431 4472 tloaSegucr3

184 4478 354 4540 pertidum.
375 4479 431 4541 κει.
450 4479 549 4529 Goblar.
568 4473 708 4526 folclebi.
727 4473 792 4522 eti.
841 4466 947 4537 peritior
1020 4457 1222 4544 μόιςονιαιίτὸς.
1259 4463 1323 4514 lidrtr
1350 4469 1374 4510 et
1391 4459 1433 4510 alu

174 4536 225 4594 wi
246 4538 285 4610 μὴ
310 4537 410 4598 tutte.
442 4547 489 4612 Alit
512 4551 536 4595 ct
558 4545 632 4595 editio
650 4539 794 4606 Commeliu.
841 4533 945 4604 μᾶλλον
961 4531 993 4584 di
1010 4527 1098 4587 ultor.
1169 4579 1229 4659 ‚w
