3214 5048
587 255 697 302 omero
712 259 744 302 rr.
762 259 877 306 eorm
891 261 1027 306 annuos.
1360 249 1422 314 313

155 491 160 496 ι
191 414 285 478 licum
307 415 525 494 protectorem,
561 407 605 470 sic
633 417 663 472 et
690 409 757 492 ipse
783 410 922 476 dominus
951 421 1055 477 noster
1076 421 1124 478 est
1144 415 1248 478 iectus.
1292 414 1353 480 Nec
1373 415 1511 480 inenor-

191 525 263 580 tunc
284 533 353 578 esse
382 509 495 592 coepit,
526 508 579 572 sed
609 529 667 573 nos
696 531 764 575 eum
792 513 944 578 dominum
972 515 1083 580 babere
1104 517 1304 598 incoepimus.
1348 517 1424 582 Nam

191 617 288 690 Deus,
317 614 366 694 qui
388 613 486 675 bonus
508 619 556 673 est
577 619 607 673 et
628 611 716 676 Pater
737 614 871 690 Domini,
903 617 1108 682 misericordia
1134 627 1235 682 motus
1258 619 1425 702 volensque

192 728 284 782 notus
307 713 445 778 omuibus
467 713 548 788 tieri,
576 713 663 788 iecit,
690 723 724 776 ut
752 735 825 779 suus
847 717 940 780 Filius
963 737 1073 800 eorpus
1100 711 1261 784 humanum
1284 721 1426 786 indueret

192 821 344 896 homoque
366 815 452 876 beret
473 823 503 876 et
523 823 680 878 vocaretur
701 816 802 890 lesus,
831 818 916 882 utin
939 837 975 880 eo
998 838 1123 902 corpore
1145 843 1201 904 pro
1224 823 1364 888 omnibus
1388 841 1423 887 se

195 908 327 982 nitereris
350 933 454 980 omnes
481 915 618 979 idolatria
647 925 678 978 et
699 918 891 998 corruptione
912 918 1053 982 liberaret
1074 939 1108 984 ac
1128 924 1261 988 omnium
1283 911 1422 988 dominus

194 1027 225 1082 et
245 1037 299 1080 rex
321 1017 415 1080 tieret.
457 1016 533 1079 Eum
555 1035 626 1098 ergo
648 1018 705 1086 bac
725 1011 840 1084 ratione
866 1020 1019 1084 dominum
1041 1029 1071 1084 et
1091 1039 1191 1102 regem
1213 1027 1320 1088 iactum
1342 1045 1422 1102 esso,
1449 1097 1457 1116 ,

194 1119 224 1183 id
246 1119 345 1200 ipsum
368 1119 516 1199 estquod
537 1119 643 1184 Petrus
664 1120 720 1184 ait:
742 1121 823 1186 Fecit
844 1142 911 1186 ιιιιιι
932 1123 1087 1188 doctiorem
1108 1134 1136 1188 et
1160 1123 1313 1190 Obrimum
1331 1103 1423 1202 ebra,
1506 1185 1511 1193 .

174 1222 275 1303 ·quod
301 1221 380 1286 idem
409 1229 458 1284 est
486 1240 521 1284 ac
546 1221 583 1284 si·
603 1222 729 1298 diceret,
758 1223 876 1286 Patrem
906 1243 973 1287 eum
1002 1224 1113 1288 iecisse
1138 1225 1301 1288 bominem.
1345 1227 1424 1290 Fieri

195 1324 274 1386 enim
296 1323 452 1406 proprium
480 1330 528 1386 est
548 1323 714 1388 bominum.
756 1325 819 1388 Nec
839 1345 911 1390 vero
933 1345 1001 1389 eum
1023 1326 1212 1389 solummodo
1235 1327 1304 1390 tecit
1324 1327 1425 1388 bomi-

193 1443 275 1502 nem,
299 1426 352 1488 eod
374 1427 459 1489 utin
481 1445 587 1490 omncs
610 1427 814 1490 dominaretur
836 1446 949 1509 eosque
971 1429 1112 1492 unctione
1134 1437 1255 1492 sanctos
1276 1427 1425 1490 redderet.

193 1527 269 1591 Nam
291 1527 347 1590 etsi
368 1528 496 1592 Verbum
518 1528 548 1590 in
571 1529 741 1592 formatici
764 1529 895 1593 existens
918 1530 996 1594 servi
1018 1533 1144 1594 sormam
1167 1530 1296 1611 accepit,
1326 1529 1425 1593 carnis

194 1639 293 1692 tamen
314 1630 459 1692 assumtio
482 1629 623 1706 Verbum,
646 1631 696 1711 qui
719 1631 859 1694 dominus
881 1636 987 1695 naturt
1009 1640 1082 1706 erat,
1106 1651 1224 1696 serrum
1241 1651 1301 1695 non
1317 1631 1426 1708 effecit,
1469 1665 1472 1670 ·

192 1731 246 1794 sed
268 1730 437 1794 universam
459 1732 562 1812 potius
584 1733 740 1796 bominum
761 1742 897 1796 naturam
919 1731 1019 1815 ipsum
1034 1733 1164 1796 Verbum
1178 1733 1322 1812 liberarit,
1346 1733 1427 1815 quod

190 1833 337 1909 Verbum,
365 1834 416 1914 qui
438 1842 543 1897 natura
564 1835 709 1899 Dominus
733 1844 818 1910 erat,
842 1836 930 1899 etiem
952 1839 1046 1902 iectus
1068 1835 1159 1898 bomo
1182 1855 1237 1918 per
1258 1836 1339 1898 servi
1359 1839 1423 1899 sor-

193 1953 272 1998 mam
294 1935 426 1998 omnium
447 1937 541 2000 tactus
564 1945 612 2000 est
632 1937 773 2000 dominus
796 1946 826 2000 ct
847 1935 1000 2014 Christus,
1030 1936 1060 2000 id
1083 1947 1142 2012 est,
1176 1945 1210 2000 ut
1238 1955 1343 2000 omnes
1371 1955 1427 2018 per
1503 1968 1509 1981 ·

194 2036 336 2117 Spiritum
359 2038 563 2101 sanctificaret.
607 2039 703 2119 Atque
725 2047 759 2102 ut
779 2037 869 2112 Deus,
892 2039 988 2102 iactus
1010 2037 1043 2100 in
1056 2037 1152 2101 Deum
1173 2047 1375 2120 protectorem
1395 2047 1427 2102 et
1506 2067 1511 2084 ·

193 2135 311 2201 dicens:
333 2137 397 2204 Ero
419 2141 483 2204 illia
504 2135 599 2212 Deua,
622 2158 684 2202 non
706 2133 779 2202 tunc
800 2139 894 2220 magis
916 2141 950 2203 tit
970 2139 1051 2204 Deus
1073 2140 1120 2202 rel
1141 2139 1206 2207 beri
1227 2138 1347 2219 incipit,
1371 2140 1426 2201 sed

193 2241 273 2322 quod
295 2259 415 2322 semper
438 2249 501 2316 est,
534 2241 564 2302 id
595 2240 682 2303 etiam
703 2241 738 2303 tit
765 2240 982 2321 indigentibus,
1011 2258 1079 2302 cum
1106 2239 1163 2320 ipsi
1192 2238 1352 2318 placuerim
1385 2235 1427 2298 ita

192 2361 311 2424 quoque
333 2341 489 2416 Christus,
521 2342 573 2422 qui
600 2351 705 2405 namra
733 2341 872 2406 dominus
901 2343 943 2402 et'
958 2359 1012 2402 rer
1039 2339 1239 2419 sempiternus
1269 2346 1331 2412 cst,
1363 2355 1428 2400 non

189 2445 288 2524 magis
310 2445 343 2506 fit
365 2443 591 2532 dominusltum
613 2461 679 2506 cum
701 2443 836 2520 mittitur,
859 2462 956 2524 neque
978 2437 1122 2506 dominus'
1141 2449 1170 2504 et
1190 2437 1242 2504 re'x
1264 2458 1334 2503 esse
1355 2447 1428 2502 tunc

177 2546 307 2627 ,incipit
331 2545 385 2608 sed
407 2545 488 2625 quod
508 2563 629 2627 semper
649 2553 705 2622 est,
727 2545 786 2608 boc
806 2546 905 2628 ipsum
922 2554 992 2608 tune
1013 2543 1101 2607 etiem
1118 2544 1282 2608 secundum
1305 2561 1426 2606 carnem

193 2649 288 2712 tactus
311 2655 373 2723 cst,
397 2647 601 2728 omnibusque
630 2648 793 2730 redemptis
822 2649 868 2710 fit·
883 2665 1002 2729 quoque
1022 2646 1081 2709 boc
1101 2646 1192 2709 modo
1214 2647 1374 2710 viventium
1395 2653 1427 2708 et

192 2759 380 2814 mortuorum
402 2751 553 2814 dominus.
597 2751 658 2813 tarn
681 2751 761 2814 enim
783 2751 853 2813 inde
869 2750 966 2813 omnia
982 2749 1041 2829 ipsi
1056 2749 1198 2823 serviunt,
1221 2749 1311 2828 idque
1326 2749 1427 2828 ipsum

194 2862 256 2926 est,
284 2852 364 2930 quod
386 2853 465 2913 canit
485 2851 592 2914 David:
622 2852 711 2914 Drtcit
732 2853 880 2914 Dominus
904 2851 1033 2914 Domino
1054 2869 1136 2922 meo,
1165 2851 1232 2912 aede
1260 2851 1423 2912 odcdtris

194 2953 385 3014 materterae
409 2969 524 3032 ponam
551 2955 689 3013 inimicos
720 2961 787 3014 tuos
816 2951 980 3014 scabellum
1004 2949 1115 3030 pectem
1143 2960 1278 3012 tuorum.
1322 2949 1426 3027 Neque

195 3054 275 3118 enim
298 3051 422 3114 decebat
441 3070 496 3132 per
518 3050 607 3113 atium
630 3049 845 3112 redemtionem
868 3051 944 3122 tisri,
966 3067 1053 3128 quam
1073 3067 1127 3128 per
1149 3067 1227 3120 eum,
1251 3047 1301 3124 qui
1322 3054 1428 3108 natura

193 3155 334 3220 dominus
358 3163 436 3229 erat,
465 3171 503 3215 ne
524 3171 580 3232 per
601 3151 693 3213 filium
717 3151 807 3214 creati
829 3151 918 3214 olium
941 3148 1157 3230 appellaremus
1179 3145 1355 3221 Dominum,
1377 3153 1425 3208 at·

192 3477 342 3531 teri’eiebm.
352 3475 385 3538 2..
404 3477 428 3526 in
447 3491 495 3542 qno
514 3485 540 3527 ut
558 3484 582 3526 et
592 3477 615 3527 in
628 3475 699 3528 editis
713 3475 783 3526 deest
837 3475 935 3528 Gobier.
953 3471 1128 3525 erraterrat.
1148 3461 1211 3520 τότε
1227 3463 1335 3536 γίνεται
1350 3462 1426 3526 θεός,

194 3538 287 3599 οὕτως.
327 3545 378 3594 btox
397 3547 495 3606 choer.
515 3541 663 3606 τρυτέσιιν.
691 3545 782 3596 ibidem
836 3535 890 3592 ἀλλ’
911 3534 977 3612 ὅπερ
996 3551 1041 3592 etc.
1066 3539 1163 3591 omissis
1189 3539 1347 3590 intermediis.
1382 3537 1427 3616 Α]ίί

193 3615 316 3678 baptimo.
341 3605 372 3661 τὸ
396 3605 492 3677 ἔλεγεν.
529 3613 587 3662 item
606 3615 707 3675 Seguer.
725 3612 782 3662 ibid.
836 3621 860 3663 et
886 3613 942 3663 editi
970 3619 1026 3676 post
1050 3607 1180 3674 γίνεσθαι
1212 3609 1325 3657 omittunt
1354 3607 1426 3660 deos.

194 3683 292 3735 oetier.
311 3687 335 3732 et
352 3681 489 3731 feletemt.
500 3681 554 3732 ott.
572 3673 661 3746 ἔλεγεν
671 3675 782 3750 Πέτρος.
836 3681 897 3731 ibid.
912 3679 1048 3731 Fetctro.4.
1066 3673 1112 3726 καὶ
1131 3675 1188 3730 τοῖς
1206 3667 1369 3743 ἀνθρώποις
1384 3667 1427 3740 yt-

226 3785 244 3837 t,
262 3783 402 3846 Saguntia,
427 3783 485 3846 neg.
511 3791 535 3833 οι
557 3783 693 3836 ΜΝ·
711 3783 736 3833 4.
754 3777 785 3832 δέ
834 3762 912 3800 verm
928 3743 1077 3815 δεομένοις.
1115 3753 1118 3758 ·

195 3854 315 3904 ⁰m⁵²²¹¹⁰¹·
863 3851 891 3900 ι.
910 3851 1009 3914 segue.
1028 3850 1084 3912 neg.
1104 3848 1209 3898 sertim.
1228 3847 1252 3897 ι.
1271 3855 1295 3896 o
1312 3845 1336 3895 ι.
1353 3835 1427 3902 sato

90 3957 97 3964 '
193 3945 202 3966 ²
227 3970 249 4017 g.
277 3952 415 4004 Feicbman.
434 3951 457 4002 4.
482 3942 586 4012 ἔδήλιυ.
628 3950 703 4001 Penio
728 3960 786 4016 post
829 3911 952 3984 χρωτός·
989 3918 1034 3968 ΑΜ
1053 3917 1151 3966 mdiu
1169 3905 1352 3984 mmmf'

195 4023 294 4084 Seguer.
313 4035 347 4082 ην
363 4014 502 4088 γινομένη.
534 4013 625 4071 ibidem
644 4019 742 4070 Gobier.
761 4026 785 4070 et
869 4019 887 4069 Ι.
906 4019 1004 4082 Seguer.
1024 4017 1121 4069 Gobier.
1132 4026 1156 4067 et
1165 4017 1268 4068 Feictm.
1281 4017 1303 4066 l.
1318 4007 1364 4064 καὶ
1382 4005 1429 4064 ὅτε

196 4091 302 4142 Feicbm.
323 4091 344 4140 1.
363 4082 426 4156 περὶ
443 4085 493 4137 τοῦ
509 4082 601 4154 λόγου.
835 4081 905 4137 κατὰ
923 4078 1012 4154 σάρκα
1029 4079 1189 4146 πεποίηται,
1209 4077 1427 4150 λυτρωσάμενος.

229 4193 252 4242 b.
271 4191 371 4253 Seguer.
392 4189 638 4244 Gobiecetieictm.
653 4191 674 4240 l.
693 4179 786 4256 κύριος
871 4205 903 4240 m.
922 4191 1022 4252 Seguer.
1041 4196 1064 4238 et
1076 4187 1215 4239 Feiclrm.t.
1234 4179 1331 4250 ψάλλει
1348 4179 1393 4234 καὶ
1412 4179 1427 4234 ὅ

193 4253 288 4324 λόγος,
314 4267 340 4309 ut
364 4267 388 4310 et
411 4260 519 4310 Nunnius
544 4258 609 4323 legit.
646 4259 671 4308 in
690 4259 744 4306 otiis
762 4263 787 4306 ct
836 4251 931 4324 Δαβίδ.
968 4255 1012 4308 tio
1032 4265 1056 4308 et
1073 4257 1130 4308 editi
1148 4247 1246 4319 ψάλλει
1263 4249 1357 4320 nuptu.

195 4329 265 4378 editis
291 4328 360 4378 deest
376 4319 464 4392 λόγος.
500 4327 591 4379 ibidem
609 4327 657 4376 καί
672 4326 786 4377 omittunt
870 4375 894 4410 n·
912 4360 1012 4420 seam
1030 4332 1134 4411 Gom
1147 4358 1285 4410 ethlom
1298 4356 1319 4405 ¹·
1338 4343 1391 4402 ‘mn
1412 4343 1428 4414 ἢ

195 4395 293 4448 ΕΜ·
312 4403 335 4446 ⁹²
352 4397 457 4448 mm·
478 4395 503 4462 ¹²
835 4421 884 4476 dod
906 4426 957 4476 τοῦ
980 4419 1065 4496 φύσει
1080 4421 1176 4497 κυρίου
1184 4457 1194 4483 ,
1229 4417 1275 4474 ἵνα
1298 4415 1345 4471 διὰ
1368 4413 1429 4470 υἱοῦ

230 4495 305 4546 bSic
328 4498 427 4561 Serner.
452 4497 508 4561 tien.
530 4505 555 4550 et
572 4496 677 4550 Fatebor.
695 4493 720 4546 4.
757 4493 785 4545 n
834 4491 887 4563 μέν
905 4505 950 4548 ιιι.

5 4565 16 4596 fl
