3220 5046
572 311 681 356 aarum
697 312 718 355 ι.
734 313 849 364 cunrat
864 313 998 358 ιιιιιιιοε.
1328 303 1390 368 225

245 471 297 536 38.
343 465 431 542 Quod
454 465 481 528 si
504 463 577 526 haec
598 462 715 526 illorum
738 473 786 528 εει
806 463 1017 528 de‘Salvalore
1039 469 1204 542 sententia,
1239 477 1390 549 sequetur,
1400 487 1480 532 ιιιιι.

160 591 228 636 eum
250 589 347 652 neque
368 587 472 631 verum
494 565 587 628 Deum
608 585 704 645 neque
725 585 828 630 renum
849 567 954 630 lilium
978 588 1073 650 neque
1093 569 1190 634 Patris
1213 589 1281 633 esse
1304 571 1391 634 simi-

160 675 234 746 lem,
263 691 320 735 aec
341 671 436 732 lleum
459 667 506 728 sui
528 665 623 746 ipsius
645 667 807 730 metandum
828 669 1025 732 substantiam
1047 680 1159 751 patrem
1181 671 1315 748 hebere,
1337 674 1392 738 sed

162 775 259 838 solius
289 771 347 835 sihi
378 787 537 832 concessae
559 767 686 847 ςιειὶεε,
715 787 750 830 ac
777 769 903 850 denique
925 770 1018 832 llsum
1040 782 1202 836 creatorem
1224 777 1271 838 sui
1294 776 1390 856 ipsius

163 875 329 940 secundum
358 871 552 934 substantiam
582 869 669 932 sicuti
702 887 751 931 res
778 870 851 931 alias
880 889 983 932 amnes
1011 871 1128 948 habere.
1150 921 1158 936 .
1179 877 1322 950 Quodsi
1349 879 1392 942 sit

164 975 323 1048 eiusmodi,
346 981 379 1034 ut
398 971 440 1034 illl
462 972 572 1046 volunt,
595 971 664 1034 inde
686 971 797 1034 clerum
820 971 901 1044 crit,
914 991 982 1034 eum
1004 973 1041 1034 ab
1062 974 1147 1037 initio
1169 995 1229 1040 non
1251 979 1392 1043 habuisse

165 1077 232 1140 Filii
253 1095 372 1148 nomen,
395 1074 422 1136 si
445 1074 583 1136 nimirum
607 1073 637 1134 id
660 1073 790 1135 numinis
811 1072 854 1136 illi
870 1073 1012 1136 ulturum
1028 1073 1068 1142 εἰι
1089 1083 1226 1156 tunquam
1249 1081 1391 1144 lactumm

76 1167 80 1173 ⁵
165 1181 271 1260 suique
293 1177 456 1259 praemium
478 1193 669 1257 progressus,
691 1175 741 1256 qui
764 1176 883 1255 quidem
905 1175 1003 1239 nullus
1025 1177 1081 1239 luit
1103 1177 1194 1253 alius,
1217 1197 1304 1257 quam
1326 1203 1392 1246 cum
1425 1251 1433 1268 ‚
1487 1237 1492 1246 ,

142 1265 258 1344 'lactus
281 1291 327 1344 εει
348 1281 491 1350 hamuel
513 1278 591 1339 servi
614 1279 739 1340 lormam
762 1279 885 1358 accepit.
930 1277 1014 1342 Tunc
1029 1280 1108 1342 enim
1130 1287 1187 1352 ast,
1209 1299 1277 1342 cum
1299 1283 1392 1346 lactus

164 1383 310 1444 obediens
331 1400 426 1462 nsque
448 1381 483 1443 ad
506 1389 643 1452 mertem,
666 1379 810 1442 exaltatus
827 1399 895 1442 εεεε
910 1389 940 1442 ει
961 1383 1019 1443 hoc
1040 1401 1149 1444 nomen
1175 1389 1312 1462 tunquam
1328 1383 1394 1464 sin-

113 1481 116 1488 '
164 1485 296 1563 gulanam
318 1485 440 1565 petiam
462 1481 612 1562 accepisse
635 1481 751 1556 dicitur,
775 1493 811 1545 ut
829 1487 860 1545 in
874 1487 994 1547 carniae
1008 1483 1079 1548 lesu
1095 1505 1180 1548 omne
1193 1505 1271 1565 penu
1286 1487 1395 1567 (iectu-

165 1595 227 1648 lur.
273 1585 351 1658 Quid
373 1603 444 1664 ergo
467 1584 522 1645 luit
544 1593 640 1656 antea,
667 1584 695 1645 si
715 1591 787 1646 tunc
808 1583 952 1646 exaltatus
974 1597 1020 1648 εει
1042 1588 1198 1667 coepitque
1220 1587 1338 1650 adorari
1361 1607 1395 1650 ac

162 1685 255 1750 Filius
279 1695 324 1750 εει
344 1685 519 1766 appellatus,
543 1703 609 1746 cum
631 1687 726 1748 ιἐειιιε
748 1684 805 1747 luit
825 1684 942 1748 homo?
984 1687 1106 1750 Videtur
1120 1687 1198 1750 edim
1214 1688 1291 1762 nulla
1313 1688 1344 1749 in
1360 1707 1394 1750 ra

163 1809 281 1852 carnem
309 1787 464 1850 meliorem
493 1786 676 1860 reddidisse,
710 1787 764 1848 sed
798 1787 897 1867 ipsum
925 1787 1025 1868 potius
1054 1809 1108 1870 pcc
1141 1808 1205 1851 eam
1238 1789 1392 1852 meliorem

164 1891 256 1954 luisse
278 1891 425 1964 ellectum,
449 1889 475 1951 si
498 1887 636 1951 nimirum
660 1897 738 1962 lunc,
762 1895 795 1952 ul
815 1888 906 1970 impie
927 1899 1040 1972 putant,
1064 1891 1206 1954 exaltatus
1227 1902 1273 1953 εει
1294 1901 1326 1954 ει
1340 1891 1391 1954 ri-

94 2027 99 2034 ·
162 1993 220 2056 ltus
243 1994 348 2068 dictus,
371 2011 437 2056 cum
452 1991 553 2062 ,tanus
576 2000 623 2053 est
644 1992 746 2054 homo.
792 1992 870 2066 Quid
892 1991 982 2072 igitur
1003 2002 1067 2056 erat
1086 1993 1196 2056 autea‘l
1239 1995 1312 2057 Nem
1335 2013 1391 2057 ce-

164 2115 248 2158 cesse
270 2105 318 2159 est
336 2115 391 2158 εοε
412 2095 518 2158 ltemm
542 2093 743 2172 interrogare,
773 2101 804 2155 ut
832 2094 920 2156 finem
943 2094 1060 2157 illorum
1089 2096 1249 2175 impietatis
1273 2096 1393 2158 undem

164 2195 366 2278 inspiciamus.
410 2197 442 2260 Si
465 2197 545 2258 enim
568 2195 713 2258 Dominus
736 2203 783 2258 εει
804 2195 899 2269 licus,
921 2195 1013 2259 Filius
1036 2177 1067 2259 εἰ
1088 2199 1232 2270 Verbum,
1260 2197 1393 2276 nihilque

163 2299 269 2361 herum
291 2309 356 2361 erat
375 2297 547 2378 priusquam
569 2298 660 2359 homo
682 2297 783 2370 ΰειεις
805 2297 850 2359 vel
872 2305 952 2358 certe
974 2298 1084 2378 aliquid
1099 2298 1177 2360 aliud
1193 2306 1257 2360 erat·
1276 2303 1395 2375 praeter

163 2399 229 2468 illa,
257 2417 384 2477 quarum
411 2406 517 2478 postea
547 2397 586 2458 ab
614 2399 754 2460 virtutem
783 2407 829 2460 εει
849 2399 998 2480 particeps
1023 2399 1162 2471 effectus,
1191 2399 1234 2460 uti
1256 2397 1394 2474 diximus,

167 2499 212 2560 vel
234 2499 328 2572 allud,
357 2498 435 2577 quod
458 2498 577 2580 quidem
600 2499 630 2560 in
652 2500 787 2580 ipsum·
810 2501 949 2564 reciderit
970 2501 1082 2583 capita,
1109 2501 1176 2562 illos
1200 2519 1324 2562 necesse
1346 2507 1395 2562 εει

167 2601 274 2674 dicere,
299 2619 366 2662 eum
389 2598 500 2660 scilicet
521 2619 617 2680 neque
639 2613 724 2665 antea
746 2603 889 2677 extitisse,
919 2604 971 2666 sed
996 2611 1090 2666 totum
1111 2606 1217 2666 nature
1239 2602 1393 2666 huminem
1433 2681 1438 2688 ι

168 2702 264 2764 εοΙιιιιι
287 2721 355 2764 εεεε
377 2701 508 2781 nihilque
530 2703 664 2783 amplius.
708 2705 815 2767 Verum
838 2707 911 2768 llaec
933 2725 993 2768 non
1016 2715 1062 2768 εει
1076 2705 1225 2768 Ecclesiae
1247 2705 1394 2780 doctrina,

167 2805 221 2866 aad
243 2802 465 2866 Semosetcnsis
494 2803 641 2884 huiusque
668 2806 1027 2886 temporisludaeorum.
1072 2807 1144 2870 Cum
1172 2807 1262 2886 igitur
1289 2805 1393 2868 eedem

166 2913 256 2986 alque
277 2905 318 2966 illi
340 2905 488 2978 sentiant,
509 2923 563 2966 cur
583 2923 643 2966 non
666 2915 699 2966 ut
721 2907 820 2968 ludaei
841 2907 1107 2980 circumciduntur,
1136 2908 1187 2968 sed
1215 2907 1282 2968 licte
1304 2905 1393 2968 cnm

166 3005 292 3068 slianam
314 3007 493 3086 prolitentiu
513 3005 600 3067 fidem
622 3015 654 3070 ει
675 3016 776 3068 εοειιε
799 3026 863 3069 earn
886 3005 1062 3068 decertanti
1094 3007 1168 3068 Nam
1191 3007 1217 3066 si
1232 3013 1318 3067 antea
1334 3023 1477 3068 nenena

167 3119 232 3170 erat
253 3115 303 3170 aut
324 3109 364 3170 ita
387 3119 473 3181 erat:
493 3117 526 3171 ut
548 3117 653 3187 postea
675 3107 780 3168 melior
801 3108 841 3170 eit
861 3109 1010 3182 redditus,
1043 3107 1193 3187 quomode
1221 3124 1276 3186 per
1297 3105 1395 3184 ipsum

166 3212 241 3273 lacta
265 3219 335 3272 ειιιιι
357 3207 481 3297 omnia?
525 3209 576 3272 Vel
599 3210 624 3272 si
647 3210 797 3290 perlectus
819 3229 881 3271 nun
904 3219 976 3284 erat,
1000 3208 1151 3290 quomedo
1167 3209 1197 3270 in
1222 3207 1288 3287 ipso
1310 3205 1396 3268 oble-

168 3311 301 3374 ctabatur
321 3309 433 3374 Pater?
465 3311 496 3374 Si
519 3331 611 3394 porro
634 3313 700 3394 ipse
724 3311 829 3374 melior
850 3313 972 3376 allectus
995 3321 1050 3381 εει.
1074 3310 1225 3392 quomodo
1240 3317 1325 3370 antea
1342 3325 1395 3370 cu·

168 3431 232 3488 ram
252 3414 340 3476 Patre
362 3413 548 3476 laetabatur?
590 3415 764 3490 Praeterea,
797 3415 823 3477 ai
852 3423 922 3496 post
949 3423 1075 3477 mortem
1104 3404 1272 3484 illi‘datum
1296 3417 1343 3472 est
1362 3407 1397 3472 ut

169 3515 352 3589 adoraretur,
373 3517 524 3596 mornado
546 3516 626 3580 illum
642 3517 826 3580 Abrahamus
842 3517 872 3578 in
886 3515 1074 3578 tabernaculo
1097 3523 1126 3576 et
1138 3513 1256 3596 Moyses
1271 3511 1302 3575 in
1317 3511 1393 3574 ruba

170 3615 311 3678 adorasse
333 3627 551 3694 memorantur,
581 3629 612 3681 ει
632 3629 665 3681 ιιι
686 3621 758 3683 vidit
780 3619 897 3692 Daniel,
926 3619 1016 3681 millia
1038 3617 1164 3700 plurime
1186 3615 1395 3678 ministrabant

170 3715 220 3780 eit
254 3717 286 3779 Si
309 3711 378 3780 item
402 3721 563 3782 secundum
581 3721 647 3784 illos
669 3721 775 3784 melior
796 3741 876 3804 nunc
897 3723 991 3784 lactus
1014 3728 1070 3794 est,
1093 3719 1243 3800 quomodo
1259 3715 1396 3779 caelestis
1422 3807 1426 3814 Ι

171 3819 293 3900 gloriae,
315 3839 372 3900 qua
394 3833 462 3883 ente
484 3824 626 3884 mundum
649 3823 810 3899 fruebatur,
833 3841 948 3886 memor
970 3823 1036 3902 ipse
1051 3821 1143 3883 Filius
1166 3817 1296 3882 dicebat:
1321 3816 1395 3880 utc-

171 3923 260 4003 rr'licc
280 3941 326 3992 nte
348 3933 396 3996 ιιι,
419 3923 528 3998 Pater,
549 3925 650 4006 pluria
671 3945 760 4006 quum
780 3927 863 4006 apud
885 3936 914 3988 te
937 3925 1042 3996 delui,
1061 3927 1243 4004 prinsquam
1264 3919 1396 3982 munder

204 4141 221 4191 l.
245 4141 286 4192 Sic
304 4142 443 4205 Sequericu.
479 4145 507 4194 lt
531 4144 571 4194 elli
596 4149 620 4194 ει
638 4143 695 4195 editi
713 4133 760 4193 ἄν·
810 4145 883 4210 paula
902 4152 958 4209 port
976 4135 1062 4192 αὐτὸν
1078 4134 1109 4192 lv
1124 4139 1158 4209 cpi
1169 4135 1263 4205 σκηνῇ,
1282 4147 1309 4188 ιιι
1325 4144 1350 4186 ει
1361 4135 1401 4184 la·
1441 4193 1448 4206 „
1509 4197 1512 4204 ,

169 4207 292 4274 θρυποε.
443 4243 452 4254 -
810 4215 841 4274 pit
860 4211 976 4262 Nunnius.
1012 4211 1040 4261 lu
1064 4213 1118 4262 aliie
1142 4219 1166 4260 ει
1190 4210 1261 4258 editis
1284 4195 1399 4254 deertlr

204 4293 225 4340 p.
245 4279 287 4328 Sic
304 4277 443 4338 chuerian.
468 4275 542 4328 Basil.
560 4279 682 4342 anglicas.
701 4280 759 4344 llag.
809 4278 842 4347 τῇ
859 4277 951 4346 σκηνῇ.
1346 4327 1354 4346 Ι

171 4346 269 4396 Gcbler.
287 4353 312 4395 ει
329 4345 435 4396 lelclm.
452 4345 475 4396 1.
494 4354 518 4396 ει
534 4347 558 4398 ὅ.
592 4349 636 4398 'llil
661 4363 718 4398 rem
736 4356 761 4399 et
843 4349 859 4396 i.
884 4347 1023 4409 seguntia.
1044 4339 1090 4394 itai
1113 4333 1297 4424 intpnuupqlw
1322 4330 1400 4392 Μιθ

170 4413 244 4463 aditio
269 4415 411 4465 commatre.
435 4405 461 4464 ei
482 4411 533 4463 νῦν
558 4409 663 4470 τέλειος.
707 4413 759 4466 llos
811 4405 903 4464 edred.
941 4416 1005 4464 idem
1025 4427 1078 4464 mm
1095 4425 1130 4478 με
1147 4423 1196 4466 σε,
1216 4417 1313 4469 nurum
1333 4411 1358 4450 ut
1376 4407 1400 4476 vl

169 4481 270 4544 Sauum.
287 4475 334 4529 est
351 4473 433 4536 αὖτὸε
449 4495 489 4546 γε.
811 4481 913 4530 natatur
936 4482 1002 4532 loen.
1024 4481 1063 4542 ιι,
1081 4480 1105 4529 a.
1140 4479 1202 4528 tatu
1229 4487 1284 4522 vero
1309 4475 1334 4518 st
1358 4467 1400 4516 utu

205 4550 229 4599 h.
247 4552 348 4613 chcer.
373 4543 510 4617 προσείπῃ
539 4542 651 4615 πατρὸς.
693 4549 761 4600 ldcm
809 4559 845 4614 με
861 4539 957 4614 πάτερ.

203 4636 476 4682 Διιιιιιιιιοεωεει.
488 4649 538 4682 ιιι.
1164 4623 1194 4669 ¹5
