2872 5046
413 245 556 286 errsroua
573 245 610 286 rr.
627 243 662 286 eu
680 241 873 286 susurronem.
1178 227 1237 290 813

1108 341 1129 394 0

30 398 156 461 hominis
179 397 394 476 blasphemare,
418 395 444 456 si
466 393 532 473 quis
554 411 624 454 vero
647 393 710 454 eius
734 411 823 472 opera
845 392 987 454 videat-in
1004 393 1118 471 Spiritu
1140 401 1330 454 sanctourm.

30 501 102 562 lacta
124 500 274 578 dicatque,
299 515 382 568 eum,
405 496 454 575 qui
478 495 544 556 talia
566 494 671 570 edidit,
694 513 749 555 nec
770 495 861 556 Deum
884 513 952 556 esse
974 513 1030 554 nec
1050 493 1103 556 Dei
1125 493 1243 566 Filium,

30 603 81 665 sed
102 621 136 663 ea
157 599 321 662 Beelzebuli
344 597 500 670 adscribat,
523 597 678 658 manilcsto
699 595 904 674 blasphemare
925 596 1059 674 negando
1082 597 1145 658 eius
1167 595 1244 657 divi·

30 705 158 765 nitatem.
202 702 318 763 Etenim
341 701 370 762 in
393 699 566 779 Euangeliou
590 681 678 769 dictu,
700 697 852 786 utisaepe
875 698 984 759 dictum
1007 707 1061 772 est,
1084 719 1150 761 cum
1174 699 1245 760 dicit
1332 767 1340 786 ⁹

27 805 132 867 Filium
155 805 294 876 bominis,
318 803 463 864 carnalem
486 810 515 862 et
535 801 692 861 humanam
715 817 797 860 suam
821 809 953 888 naturam
976 799 1099 872 iudicat,
1122 809 1242 864 utrum
1319 849 1326 860 .

30 907 169 984 Spiritum
193 905 277 978 dicit,
306 905 433 966 declaret
455 922 542 964 suum
565 907 631 963 esse'
655 909 786 963 sanctum
810 900 967 980 Spiritum,
997 901 1027 961 in
1055 921 1113 980 quo
1144 904 1242 966 omnia

29 1007 212 1085 operabatur.
265 1007 347 1068 Unde
365 1023 434 1067 ,cum
459 1013 548 1083 opera
572 1003 687 1076 ederet,
716 1003 826 1064 aiebat:
857 1001 893 1064 Si
917 1003 992 1064 mr'bi
1018 1021 1081 1064 oon
1110 1007 1241 1085 creditis,

29 1109 131 1171 saltem
155 1109 296 1189 operibus
319 1112 390 1168 meis
414 1107 540 1179 creditu
563 1117 598 1167 ut
621 1109 804 1186 copnoscutis
828 1107 897 1184 puio
919 1123 969 1183 epo
987 1109 1019 1165 in
1035 1103 1126 1167 Patre
1140 1119 1167 1168 et
1181 1108 1242 1170 ra-

27 1221 74 1272 ter
97 1215 127 1272 io
149 1229 203 1272 mo.
249 1209 321 1270 Cum
343 1215 440 1268 autem
463 1207 560 1286 seipse
582 1225 635 1286 pro
659 1205 746 1267 nobis
769 1205 961 1284 corporaliter
982 1205 1136 1268 oblaturus
1152 1219 1240 1282 esset,

26 1311 144 1390 quando
168 1329 201 1371 ea
224 1309 260 1370 de
283 1309 517 1374 causaascendit
532 1309 752 1388 lerosolymam,
773 1307 929 1388 Discipulis
945 1307 1008 1369 suis
1025 1308 1135 1370 aiebat:
1157 1310 1242 1372 lior-

24 1415 94 1473 mite
116 1418 174 1473 tum
197 1423 225 1473 et
247 1414 420 1491 requiescite
428 1435 438 1488 ,·
461 1429 524 1488 ecoe
546 1414 622 1471 enim
645 1413 899 1490 appropinquavit
922 1409 1007 1484 bore,
1031 1421 1059 1471 et
1075 1409 1169 1472 Filius
1186 1411 1242 1473 iro·

23 1517 113 1573 minis
143 1513 282 1576 medetur
310 1505 341 1574 io
369 1531 476 1574 monice
495 1522 698 1592 peccatorum.
742 1509 814 1571 Nam
843 1527 933 1590 opera
959 1510 1077 1588 quidem
1106 1513 1240 1586 effecere,

24 1621 56 1674 ut
78 1631 165 1675 verus
186 1613 266 1676 Deus
289 1615 474 1687 crederetur,
503 1633 584 1675 mors
606 1621 703 1682 autem
727 1613 790 1674 eius
812 1611 907 1692 palam
932 1613 1013 1682 lecit,
1043 1631 1109 1673 eum
1137 1631 1239 1676 revera

23 1735 134 1793 corpus
156 1715 280 1785 babere,
311 1717 437 1794 ideoque
467 1715 530 1776 iure
552 1715 658 1776 Filium
686 1713 815 1775 hominis
844 1713 958 1776 dicebat
986 1733 1053 1775 eum
1077 1733 1161 1784 esse,
1189 1715 1240 1794 qui

19 1817 201 1879 tradebatur.
247 1817 373 1878 Verbum
397 1817 474 1878 enim
498 1817 662 1878 immortale
681 1824 710 1877 et
732 1815 859 1877 intactile
881 1826 909 1877 et
931 1815 1080 1896 ipsissima
1102 1816 1160 1877 rita
1184 1825 1239 1879 est.

19 1921 130 1980 Verum
152 1937 208 1981 neo
228 1920 266 1980 iis
288 1919 436 1981 Pharisaei
460 1919 627 1993 credebant,
650 1937 745 1998 neque
767 1917 903 1980 uolebant
923 1911 1137 1998 ipsaluttorum
1166 1937 1239 1979 suo-

18 2039 88 2080 rum
112 2029 201 2099 opera
222 2021 339 2092 ridere3
367 2030 547 2100 quapropter
575 2039 627 2081 eos
656 2039 775 2081 rursum
803 2019 910 2080 leuiter
937 2021 1068 2099 coarguit
1095 2019 1238 2081 Dominus

18 2122 68 2182 his
93 2121 205 2183 verbis:
230 2123 265 2183 Si
285 2141 335 2202 epo
359 2128 389 2183 in
412 2121 616 2183 beelzebulem
639 2125 723 2183 eiioio
747 2121 916 2194 doemonia,
941 2121 1013 2183 Filii
1025 2126 1123 2183 uestri
1135 2126 1167 2182 in
1183 2141 1240 2201 quo

18 2223 170 2286 eiioirmt?
214 2223 283 2286 Ideo
313 2227 373 2302 ipsi
398 2223 509 2282 iudices
541 2224 638 2283 uestri
664 2231 766 2282 eruut.
810 2219 910 2282 Porro
940 2226 968 2282 si
988 2225 1021 2284 in
1042 2221 1161 2302 Spiritu
1184 2221 1243 2284 Dei

16 2329 105 2386 eiiciu
130 2327 303 2412 doemonio,
327 2323 467 2403 profecto
493 2323 636 2402 peruenit
662 2325 694 2381 ab
721 2339 775 2380 eos
804 2339 929 2398 repnum
956 2322 1021 2385 Dei.
1065 2323 1121 2385 llio
1143 2333 1239 2385 autem

14 2426 93 2485 dixit
116 2430 148 2485 io
171 2423 290 2503 Spiritu
312 2421 384 2499 Dei,
413 2439 473 2483 non
503 2421 581 2501 quod
609 2420 706 2482 minor
735 2431 814 2482 esset
836 2423 900 2504 ipse
923 2424 1048 2504 Spiritu,
1077 2444 1133 2487 neo
1155 2426 1239 2506 quasi

15 2523 148 2604 Spiritus
172 2523 257 2584 eain
281 2543 313 2585 se
336 2533 524 2604 operaretur,
548 2523 601 2584 sed
623 2530 655 2585 ut
675 2541 794 2585 rursum
816 2523 991 2598 declararet,
1015 2545 1065 2596 se.
1098 2546 1163 2588 cum
1187 2525 1240 2589 uei

11 2623 149 2686 Verbum
172 2632 262 2700 esset,
285 2621 503 2706 perspiritum
526 2623 625 2686 omnia
648 2625 779 2704 operari,
804 2627 1011 2707 auditoresque
1034 2627 1169 2702 doceret,
1195 2649 1238 2702 se,

11 2745 84 2789 cunr
109 2727 237 2806 Spiritus
261 2747 350 2808 opera
371 2727 535 2790 Beelzebuli
558 2726 768 2798 adscriberent,
792 2729 821 2788 iu
844 2749 877 2790 ea
901 2737 1072 2808 operantem
1096 2729 1239 2809 Spiritum

10 2829 235 2908 blasphemare.
279 2821 394 2891 Etenim
417 2831 491 2891 baec
512 2849 577 2890 cum
600 2829 679 2901 dicit,
704 2829 842 2900 ostendit,
867 2847 920 2890 eos
941 2848 1002 2890 non
1025 2847 1059 2891 ex
1074 2831 1239 2910 ignorantia

10 2929 68 2990 sod
96 2935 203 3005 sponte
233 2947 285 2990 sua
313 2949 345 2990 se
377 2929 407 2990 in
436 2931 511 2991 hanc
541 2929 790 2991 evidentissimam
817 2930 1029 3010 blasphemiam
1058 2933 1238 3010 implicasse,

8 3049 71 3091 nec
98 3027 265 3101 erubuisse,
288 3031 367 3118 quod
390 3049 422 3090 ea
446 3049 544 3110 opera,
568 3031 641 3110 quae
664 3031 708 3092 rel
731 3033 788 3111 ipsi
811 3032 863 3092 llei
885 3051 954 3093 esse
981 3042 1166 3112 compertum
1181 3034 1236 3093 ha-

7 3133 133 3201 berent,
157 3137 290 3192 amentes
305 3126 469 3193 beelzebuli
492 3133 722 3214 adscripsisseut
744 3143 830 3212 atque
852 3133 887 3194 ab
911 3135 1026 3214 impuro
1043 3135 1239 3214 spiritularta

5 3239 250 3296 asseverassent.
434 3243 436 3248 ·

2 3391 68 3450 lteg.
90 3385 223 3448 etSeguer.
242 3402 303 3450 qrros
321 3380 602 3452 sequimurer’pycisew.
654 3398 677 3440 et
694 3388 783 3451 duplic.
803 3379 830 3435 oi
847 3387 994 3453 Φαρισαῖοι
1019 3389 1070 3448 (sed
1089 3391 1187 3452 Seguer.
1207 3391 1237 3442 de

25 3455 72 3505 diti
95 3463 120 3504 ot
139 3453 179 3502 alii
197 3445 352 3519 εἰργάσατο.
389 3455 461 3504 Paulo
479 3458 602 3518 postllep.
655 3473 721 3506 more
740 3455 914 3523 Φαρισσαῑοι)
938 3465 959 3506 et
985 3459 1015 3506 ita
1040 3457 1097 3520 legit
1122 3459 1235 3509 Nunnius.

0 3515 166 3580 ιστεύητε.
202 3523 261 3572 lbid.
273 3532 397 3587 proposi
414 3516 505 3588 ἔργοις
522 3526 604 3575 deerat
653 3526 713 3574 Edit.
733 3525 847 3576 Comeret.
867 3515 1036 3572 olluodaior.
1075 3526 1125 3576 ltux
1145 3528 1237 3586 ltepet

1 3597 29 3644 iu
52 3593 140 3646 editis,
158 3591 200 3638 sed
220 3591 320 3640 babetur
346 3594 369 3640 in
389 3593 445 3654 lteg.
463 3601 486 3642 et
503 3593 601 3654 Seguer.
653 3595 800 3654 Seguerian,
819 3595 1047 3670 quossequirisum
1066 3602 1110 3656 est,
1129 3587 1156 3642 oi
1173 3587 1236 3646 otii.

0 3663 106 3710 ibidem
127 3657 225 3718 Seguer.
247 3653 396 3714 πιστεύητε.
652 3660 696 3710 lut
715 3668 737 3711 et
756 3661 811 3710 editi
830 3651 858 3707 οἱ
873 3655 941 3710 loos.
1039 3719 1042 3728 Ι

39 3746 61 3778 c.
85 3725 180 3784 anglio.
199 3717 291 3774 αὐτοῦ.
329 3726 363 3775 ld.
388 3741 441 3776 mox
465 3719 602 3790 postibi·
685 3744 705 3779 e.
723 3723 853 3778 recideret
871 3731 894 3778 ia
913 3729 1119 3792 liepetseguer.
1145 3729 1235 3780 lueliis

18 3793 69 3846 ίκα
91 3792 168 3846 trehet
184 3787 237 3842 καί.
273 3795 346 3842 Paulo
365 3803 420 3856 post
438 3796 469 3844 lte
487 3797 602 3857 .Seguer.
653 3805 676 3847 et
694 3797 763 3846 editis
781 3797 877 3858 legium.

9 3867 110 3916 'obtem
125 3868 149 3908 et
159 3859 263 3912 l’elclm.
276 3863 297 3910 t.
315 3853 386 3939 ξλεγε
403 3811 529 3910 sortitam
546 3863 603 3918 τοῖς
687 3865 703 3913 l.
728 3865 783 3926 lteg.
795 3865 925 3926 etSeguer.
940 3863 986 3915 soli
1005 3857 1078 3931 citui
1096 3857 1235 3932 ἰνεργοῦν-

22 3927 156 3992 accrate
179 3931 269 3980 omisso
297 3925 388 3984 αυτοῦ.
429 3931 520 3980 ibidem
545 3933 600 3994 Reg.
651 3945 698 3983 τος
715 3935 806 3982 omisso
824 3922 952 3996 ἑνάὗιῲ.

1 4011 111 4066 feguer.
135 3997 192 4046 edit.
212 3998 328 4048 Commel.
347 3997 426 4046 etalii
445 3999 540 4062 quidam
560 4014 602 4048 co·
685 4015 707 4061 g.
725 3999 815 4060 duplic.
834 3992 942 4055 διδάξει.

15 4075 71 4122 ices
90 4057 252 4122 καθεύδετε,
271 4066 344 4116 etita
364 4064 450 4126 legitur
468 4067 491 4114 in
511 4067 600 4116 Graeco
686 4069 708 4116 b.
730 4067 791 4116 llaec
801 4059 923 4132 τοσούτῳ
936 4061 985 4116 τὸν
989 4067 1166 4139 χορηγοῦντα
1177 4063 1236 4121 duc·

1 4137 133 4200 ''vangelii
160 4142 230 4184 testu.
272 4133 332 4184 Edit.
358 4133 432 4183 Paris.
457 4133 553 4183 Gobler.
578 4141 601 4184 et
651 4133 776 4199 φημοῦσι
798 4135 885 4186 desout
908 4140 930 4186 in
956 4135 1033 4205 literis
1068 4138 1120 4186 llox
1139 4139 1193 4196 neg.
1212 4141 1236 4185 et

16 4210 116 4257 eperum.
141 4206 163 4252 t.
186 4195 363 4254 succidente.
399 4200 458 4250 lbid.
483 4194 515 4248 τό
533 4203 601 4251 deest
652 4207 749 4264 Sepuer.
767 4195 813 4250 καὶ
829 4195 883 4272 γὰρ
901 4199 947 4251 καὶ
963 4203 1053 4254 τοῦτο.
1087 4207 1113 4254 ln
1133 4205 1236 4252 editiset
1328 4258 1331 4265 ¹

4 4277 109 4336 ntteg.
132 4271 233 4332 Sepuer.
251 4279 274 4320 et
292 4269 363 4319 desit.
398 4269 426 4319 lu
450 4269 503 4319 aliis
527 4277 550 4320 et
577 4271 600 4320 in
651 4271 750 4334 reliquis
767 4263 814 4317 καί
830 4283 979 4335 postremum
998 4273 1074 4323 deest.

0 4345 74 4394 ditis
96 4338 196 4399 tegitur.
685 4339 701 4388 i.
725 4337 780 4400 lieg.
799 4329 971 4405 αἰσχύνοντι),
991 4352 1126 4405 perperam.

32 4413 60 4459 d.
82 4409 129 4456 Sic
149 4405 204 4466 lleg.
224 4413 247 4455 et
264 4405 364 4469 Sepuer.
393 4405 417 4455 ln
432 4405 486 4455 aliis
500 4413 522 4457 ct
531 4405 600 4456 editis
686 4407 707 4454 lr.
726 4397 792 4454 ὄντα
810 4407 877 4457 deest
901 4411 924 4458 in
943 4411 999 4470 ltep.
1019 4409 1118 4467 Seguer.
1137 4401 1244 4454 Gobler.‘

1 4471 40 4524 ’ν
61 4477 147 4523 deest.
184 4469 235 4521 lior
259 4473 408 4524 editioris.
428 4475 600 4538 Reg.Sepuer.
652 4481 674 4524 et
693 4475 796 4525 Felclrm.
815 4473 846 4538 1.,
876 4476 899 4524 ln
924 4476 995 4525 editis
1017 4482 1040 4523 et
1063 4473 1116 4521 eliis
1140 4471 1233 4534 legitur.

1392 1331 1403 1356 Ι
