2872 5046
406 204 551 248 nersrons
566 205 605 248 ιν.
619 206 656 248 an
673 205 870 248 senserouru.
1177 190 1237 254 815

104 361 155 424 21.
201 357 268 431 Quo
298 363 384 435 pacto
411 317 500 434 igitur
527 354 578 434 qui
605 353 672 417 talia
700 355 809 418 audent
835 361 965 435 possunt
991 354 1085 418 adhuc
1107 351 1238 416 Gentiles
1247 373 1324 418 ean.

26 463 166 537 incusare,
188 459 268 540 quod
290 456 369 518 idola
391 473 408 516 a
430 473 464 516 sc
485 455 610 516 condeta
630 455 703 516 deos
725 452 918 535 nuncupanti
961 453 1045 518 Paria
1067 464 1138 518 sunt
1160 453 1323 520 enimnnr.

26 565 127 628 borum
148 569 232 644 gesta
252 559 373 622 illorsum
395 557 537 630 insaniae,
560 556 620 618 imo
642 557 718 618 lorte
739 557 872 636 graviora
894 555 1084 620 sunthorum
1098 557 1241 633 facinora,

26 667 75 747 qui
93 667 161 728 licet
188 664 224 727 de
251 662 310 724 boc
336 660 431 740 legem
453 657 636 737 acceperint,
662 656 818 738 perlegis
848 660 1117 737 transgressionem
1145 660 1240 724 neum

26 769 183 830 allecerunt
204 760 390 827 contumelia.
435 759 514 832 Quid
536 766 634 821 numm
656 758 705 838 qui
727 757 795 821 talia
816 756 1022 838 blasphemant
1043 763 1136 824 acturi
1158 770 1239 838 sunt,

29 887 92 930 cum
117 867 233 930 Esaiam
259 864 439 944 Prophetam
466 861 609 940 legerint,
642 869 671 922 et
697 859 844 922 audierint
865 859 972 922 Christi
995 862 1134 927 adventus
1155 866 1238 946 signa

25 971 94 1031 haee
114 987 189 1042 esse,
212 975 246 1030 ut
267 965 363 1028 caecis
384 963 479 1036 visus,
502 961 613 1025 claudis
636 980 770 1042 gressus,
792 961 882 1023 mutis
900 961 1026 1041 loquela,
1048 967 1172 1028 mortuis
1187 986 1238 1030 re·

25 1071 178 1144 surrectio,
200 1065 330 1149 leprosis
353 1064 465 1128 curatio
490 1062 644 1137 tribuatur,
667 1063 767 1126 surdis
789 1080 878 1126 auras
900 1062 1089 1144 aperiantur?
1126 1066 1237 1139 Quem-

23 1189 88 1232 nam
114 1171 221 1232 horum
249 1175 400 1230 auctorem
423 1184 491 1228 esse
514 1163 635 1228 volent?
681 1165 714 1226 Si
736 1164 814 1228 enim
835 1165 928 1228 Deum
951 1165 1064 1240 dicant,
1092 1184 1161 1228 sese
1181 1169 1239 1230 im·

21 1272 139 1353 pietatis
161 1271 192 1332 in
213 1269 372 1332 Dominum
394 1275 564 1348 coarguent,
586 1284 654 1330 nam
677 1286 751 1347 quae
772 1268 870 1330 lutura
890 1267 1077 1348 prospiciens
1093 1266 1242 1348 Propheta
1314 1281 1317 1288 “

22 1375 106 1447 dixit,
135 1372 209 1434 baec
234 1372 305 1453 ipsa
324 1387 468 1450 praesens
495 1369 562 1450 ipse
581 1368 726 1430 Dominus
750 1377 889 1449 operatus
913 1378 975 1446 est;
1005 1369 1053 1432 sin
1082 1369 1241 1450 petulantia

21 1473 226 1556 praeoccupati
247 1473 346 1535 dicere
367 1471 476 1546 ausint,
500 1471 565 1550 ipsa
587 1489 704 1552 quoque
726 1471 757 1532 in
778 1469 950 1533 beelzebule
970 1473 1044 1534 lacta
1067 1490 1151 1547 esse,
1173 1489 1240 1534 me·

21 1584 72 1636 tuo
94 1595 135 1637 ne
152 1575 292 1658 paulatim
314 1575 345 1636 in
367 1574 548 1654 impietatem
569 1571 740 1654 progressi,
762 1572 812 1634 ubi
833 1572 973 1652 legerint:
1006 1575 1081 1648 Quis
1105 1575 1184 1636 dedit
1208 1593 1240 1638 os

22 1675 159 1748 homini?
200 1678 240 1740 Et
262 1681 327 1760 poia
349 1677 520 1756 [abuentes
543 1685 588 1738 est
608 1685 725 1736 mutum
747 1685 775 1736 et
796 1675 932 1746 sardum,
955 1675 1102 1738 uidentem
1124 1684 1152 1738 et
1174 1693 1242 1738 cce-

18 1777 111 1842 cuml'
139 1785 169 1840 et
195 1778 241 1841 his
270 1777 393 1850 similia,
423 1777 607 1838 insanientes
635 1793 755 1837 rursum
783 1775 896 1851 dicant,
924 1775 978 1839 has
1007 1793 1125 1857 quoque
1151 1794 1241 1837 voces

17 1879 201 1942 beelzebubs
224 1899 301 1942 esse.
344 1877 418 1939 Nam
441 1877 488 1940 cui
510 1877 632 1957 gratim
649 1876 779 1939 restituti
793 1877 874 1940 visus
889 1877 1032 1952 tribuunt,
1054 1878 1123 1941 huic
1138 1887 1168 1939 et
1181 1895 1241 1939 non

17 1981 139 2044 videndi
160 2000 277 2044 oausam
300 1979 468 2042 adscribant
490 1987 624 2060 oportet;
655 1987 813 2058 utrumque
841 1977 920 2040 enim
948 1979 984 2041 ab
1008 1979 1111 2042 eodem
1134 1980 1243 2041 lactum

17 2103 88 2144 csse
110 2084 287 2148 declaratum
310 2091 366 2144 est.
412 2080 469 2154 Qui
492 2078 517 2140 si
539 2080 673 2158 prolecto
696 2081 770 2141 baec
791 2079 888 2141 dicere
906 2080 1012 2154 ausint,
1036 2079 1154 2144 tandem
1170 2099 1241 2143 cen-

15 2185 127 2248 sebunt
157 2187 304 2248 humanae
338 2191 459 2243 naturae
495 2181 677 2241 conditorem
712 2198 780 2241 esse
808 2179 1020 2242 beelzebulem.
1071 2181 1241 2244 Conditoris

15 2288 127 2368 quippe
150 2296 206 2360 est,
229 2294 262 2346 ut
281 2302 331 2344 res
354 2281 486 2344 conditas
508 2280 615 2342 babeat
634 2281 666 2341 in
688 2279 740 2342 sua
762 2289 919 2360 potestate.
963 2281 1002 2343 Ut
1022 2282 1100 2344 enim
1122 2283 1240 2366 bloysas
1319 2278 1321 2288 '

13 2391 106 2450 dixit:
130 2389 168 2450 la
187 2388 341 2467 principio
363 2385 436 2464 fecit
458 2383 541 2445 Deus
564 2381 678 2445 coelum
700 2391 729 2445 et
752 2395 875 2454 terram,
899 2391 929 2444 et
950 2385 990 2446 'od
1009 2388 1166 2466 inopinam
1185 2386 1244 2450 Dei

11 2493 92 2568 fecit
113 2487 194 2550 Deus
218 2487 374 2562 borninem,
397 2485 437 2546 ita
459 2479 576 2564 quoque
589 2483 692 2546 Daniel
713 2483 805 2546 libere
819 2484 939 2548 Darium
956 2486 1062 2548 allatus
1086 2495 1148 2550 est:
1172 2487 1241 2552 Nora
1344 2565 1348 2571 .

11 2607 150 2652 ueneror
170 2587 254 2652 idolo
274 2589 467 2667 manufacto,
491 2587 543 2648 secl
564 2589 711 2648 viventem
731 2586 845 2660 Deum,
869 2591 923 2667 qui
942 2592 1057 2650 creauit
1080 2588 1192 2652 coelum
1213 2601 1243 2653 et

11 2706 136 2758 terram
158 2701 188 2753 et
209 2690 296 2753 babet
315 2700 494 2772 potestatem
516 2691 612 2749 omnis
636 2690 756 2763 cornis;
778 2687 836 2749 nisi
857 2707 963 2750 rursus
986 2697 1096 2750 mutata
1118 2698 1240 2752 senten·

8 2795 52 2855 tia
78 2791 218 2867 dixerint,
242 2790 421 2865 caecitatem,
444 2787 687 2850 claudicationem
709 2807 743 2851 ac
764 2797 878 2852 caetera
900 2790 1035 2870 corporis
1050 2790 1120 2854 vitia
1135 2810 1151 2854 a
1166 2811 1240 2854 con-

9 2892 125 2954 ditoris
148 2891 337 2970 correptione
365 2890 528 2970 proficisci,
546 2863 588 2951 ‘at
613 2891 720 2953 borum
750 2892 930 2955 curationem
959 2901 988 2955 ct
1016 2911 1085 2972 erga
1111 2894 1168 2955 bos
1192 2895 1242 2974 qui

9 2993 190 3071 affliguntur
210 2991 433 3055 beneficentiam
456 3011 473 3052 a
494 2990 666 3053 beelzebule
687 2993 841 3072 praestari.
885 2994 994 3055 Verum
1016 2993 1090 3056 haec
1109 2995 1154 3055 vel
1177 2995 1240 3056 dis-

7 3094 137 3175 quirere
158 3093 241 3156 valde
262 3095 400 3156 insanum
423 3101 486 3168 est;
508 3093 667 3154 furentium
689 3095 767 3155 enim
790 3103 819 3155 et
839 3094 996 3175 plusquam
1013 3103 1112 3158 mente
1135 3104 1238 3178 capto-

5 3215 81 3260 rum
107 3203 155 3258 est
175 3195 350 3276 impiissima
373 3194 519 3258 eiusmodi
542 3193 783 3273 stultiloqnentia.
826 3196 861 3257 ln
890 3216 923 3260 ea
951 3196 1096 3276 siquidem
1119 3215 1239 3278 compa-

2 3300 133 3382 ratione
154 3298 271 3380 potiora
292 3316 353 3359 non
373 3297 446 3372 Deo,
470 3297 524 3358 sed
538 3295 703 3359 beelzebuli
723 3296 895 3360 adscribunt
915 3297 1023 3361 insani.
1066 3297 1146 3360 Nihil
1160 3300 1239 3363 enim

22 3408 120 3464 urant
135 3399 298 3462 diunarum
315 3399 533 3482 Scripturarum
548 3398 684 3478 dogmata
698 3399 883 3475 labefactare,
898 3401 987 3462 modo
1004 3409 1113 3480 negent
1127 3401 1238 3464 Christi

21 3506 182 3566 dventunr.

36 3693 64 3740 b.
87 3687 191 3740 Gobler.
219 3695 243 3736 et
267 3686 371 3738 doleiam.
395 3689 415 3738 l.
442 3681 603 3743 ἀνάστασιν,
655 3689 752 3740 Gobler.
772 3697 795 3739 et
812 3689 916 3740 Felclm.
937 3689 959 3740 1.
980 3685 1143 3756 γενομένων.
1178 3689 1241 3740 Editi

0 3753 49 3809 αὶ
71 3750 112 3806 τὰ
131 3748 230 3812 locun&
248 3739 303 3818 ἆρα
319 3748 374 3822 γὰρ
391 3751 444 3808 καί.
479 3757 539 3807 lbid.
549 3764 605 3821 post
654 3765 678 3805 et
696 3759 769 3808 ceteri
785 3754 946 3823 γινομένων.

0 3818 168 3898 seponatur
191 3823 260 3872 deest
283 3817 332 3869 καί
348 3824 371 3872 in
390 3823 446 3886 lteg.
465 3832 488 3880 et
505 3826 604 3886 Seguer.
688 3840 711 3887 g.
730 3826 866 3876 Goblcrian.
885 3833 909 3877 et
926 3826 1030 3877 Felclrm.
1050 3819 1240 3892 1.φησίνρτο

36 3915 60 3948 c.
82 3897 147 3955 Reg.
167 3898 191 3941 ot
208 3893 315 3952 Seguer,
333 3889 379 3939 soli
402 3886 515 3953 βλέπων.
551 3892 603 3941 blox
653 3885 747 3956 λέγων.

1 3977 59 4028 eg.
80 3963 190 4025 Seguar.
209 3966 232 4009 et
250 3957 353 4008 l'elclm.
368 3957 389 4006 l.
407 3967 432 4008 et
445 3957 469 4007 2.
487 3966 542 4022 post
559 3971 603 4008 ne·
688 3961 711 4009 b.
730 3961 786 4023 lteg.
805 3970 828 4010 et
845 3963 943 4024 Seguer.
961 3957 1048 4028 κυρία.
1093 3963 1166 4013 Paulo
1185 3970 1241 4028 post

18 4029 103 4093 οἶηκε
122 4028 216 4080 babent
233 4017 268 4076 ἄν
280 4041 325 4091 pro
344 4017 401 4076 ἐάν.
653 4027 753 4091 chuer.
772 4043 818 4078 nou
838 4030 909 4079 habet
925 4025 985 4095 μέν.

32 4104 58 4152 d.
81 4101 147 4160 Reg.
174 4103 198 4146 ct
215 4093 314 4174 Seguer.
332 4089 468 4160 λέγεσθαι,
510 4094 607 4146 Goblcr.
692 4097 707 4146 i.
727 4097 822 4149 Goblor.
841 4096 1241 4149 ctFelclm.l.sicbabenthnno

10 4181 20 4222 t
39 4168 163 4220 relatu.
183 4164 205 4214 1.
228 4162 357 4228 ywaodoc
374 4157 509 4229 λέγεσθαι.
543 4163 606 4213 Editi
658 4163 751 4219 locum:
769 4155 864 4224 εὔηθές
873 4159 947 4214 ἔστιν
959 4157 973 4226 ἡ
985 4157 1096 4224 τοιαύτη
1106 4159 1160 4230 γὰρ
1169 4157 1239 4228 μετὰ

8 4249 18 4290 t
40 4237 88 4288 alii
109 4231 206 4285 rectius
222 4226 353 4297 γίνεσθαι
370 4240 470 4284 tautum.
656 4222 1240 4312 despeioepupoloyiopanoplrurxoelnc-

33 4321 58 4355 e.
81 4295 135 4351 καὶ
154 4295 288 4364 almona
307 4302 363 4363 lteg.
383 4309 406 4351 et
424 4301 523 4364 Seguor.
656 4293 944 4366 ρεξεστηκότωνέστὶν,
962 4293 1051 4367 daupu
1064 4293 1239 4353 dissimules

31 4375 51 4422 t.
74 4373 184 4432 chuer.
204 4369 302 4420 Goblar.
320 4377 344 4420 et
363 4369 467 4420 Felclm.
481 4370 503 4420 l.
520 4366 602 4418 τοῦτο
655 4371 760 4420 omissis.
796 4371 852 4421 Post
869 4361 1107 4436 παρεξιστηκότων
1124 4365 1180 4416 edit.
1193 4367 1239 4418 Pa·

15 4435 75 4504 ἀρ,
104 4437 192 4488 minas
208 4445 282 4489 reete.
317 4435 370 4489 llox
387 4438 444 4502 lleg.
462 4439 601 4502 Seguerian.
653 4439 695 4490 ris.
713 4439 784 4490 habet
801 4431 843 4488 iu
859 4453 905 4504 pro
922 4430 1004 4489 ἐστίν.
