3174 5082
263 289 303 358 38
656 303 684 348 ε.
699 301 854 345 nummu
868 285 1094 344 ιιιαειεεέεοονι

175 471 251 524 εητιε
260 455 399 540 κόλποις
427 454 486 520 τοῦ
515 449 642 536 πατρός
665 447 750 529 ἐστι,
779 447 882 532 μόνον
902 473 939 516 τε
960 442 1061 514 αὐτὸν
1084 445 1120 526 ἐξ
1140 445 1258 512 ἑαυτοῦ
1280 438 1501 510 55555515t
1481 467 1505 510 α

259 557 373 643 πατὴρ
394 555 512 639 λέγων·
542 541 639 630 οὗτός
660 545 788 618 ἔστιν’
772 573 790 616 ο
811 549 883 628 υἱός
902 571 968 670 505
993 544 1011 614 5
1034 543 1220 635 ἇγαπητός,
1243 532 1327 613 έν
1299 569 1327 631 ῳ
1347 539 1503 631 ηιῖόόιιτγ·

259 661 350 739 62¹5·
372 654 469 740 λόγος
491 652 564 720 όόέ
566 675 639 720 στιν
661 641 759 731 οὗτος
778 653 837 718 τοῦ
859 649 996 739 πατρός,
1020 639 1105 716 έν
1077 675 1104 736 ῳ
1126 647 1166 715 τὸ
1187 642 1323 725 ἀπαθὲς
1337 641 1432 712 καλ’
1407 671 1502 729 αμα-

260 761 316 846 ρές
337 759 398 822 τοῦ
419 753 547 840 πατρὸς
568 763 656 821 νοεῖν
679 751 833 820 δυνατόν·
864 751 960 838 λόγος
980 751 1060 874 γὰρ
1056 746 1142 818 οὐδὲ
1164 746 1273 816 όπῶν
1293 741 1500 833 ἀνθρώπων

141 881 149 890 “
260 857 347 926 κατὰ
367 855 484 936 πόθος
503 858 557 923 καλ
578 860 677 941 μέρος
697 855 861 941 γεννᾶται,
883 853 1000 976 μήτιγε
1022 848 1041 920 5
1062 855 1122 920 τοῦ
1144 853 1239 919 θεοῖ.
1277 847 1330 916 όιὸ
1351 851 1406 915 ναὶ
1434 875 1500 914 κα-

153 1047 156 1052 ,
261 959 397 1041 θέζεται
417 954 477 1042 μὲν
498 951 597 1036 αὐτὸς
618 955 767 1043 όνόεξιᾷ
787 959 847 1022 τοῦ
869 955 998 1042 πατρὸς
1021 950 1066 1034 ιός
1081 953 1192 1040 λόγος·
1216 952 1301 1020 ἔνθα
1319 949 1381 1036 γάρ
1397 949 1500 1017 ἔστιν

236 1054 422 1148 ’όποτήρ
447 1059 514 1128 ἐκεῖ
533 1053 628 1126 καῖ“
612 1082 630 1125 ο
651 1057 769 1124 τούτου
792 1055 890 1141 λόγος
914 1055 1019 1124 ἐστίν·
1042 1051 1136 1144 ἡμεῖς
1153 1056 1190 1122 55
1205 1052 1363 1142 σιῇκομεν
1377 1051 1500 1136 κρινό-

260 1185 356 1246 μενοι
382 1155 460 1247 παρ’
484 1154 590 1247 αὐτῷ,
615 1155 661 1238 ὥς
682 1158 870 1245 ποιήματα·
897 1160 952 1224 καὶ
960 1167 1207 1280 ,προςκυνεῖταε
1226 1155 1286 1240 μέν
1308 1147 1410 1232 αότὸς
1434 1153 1499 1220 διὰ

260 1263 300 1330 τὸ
327 1255 480 1330 εἶναι’
441 1261 540 1328 αυτόν
569 1259 642 1328 υλὸν
669 1263 728 1328 τοῦ
752 1261 975 1348 προςκονητοῦ
997 1258 1140 1347 πατρός·
1169 1252 1265 1346 ἡμεῖς
1286 1256 1324 1322 55
1343 1275 1496 1341 προςκα-
1555 1313 1556 1368 η

259 1367 393 1450 νοῦμεν,
417 1363 529 1450 κόριον
550 1365 605 1430 καλ
626 1361 710 1430 θεὸν
732 1358 833 1430 αὐτὸν
854 1356 1126 1446 ·όμολογσῦντες,
1155 1358 1213 1426 διὰ
1234 1357 1273 1425 τὸ
1297 1350 1422 1426 εἶναι’
1404 1359 1498 1442 ημᾶς

258 1471 423 1550 κτέσματα
444 1468 498 1532 καλ
522 1463 642 1542 ἄλλους
663 1460 741 1549 παρ’
767 1463 898 1531 ἐκεῖνον.

347 1571 396 1632 12.
444 1563 579 1630 Τούτων
602 1559 692 1629 55‘
660 1559 765 1642 οότως
787 1561 900 1644 όντων,
924 1569 1089 1632 σκοπείτω
1112 1559 1233 1628 λοιπὸν
1255 1555 1495 1650 όβοολόμενος
1555 1493 1556 1624 5

262 1664 387 1745 αὐτῶν,
410 1667 465 1730 καλ
487 1669 637 1750 γενέσθω
658 1689 710 1744 τις
732 1661 852 1744 αὐτοὺς
873 1664 1055 1750 ἐντρέπων,
1079 1664 1109 1731 εἰ
1130 1662 1170 1729 τὸ
1192 1661 1227 1729 ἐκ
1247 1663 1307 1728 τοῦ
1327 1665 1416 1728 θεοῦ
1436 1667 1493 1730 καὶ

170 1779 185 1798 “
262 1767 352 1833 ’έόιον
374 1759 475 1830 αὐτοῦ
497 1772 637 1852 γέννημα
659 1763 768 1850 θέμις
782 1765 888 1834 εἰπεῖν
912 1760 1069 1846 έξοόκ”
1049 1789 1163 1845 οντων,
1186 1789 1206 1850 5
1191 1757 1369 1848 ”55755’⁸
1351 1759 1492 1853 ιχεικᾷν
1555 1761 1556 1822 5

264 1865 311 1946 εἰς
333 1865 515 1952 λνθόμησλν
536 1889 627 1945 τινος
649 1862 735 1945 ὅλως
756 1867 878 1948 ἐλθεῖν,
902 1863 1015 1934 ὅτιτὸ
1037 1866 1071 1934 ἐκ
1093 1869 1152 1932 τσῦ
1166 1867 1251 1932 θεοῦ
1267 1863 1492 1954 όπισομβέβη-

262 1991 317 2035 κεν
346 1961 450 2053 αὐτῷ,
474 1968 529 2034 ἵνα
549 1971 603 2036 καλ
625 1967 792 2055 τολμήσας
814 1969 902 2058 ε’ίπῇ,
928 1965 982 2034 ότι
1004 1962 1061 2036 οόκ
1084 1967 1173 2034 ἔστιν
1195 1960 1246 2034 ἇελ
1270 1959 1288 2032 5
1310 1965 1392 2046 οἶός.
1437 1971 1491 2036 καλ

261 2067 323 2156 γὰρ
347 2068 380 2136 όν
402 2067 507 2157 τούτῳ
530 2069 690 2138 πόλιν
654 2096 714 2150 τας
736 2066 927 2156 ἀνθρώπων
949 2069 1078 2148 ἐννοίας
1097 2065 1305 2156 όπερεξῇλθε
1318 2063 1407 2134 καλ“
1389 2093 1491 2154 οπερ-
1555 2055 1556 2068 ⁸

263 2167 501 2258 αναβέβηαενί
481 2197 502 2258 η
523 2175 582 2238 τοῦ
605 2173 679 2239 5505
701 2178 857 2260 γέννησις.
902 2168 998 2259 ἡμεῖς
1017 2173 1078 2255 μὲν
1099 2170 1161 2258 γὰρ
1177 2173 1244 2236 τῶν
1261 2167 1356 2235 λόέων
1370 2175 1491 2238 τέκνων

262 2271 297 2340 ἐν
323 2271 431 2359 χρόνῳ
459 2272 625 2396 γινόμεθα
653 2265 808 2360 πατέρες,
840 2273 915 2341 έπεὶ
937 2276 990 2340 καλ
1014 2267 1108 2339 αὐτοὶ
1132 2267 1191 2339 οὐκ
1215 2268 1306 2349 ὄντες
1327 2271 1489 2393 πρότερον
1555 2269 1556 2328 5

242 2369 398 2462 ’ὕστερον
424 2374 619 2462 γεγόναμεν·
650 2370 734 2443 555
761 2373 844 2454 θεὸς
872 2368 981 2442 555'⁸
952 2400 999 2441 ων
1027 2371 1078 2441 ἇελ
1100 2375 1159 2440 τοῦ
1180 2373 1254 2440 οῖσῦ
1275 2373 1386 2460 πατήρ
1409 2374 1489 2442 ἔστι.
1555 2385 1556 2450 3

260 2478 316 2542 καὶ
347 2479 414 2542 τῶν
447 2473 557 2558 μέν’
538 2503 558 2562 5
592 2483 718 2561 γένεσις
748 2476 782 2542 ἐκ
808 2480 875 2542 τῶν
903 2471 1068 2560 όμοέως’
1057 2473 1160 2541 όντων
1192 2475 1257 2558 λ’γει
1282 2472 1342 2562 τὴν
1363 2481 1488 2543 πίστιν.

263 2575 443 2660 ἐπειόῇὲ
408 2575 443 2640 55
471 2571 580 2653 οόόείς
603 2570 727 2642 555⁸
693 2599 751 2642 τον
773 2574 846 2642 υἱόν
870 2575 959 2642 τῖ’
919 2602 964 2664 μη
988 2572 1006 2642 5
1028 2576 1154 2665 πατήρ,
1184 2571 1260 2644 οὐδὲ
1282 2574 1340 2642 τόν
1359 2583 1490 2663 πατέρα

263 2697 316 2752 τις
337 2673 548 2759 ἐπιγινώσκει
570 2676 599 2742 εἰ
620 2674 664 2760 μὴ
687 2672 706 2741 5
728 2675 807 2755 υἱός,
831 2679 885 2742 καλ
907 2667 955 2763 ὓῷ
978 2671 1018 2744 ἂν
1041 2674 1145 2756 όοῖὸς
1159 2673 1405 2762 όποκαλόγῇἾ·
1426 2679 1490 2742 διὰ

263 2777 363 2841 τοῦτο
392 2773 426 2840 οῖ
453 2771 557 2860 ἅγιοι,
591 2771 643 2854 οἷς
671 2770 883 2862 ἀπεκάλυψεν
913 2775 931 2843 5
959 2779 1045 2860 υῖός,
1081 2778 1192 2846 εἰκόνα
1211 2779 1288 2847 τινὰ
1308 2774 1488 2846 όεόώκαοιν

263 2871 342 2961 ἡμῖν
364 2874 401 2944 ἐκ
420 2879 488 2944 τῶν
511 2872 686 2963 ὁρωμένων
708 2879 872 2964 λέγοντες·
895 2877 932 2960 ὃς
954 2875 1000 2947 αῖν
1023 2875 1227 2967 ἀπαύγασμα
1251 2884 1310 2968 τῇς
1324 2879 1420 2968 δόξης
1432 2884 1486 2947 καὶ

261 2977 425 3067 χαρακτὴρ
446 2982 504 3066 ’τῇς
524 2973 742 3059 ὑποστάσεως
764 2975 913 3062 αὐτοῦ’)·
935 2984 989 3048 καλ
1012 2981 1132 3049 πάλιν·
1156 2978 1210 3049 ὅτι
1223 2982 1317 3069 παρὰ
1332 2985 1385 3049 σολ
1401 2983 1486 3070 πηγῇ

231 3135 235 3142 .
263 3079 361 3168 ζωῆς,
392 3079 427 3148 έν
448 3085 495 3169 τῷ
518 3088 608 3170 φωτί
629 3106 689 3150 σου
713 3078 875 3170 ὀψόμεθα
897 3085 1016 3170 5535·
1046 3079 1102 3151 ὅτε
1123 3084 1179 3150 καλ
1198 3082 1412 3172 μεμφόμενος
1432 3083 1487 3150 τὸν

257 3175 383 3270 ’έσραῇλ
406 3178 425 3249 ὁ
447 3181 544 3271 λόγος
567 3191 684 3273 φησίν·
707 3185 934 3271 ”ἒγκατέλιπες
955 3182 1013 3270 τὴν
1029 3183 1136 3272 πηγὴν
1150 3188 1209 3274 τῆς
1224 3188 1394 3274 σοφίας”)·
1409 3182 1486 3272 αότη

262 3284 298 3350 55
320 3283 410 3352 ἔστιν
431 3279 455 3408 5
474 3285 563 3372 πηγὴ
585 3282 606 3371 5
629 3285 870 3370 λέγουσαέὲμ
899 3284 1112 3368 ἐγκατέλιπον
1138 3285 1246 3374 πηγὴν
1267 3284 1390 3366 όόατος
1412 3288 1488 3368 ζῶν-

261 3387 356 3464 τός’).
400 3383 457 3450 καὶ
477 3384 595 3469 μικρὸν
616 3389 675 3466 μέν
699 3384 824 3450 έστι“
790 3409 830 3448 το
829 3310 1063 3471 μπαρόόειγμα
1083 3412 1139 3454 και
1129 3387 1227 3455 “λέαν
1242 3384 1390 3476 ἇμυόρὸν
1405 3389 1488 3474 πρὸς
1555 3409 1556 3412 ’

262 3483 302 3566 τό
324 3481 557 3565 ποθούμενον·
587 3481 785 3552 όννατὸνόὲ
749 3480 898 3569 όὲόμως
920 3482 1077 3566 έξαότσῦ
1099 3489 1264 3556 πλέον
1224 3514 1283 3578 της
1305 3485 1488 3576 ἀνθρώπου

265 3577 397 3668 φύσεως
422 3591 611 3662 κατανοεῖν,
640 3582 696 3650 καῖ
724 3583 768 3673 μὴ
792 3587 973 3671 νομίζειν”
957 3612 1031 3676 ισην
1053 3588 1112 3678 τὴν
1133 3587 1226 3678 ἡμῶν
1249 3585 1334 3659 εἶναι
1355 3592 1411 3658 καὶ
1432 3591 1488 3677 τὴν

263 3684 327 3749 τοῦ
345 3682 419 3748 5505
440 3687 597 3772 γέννησιν.
632 3691 683 3763 τές
704 3685 766 3773 γὰρ
789 3685 980 3755 όνναται
937 3715 997 3778 κᾳν
1009 3691 1222 3776 λογίσασθαι
1244 3718 1290 3780 μη
1277 3687 1393 3762 ἐἶναί
1379 3699 1487 3759 ίποτε

262 3782 304 3850 τὸ
325 3777 545 3870 όπαόγασμα,
567 3785 623 3852 ι’να
644 3785 700 3853 καὶ
699 3789 942 3912 τολμήσας”
910 3815 1004 3879 ειπη,
1027 3791 1072 3878 μὴ
1097 3787 1222 3859 εἶναι’
1204 3793 1256 3860 αεὶ
1277 3792 1335 3860 τὸν
1357 3793 1445 3874 υἱόν,
1467 3787 1488 3914 ῇ

265 3881 319 3953 ότι
347 3879 405 3954 οόκ
432 3875 472 3974 ἦν
500 3882 519 3952 ό
546 3883 619 3966 υἱός
646 3887 727 3976 πρὶν
744 3894 924 4012 γεννηθῇ
947 3918 966 3978 η
989 3898 1040 3971 τς
1063 3893 1174 3972 ἱκανὸς
1196 3889 1358 3962 όιελεῖν
1338 3894 1409 3962 απὸ
1429 3897 1487 3960 τοῦ

261 3982 413 4073 55505⁸
379 4011 418 4053 το
441 3981 653 4075 όπαόγαομα,
675 3985 698 4078 ἢ
718 3989 776 4078 τὴν
797 3991 912 4116 πηγὴν
926 3991 1104 4081 έπινοῆσαέ
1124 4017 1209 4062 ποτε
1228 3997 1287 4083 τῇς
1310 3995 1433 4082 ζωῆς’
1416 4021 1487 4083 ερη-

261 4109 335 4173 μον,
360 4089 416 4156 λ’να
436 4089 491 4156 καλ
511 4089 627 4175 μανεὶς
649 4092 738 4178 εῖπῇ,
762 4086 855 4172 έξ’
819 4116 876 4158 ουκ
899 4089 1003 4160 όντων
1026 4091 1148 4161 ἐστὶν“
1131 4121 1149 4161 ο
1165 4095 1237 4176 ολός
1252 4092 1270 4163 ό
1286 4099 1406 4184 λέγων·Ι
1425 4096 1485 4182 έγό

263 4187 333 4274 εῖμι
353 4185 373 4277 5
398 4189 503 4277 555⁷),
526 4185 548 4277 5
570 4186 744 4280 ἀλλότριος
765 4195 823 4277 τῆς
844 4196 903 4259 τοῦ
925 4193 1054 4282 πατρὸς
1075 4189 1191 4278 σόσέας
1213 4193 1231 4264 5
1253 4199 1375 4285 λέγων·
1399 4193 1487 4282 όέμὲ

197 4435 201 4448 ’
332 4447 356 4504 15
374 4445 456 4498 λλιΙΙΙι
477 4445 892 4510 3,17.2)5151511‚27.
971 4451 996 4512 3)
1016 4453 1087 4502 Hebr.
1109 4454 1131 4514 l,
1149 4452 1172 4504 3.
1257 4455 1282 4514 5
1301 4453 1364 4505 Pul.
1382 4452 1416 4504 33
1434 4449 1485 4519 [³5¹

260 4509 350 4579 Lqu]
371 4515 408 4565 ¹0.
479 4512 620 4580 555³,
642 4513 680 4566 12.
751 4515 924 4579 551010152,
946 4519 984 4568 1³.
1055 4491 1266 4584 5155156.
