<?xml version="1.0" encoding="UTF-8"?>
<!DOCTYPE html PUBLIC "-//W3C//DTD XHTML 1.0 Transitional//EN"
    "http://www.w3.org/TR/xhtml1/DTD/xhtml1-transitional.dtd">
<html xmlns="http://www.w3.org/1999/xhtml" xml:lang="en" lang="en">
 <head>
  <title>
</title>
<meta http-equiv="Content-Type" content="text/html;charset=utf-8" />
  <meta name='ocr-system' content='tesseract 3.04.00' />
  <meta name='ocr-capabilities' content='ocr_page ocr_carea ocr_par ocr_line ocrx_word'/>
</head>
<body>
  <div class='ocr_page' id='page_1' title='image "./sanctiathanasii03athagoog_0267.png"; bbox 0 0 3220 5046; ppageno 0'>
   <div class='ocr_carea' id='block_1_1' title="bbox 561 279 1385 344">
    <p class='ocr_par' dir='ltr' id='par_1_1' title="bbox 561 279 1385 344">
     <span class='ocr_line' id='line_1_1' title="bbox 561 279 1385 344; baseline 0.006 -5"><span class='ocrx_word' id='word_1_1' title='bbox 561 290 706 339; x_wconf 82' lang='lat' dir='ltr'><strong>umrror.</strong></span> <span class='ocrx_word' id='word_1_2' title='bbox 722 291 837 338; x_wconf 74' lang='lat' dir='ltr'><strong>cenum</strong></span> <span class='ocrx_word' id='word_1_3' title='bbox 851 291 986 342; x_wconf 83' lang='lat' dir='ltr'><strong>munos.</strong></span> <span class='ocrx_word' id='word_1_4' title='bbox 1323 279 1385 344; x_wconf 78' lang='lat' dir='ltr'><strong>utu</strong></span> 
     </span>
    </p>
   </div>
   <div class='ocr_carea' id='block_1_2' title="bbox 32 441 1472 3670">
    <p class='ocr_par' dir='ltr' id='par_1_2' title="bbox 32 441 1472 3670">
     <span class='ocr_line' id='line_1_2' title="bbox 157 441 1472 532; baseline -0.003 -24"><span class='ocrx_word' id='word_1_5' title='bbox 157 445 284 509; x_wconf 72' lang='lat' dir='ltr'><strong>ebenum</strong></span> <span class='ocrx_word' id='word_1_6' title='bbox 306 459 368 508; x_wconf 88' lang='lat' dir='ltr'><strong>nun</strong></span> <span class='ocrx_word' id='word_1_7' title='bbox 390 451 437 506; x_wconf 89' lang='grc' dir='ltr'><strong>εει</strong></span> <span class='ocrx_word' id='word_1_8' title='bbox 458 441 496 506; x_wconf 84' lang='lat' dir='ltr'><strong>ab</strong></span> <span class='ocrx_word' id='word_1_9' title='bbox 518 441 635 532; x_wconf 89' lang='lat' dir='ltr'><strong>illorum</strong></span> <span class='ocrx_word' id='word_1_10' title='bbox 657 443 784 506; x_wconf 80' lang='lat' dir='ltr'><strong>haeresi.</strong></span> <span class='ocrx_word' id='word_1_11' title='bbox 827 443 901 506; x_wconf 82' lang='lat' dir='ltr'><strong>Cum</strong></span> <span class='ocrx_word' id='word_1_12' title='bbox 922 443 1000 508; x_wconf 87' lang='lat' dir='ltr'><strong>enim</strong></span> <span class='ocrx_word' id='word_1_13' title='bbox 1023 444 1117 508; x_wconf 83' lang='lat' dir='ltr'><strong>Deum</strong></span> <span class='ocrx_word' id='word_1_14' title='bbox 1140 463 1158 507; x_wconf 89' lang='lat' dir='ltr'><strong>s</strong></span> <span class='ocrx_word' id='word_1_15' title='bbox 1178 443 1274 508; x_wconf 81' lang='lat' dir='ltr'><strong>nihilo</strong></span> <span class='ocrx_word' id='word_1_16' title='bbox 1297 461 1472 508; x_wconf 65' lang='lat' dir='ltr'><strong>exer-ense.</strong></span> 
     </span>
     <span class='ocr_line' id='line_1_3' title="bbox 158 543 1388 620; baseline 0 -10"><span class='ocrx_word' id='word_1_17' title='bbox 158 555 219 611; x_wconf 87' lang='lat' dir='ltr'><strong>tum</strong></span> <span class='ocrx_word' id='word_1_18' title='bbox 241 557 272 612; x_wconf 92' lang='lat' dir='ltr'><strong>et</strong></span> <span class='ocrx_word' id='word_1_19' title='bbox 292 545 398 609; x_wconf 78' lang='lat' dir='ltr'><strong>Filium</strong></span> <span class='ocrx_word' id='word_1_20' title='bbox 420 551 552 608; x_wconf 82' lang='lat' dir='ltr'><strong>mestum</strong></span> <span class='ocrx_word' id='word_1_21' title='bbox 574 543 631 606; x_wconf 90' lang='lat' dir='ltr'><strong>sibi</strong></span> <span class='ocrx_word' id='word_1_22' title='bbox 653 543 807 620; x_wconf 82' lang='lat' dir='ltr'><strong>tinxerint,</strong></span> <span class='ocrx_word' id='word_1_23' title='bbox 835 563 897 608; x_wconf 87' lang='lat' dir='ltr'><strong>non</strong></span> <span class='ocrx_word' id='word_1_24' title='bbox 923 547 1071 610; x_wconf 88' lang='lat' dir='ltr'><strong>immerito</strong></span> <span class='ocrx_word' id='word_1_25' title='bbox 1101 547 1275 611; x_wconf 86' lang='lat' dir='ltr'><strong>huiusmodi</strong></span> <span class='ocrx_word' id='word_1_26' title='bbox 1297 563 1388 610; x_wconf 82' lang='lat' dir='ltr'><strong>usur-</strong></span> 
     </span>
     <span class='ocr_line' id='line_1_4' title="bbox 157 641 1387 731; baseline -0.002 -19"><span class='ocrx_word' id='word_1_27' title='bbox 157 667 265 731; x_wconf 73' lang='lat' dir='ltr'><strong>pavere</strong></span> <span class='ocrx_word' id='word_1_28' title='bbox 287 666 389 720; x_wconf 75' lang='lat' dir='ltr'><strong>voees,</strong></span> <span class='ocrx_word' id='word_1_29' title='bbox 411 664 486 726; x_wconf 83' lang='lat' dir='ltr'><strong>quse</strong></span> <span class='ocrx_word' id='word_1_30' title='bbox 506 645 597 708; x_wconf 86' lang='lat' dir='ltr'><strong>rebus</strong></span> <span class='ocrx_word' id='word_1_31' title='bbox 619 641 726 709; x_wconf 76' lang='lat' dir='ltr'><strong>mentis</strong></span> <span class='ocrx_word' id='word_1_32' title='bbox 747 647 933 720; x_wconf 81' lang='lat' dir='ltr'><strong>eonreuiant.</strong></span> <span class='ocrx_word' id='word_1_33' title='bbox 970 649 1216 730; x_wconf 77' lang='lat' dir='ltr'><strong>Quandoquidem</strong></span> <span class='ocrx_word' id='word_1_34' title='bbox 1239 667 1313 712; x_wconf 84' lang='lat' dir='ltr'><strong>veru</strong></span> <span class='ocrx_word' id='word_1_35' title='bbox 1329 648 1387 730; x_wconf 84' lang='lat' dir='ltr'><strong>ipsi</strong></span> 
     </span>
     <span class='ocr_line' id='line_1_5' title="bbox 158 745 1387 834; baseline 0.002 -21"><span class='ocrx_word' id='word_1_36' title='bbox 158 753 189 814; x_wconf 92' lang='lat' dir='ltr'><strong>iu</strong></span> <span class='ocrx_word' id='word_1_37' title='bbox 212 745 482 829; x_wconf 77' lang='lat' dir='ltr'><strong>disputationibus,</strong></span> <span class='ocrx_word' id='word_1_38' title='bbox 511 765 583 826; x_wconf 90' lang='lat' dir='ltr'><strong>quas</strong></span> <span class='ocrx_word' id='word_1_39' title='bbox 611 765 677 810; x_wconf 87' lang='lat' dir='ltr'><strong>uum</strong></span> <span class='ocrx_word' id='word_1_40' title='bbox 698 747 848 810; x_wconf 84' lang='lat' dir='ltr'><strong>Eoulesiae</strong></span> <span class='ocrx_word' id='word_1_41' title='bbox 872 747 941 811; x_wconf 80' lang='lat' dir='ltr'><strong>viris</strong></span> <span class='ocrx_word' id='word_1_42' title='bbox 963 749 1088 826; x_wconf 86' lang='lat' dir='ltr'><strong>habeut,</strong></span> <span class='ocrx_word' id='word_1_43' title='bbox 1117 771 1229 834; x_wconf 85' lang='lat' dir='ltr'><strong>eosque</strong></span> <span class='ocrx_word' id='word_1_44' title='bbox 1258 771 1326 814; x_wconf 89' lang='lat' dir='ltr'><strong>eum</strong></span> <span class='ocrx_word' id='word_1_45' title='bbox 1349 751 1387 814; x_wconf 80' lang='lat' dir='ltr'><strong>du</strong></span> 
     </span>
     <span class='ocr_line' id='line_1_6' title="bbox 32 847 1385 923; baseline 0.003 -11"><span class='ocrx_word' id='word_1_46' title='bbox 32 879 33 900; x_wconf 60' lang='lat' dir='ltr'><strong>t</strong></span> <span class='ocrx_word' id='word_1_47' title='bbox 157 869 231 914; x_wconf 80' lang='lat' dir='ltr'><strong>uero</strong></span> <span class='ocrx_word' id='word_1_48' title='bbox 255 859 286 910; x_wconf 89' lang='lat' dir='ltr'><strong>et</strong></span> <span class='ocrx_word' id='word_1_49' title='bbox 307 849 373 910; x_wconf 89' lang='lat' dir='ltr'><strong>solo</strong></span> <span class='ocrx_word' id='word_1_50' title='bbox 394 848 491 911; x_wconf 82' lang='lat' dir='ltr'><strong>Putris</strong></span> <span class='ocrx_word' id='word_1_51' title='bbox 511 848 609 911; x_wconf 81' lang='lat' dir='ltr'><strong>Verbo</strong></span> <span class='ocrx_word' id='word_1_52' title='bbox 632 847 815 912; x_wconf 78' lang='lat' dir='ltr'><strong>disserentes</strong></span> <span class='ocrx_word' id='word_1_53' title='bbox 837 849 974 923; x_wconf 78' lang='lat' dir='ltr'><strong>rudiunt,</strong></span> <span class='ocrx_word' id='word_1_54' title='bbox 1001 851 1070 913; x_wconf 86' lang='lat' dir='ltr'><strong>talia</strong></span> <span class='ocrx_word' id='word_1_55' title='bbox 1097 871 1157 916; x_wconf 89' lang='lat' dir='ltr'><strong>nun</strong></span> <span class='ocrx_word' id='word_1_56' title='bbox 1187 862 1327 918; x_wconf 77' lang='lat' dir='ltr'><strong>vemntur</strong></span> <span class='ocrx_word' id='word_1_57' title='bbox 1348 853 1385 916; x_wconf 85' lang='lat' dir='ltr'><strong>de</strong></span> 
     </span>
     <span class='ocr_line' id='line_1_7' title="bbox 162 949 1465 1032; baseline 0.004 -19"><span class='ocrx_word' id='word_1_58' title='bbox 162 971 199 1013; x_wconf 92' lang='lat' dir='ltr'><strong>eo</strong></span> <span class='ocrx_word' id='word_1_59' title='bbox 221 949 317 1030; x_wconf 86' lang='lat' dir='ltr'><strong>loqui,</strong></span> <span class='ocrx_word' id='word_1_60' title='bbox 346 949 415 1030; x_wconf 92' lang='lat' dir='ltr'><strong>quid</strong></span> <span class='ocrx_word' id='word_1_61' title='bbox 443 969 554 1030; x_wconf 84' lang='lat' dir='ltr'><strong>quaeso</strong></span> <span class='ocrx_word' id='word_1_62' title='bbox 582 949 632 1013; x_wconf 81' lang='lat' dir='ltr'><strong>illa</strong></span> <span class='ocrx_word' id='word_1_63' title='bbox 654 949 789 1013; x_wconf 82' lang='lat' dir='ltr'><strong>doctrine</strong></span> <span class='ocrx_word' id='word_1_64' title='bbox 817 949 963 1030; x_wconf 87' lang='lat' dir='ltr'><strong>impurius</strong></span> <span class='ocrx_word' id='word_1_65' title='bbox 985 951 1078 1013; x_wconf 84' lang='lat' dir='ltr'><strong>videri</strong></span> <span class='ocrx_word' id='word_1_66' title='bbox 1099 955 1216 1031; x_wconf 79' lang='lat' dir='ltr'><strong>possiti</strong></span> <span class='ocrx_word' id='word_1_67' title='bbox 1259 957 1335 1030; x_wconf 91' lang='lat' dir='ltr'><strong>Quis</strong></span> <span class='ocrx_word' id='word_1_68' title='bbox 1356 956 1384 1018; x_wconf 88' lang='lat' dir='ltr'><strong>si</strong></span> <span class='ocrx_word' id='word_1_69' title='bbox 1454 1009 1465 1032; x_wconf 87' lang='lat'><strong>,</strong></span> 
     </span>
     <span class='ocr_line' id='line_1_8' title="bbox 163 1050 1384 1126; baseline 0.006 -13"><span class='ocrx_word' id='word_1_70' title='bbox 163 1050 230 1113; x_wconf 90' lang='lat' dir='ltr'><strong>illus</strong></span> <span class='ocrx_word' id='word_1_71' title='bbox 252 1051 296 1113; x_wconf 80' lang='lat' dir='ltr'><strong>vel</strong></span> <span class='ocrx_word' id='word_1_72' title='bbox 319 1059 432 1114; x_wconf 91' lang='lat' dir='ltr'><strong>tantum</strong></span> <span class='ocrx_word' id='word_1_73' title='bbox 454 1051 597 1126; x_wconf 87' lang='lat' dir='ltr'><strong>audierit,</strong></span> <span class='ocrx_word' id='word_1_74' title='bbox 627 1051 745 1114; x_wconf 78' lang='lat' dir='ltr'><strong>etiamsi</strong></span> <span class='ocrx_word' id='word_1_75' title='bbox 766 1051 970 1114; x_wconf 75' lang='lat' dir='ltr'><strong>contradicere</strong></span> <span class='ocrx_word' id='word_1_76' title='bbox 991 1069 1053 1114; x_wconf 91' lang='lat' dir='ltr'><strong>uon</strong></span> <span class='ocrx_word' id='word_1_77' title='bbox 1073 1053 1182 1126; x_wconf 78' lang='lat' dir='ltr'><strong>velent,</strong></span> <span class='ocrx_word' id='word_1_78' title='bbox 1204 1075 1263 1118; x_wconf 86' lang='lat' dir='ltr'><strong>non</strong></span> <span class='ocrx_word' id='word_1_79' title='bbox 1285 1057 1384 1120; x_wconf 84' lang='lat' dir='ltr'><strong>stetim</strong></span> 
     </span>
     <span class='ocr_line' id='line_1_9' title="bbox 161 1151 1384 1234; baseline 0.006 -19"><span class='ocrx_word' id='word_1_80' title='bbox 161 1151 349 1234; x_wconf 81' lang='lat' dir='ltr'><strong>perturbetur</strong></span> <span class='ocrx_word' id='word_1_81' title='bbox 370 1171 519 1232; x_wconf 80' lang='lat' dir='ltr'><strong>auresque</strong></span> <span class='ocrx_word' id='word_1_82' title='bbox 540 1171 601 1216; x_wconf 88' lang='lat' dir='ltr'><strong>nou</strong></span> <span class='ocrx_word' id='word_1_83' title='bbox 624 1154 777 1227; x_wconf 80' lang='lat' dir='ltr'><strong>obstruet,</strong></span> <span class='ocrx_word' id='word_1_84' title='bbox 807 1152 893 1215; x_wconf 82' lang='lat' dir='ltr'><strong>novis</strong></span> <span class='ocrx_word' id='word_1_85' title='bbox 922 1153 969 1216; x_wconf 90' lang='lat' dir='ltr'><strong>bis</strong></span> <span class='ocrx_word' id='word_1_86' title='bbox 991 1153 1099 1217; x_wconf 86' lang='lat' dir='ltr'><strong>merito</strong></span> <span class='ocrx_word' id='word_1_87' title='bbox 1121 1157 1275 1234; x_wconf 82' lang='lat' dir='ltr'><strong>perculsus</strong></span> <span class='ocrx_word' id='word_1_88' title='bbox 1297 1177 1384 1222; x_wconf 85' lang='lat' dir='ltr'><strong>voes-</strong></span> 
     </span>
     <span class='ocr_line' id='line_1_10' title="bbox 157 1253 1386 1338; baseline 0.003 -22"><span class='ocrx_word' id='word_1_89' title='bbox 157 1253 252 1327; x_wconf 89' lang='lat' dir='ltr'><strong>bulis‚</strong></span> <span class='ocrx_word' id='word_1_90' title='bbox 275 1273 351 1335; x_wconf 86' lang='lat' dir='ltr'><strong>quae</strong></span> <span class='ocrx_word' id='word_1_91' title='bbox 373 1263 404 1317; x_wconf 90' lang='lat' dir='ltr'><strong>et</strong></span> <span class='ocrx_word' id='word_1_92' title='bbox 424 1255 466 1316; x_wconf 85' lang='lat' dir='ltr'><strong>illi</strong></span> <span class='ocrx_word' id='word_1_93' title='bbox 487 1263 634 1336; x_wconf 84' lang='lat' dir='ltr'><strong>usurpent</strong></span> <span class='ocrx_word' id='word_1_94' title='bbox 655 1265 685 1318; x_wconf 88' lang='lat' dir='ltr'><strong>et</strong></span> <span class='ocrx_word' id='word_1_95' title='bbox 706 1255 772 1336; x_wconf 90' lang='lat' dir='ltr'><strong>ipse</strong></span> <span class='ocrx_word' id='word_1_96' title='bbox 793 1255 890 1329; x_wconf 88' lang='lat' dir='ltr'><strong>endit,</strong></span> <span class='ocrx_word' id='word_1_97' title='bbox 912 1273 1045 1336; x_wconf 89' lang='lat' dir='ltr'><strong>quaeque</strong></span> <span class='ocrx_word' id='word_1_98' title='bbox 1066 1256 1132 1338; x_wconf 80' lang='lat' dir='ltr'><strong>ipse</strong></span> <span class='ocrx_word' id='word_1_99' title='bbox 1156 1275 1191 1318; x_wconf 82' lang='lat' dir='ltr'><strong>ex</strong></span> <span class='ocrx_word' id='word_1_100' title='bbox 1214 1275 1247 1318; x_wconf 93' lang='lat' dir='ltr'><strong>se</strong></span> <span class='ocrx_word' id='word_1_101' title='bbox 1269 1258 1312 1319; x_wconf 85' lang='lat' dir='ltr'><strong>rel</strong></span> <span class='ocrx_word' id='word_1_102' title='bbox 1334 1277 1386 1320; x_wconf 90' lang='lat' dir='ltr'><strong>su·</strong></span> 
     </span>
     <span class='ocr_line' id='line_1_11' title="bbox 150 1339 1389 1438; baseline 0.002 -20"><span class='ocrx_word' id='word_1_103' title='bbox 150 1339 220 1418; x_wconf 69' lang='lat' dir='ltr'><strong>&#39;lum</strong></span> <span class='ocrx_word' id='word_1_104' title='bbox 240 1357 356 1437; x_wconf 81' lang='lat' dir='ltr'><strong>prolata</strong></span> <span class='ocrx_word' id='word_1_105' title='bbox 378 1365 509 1438; x_wconf 79' lang='lat' dir='ltr'><strong>opertum</strong></span> <span class='ocrx_word' id='word_1_106' title='bbox 530 1359 703 1437; x_wconf 88' lang='lat' dir='ltr'><strong>preelemut</strong></span> <span class='ocrx_word' id='word_1_107' title='bbox 723 1357 964 1438; x_wconf 73' lang='lat' dir='ltr'><strong>blasphemiam?</strong></span> <span class='ocrx_word' id='word_1_108' title='bbox 1007 1357 1080 1420; x_wconf 86' lang='lat' dir='ltr'><strong>Nam</strong></span> <span class='ocrx_word' id='word_1_109' title='bbox 1104 1359 1131 1421; x_wconf 90' lang='lat' dir='ltr'><strong>si</strong></span> <span class='ocrx_word' id='word_1_110' title='bbox 1154 1355 1282 1420; x_wconf 85' lang='lat' dir='ltr'><strong>Verbum</strong></span> <span class='ocrx_word' id='word_1_111' title='bbox 1316 1359 1389 1420; x_wconf 82' lang='lat' dir='ltr'><strong>verti</strong></span> 
     </span>
     <span class='ocr_line' id='line_1_12' title="bbox 158 1457 1388 1539; baseline 0.002 -19"><span class='ocrx_word' id='word_1_112' title='bbox 158 1468 189 1521; x_wconf 94' lang='lat' dir='ltr'><strong>et</strong></span> <span class='ocrx_word' id='word_1_113' title='bbox 209 1460 317 1520; x_wconf 77' lang='lat' dir='ltr'><strong>moun</strong></span> <span class='ocrx_word' id='word_1_114' title='bbox 339 1467 448 1538; x_wconf 88' lang='lat' dir='ltr'><strong>potest,</strong></span> <span class='ocrx_word' id='word_1_115' title='bbox 472 1457 520 1522; x_wconf 90' lang='lat' dir='ltr'><strong>ubi</strong></span> <span class='ocrx_word' id='word_1_116' title='bbox 543 1477 655 1538; x_wconf 84' lang='lat' dir='ltr'><strong>quaeso</strong></span> <span class='ocrx_word' id='word_1_117' title='bbox 679 1459 786 1534; x_wconf 86' lang='lat' dir='ltr'><strong>stabit,</strong></span> <span class='ocrx_word' id='word_1_118' title='bbox 809 1459 942 1539; x_wconf 85' lang='lat' dir='ltr'><strong>qualisve</strong></span> <span class='ocrx_word' id='word_1_119' title='bbox 965 1459 1030 1522; x_wconf 89' lang='lat' dir='ltr'><strong>eius</strong></span> <span class='ocrx_word' id='word_1_120' title='bbox 1053 1459 1228 1522; x_wconf 86' lang='lat' dir='ltr'><strong>inerementi</strong></span> <span class='ocrx_word' id='word_1_121' title='bbox 1249 1459 1318 1521; x_wconf 85' lang='lat' dir='ltr'><strong>linis</strong></span> <span class='ocrx_word' id='word_1_122' title='bbox 1339 1461 1388 1522; x_wconf 90' lang='lat' dir='ltr'><strong>lu·</strong></span> 
     </span>
     <span class='ocr_line' id='line_1_13' title="bbox 156 1559 1389 1641; baseline 0 -17"><span class='ocrx_word' id='word_1_123' title='bbox 156 1569 243 1624; x_wconf 89' lang='lat' dir='ltr'><strong>turus</strong></span> <span class='ocrx_word' id='word_1_124' title='bbox 277 1559 347 1622; x_wconf 76' lang='lat' dir='ltr'><strong>esti</strong></span> <span class='ocrx_word' id='word_1_125' title='bbox 380 1561 425 1622; x_wconf 83' lang='lat' dir='ltr'><strong>rel</strong></span> <span class='ocrx_word' id='word_1_126' title='bbox 454 1561 605 1640; x_wconf 89' lang='lat' dir='ltr'><strong>quomodo</strong></span> <span class='ocrx_word' id='word_1_127' title='bbox 634 1560 784 1623; x_wconf 88' lang='lat' dir='ltr'><strong>mutabilis</strong></span> <span class='ocrx_word' id='word_1_128' title='bbox 813 1561 988 1624; x_wconf 77' lang='lat' dir='ltr'><strong>immutabili</strong></span> <span class='ocrx_word' id='word_1_129' title='bbox 1015 1562 1127 1641; x_wconf 88' lang='lat' dir='ltr'><strong>poterit</strong></span> <span class='ocrx_word' id='word_1_130' title='bbox 1154 1580 1225 1624; x_wconf 89' lang='lat' dir='ltr'><strong>esse</strong></span> <span class='ocrx_word' id='word_1_131' title='bbox 1257 1559 1389 1624; x_wconf 71' lang='lat' dir='ltr'><strong>similist</strong></span> 
     </span>
     <span class='ocr_line' id='line_1_14' title="bbox 132 1662 1387 1742; baseline 0.003 -19"><span class='ocrx_word' id='word_1_132' title='bbox 132 1719 134 1722; x_wconf 89' lang='lat'>.</span> <span class='ocrx_word' id='word_1_133' title='bbox 156 1663 316 1736; x_wconf 81' lang='lat' dir='ltr'><strong>Quomodo</strong></span> <span class='ocrx_word' id='word_1_134' title='bbox 338 1662 409 1724; x_wconf 88' lang='lat' dir='ltr'><strong>item</strong></span> <span class='ocrx_word' id='word_1_135' title='bbox 431 1663 482 1742; x_wconf 94' lang='lat' dir='ltr'><strong>qui</strong></span> <span class='ocrx_word' id='word_1_136' title='bbox 504 1663 674 1724; x_wconf 74' lang='lat' dir='ltr'><strong>mutabilem</strong></span> <span class='ocrx_word' id='word_1_137' title='bbox 697 1663 814 1737; x_wconf 79' lang='lat' dir='ltr'><strong>uiderit,</strong></span> <span class='ocrx_word' id='word_1_138' title='bbox 836 1663 1048 1726; x_wconf 70' lang='lat' dir='ltr'><strong>immutabilem</strong></span> <span class='ocrx_word' id='word_1_139' title='bbox 1071 1663 1237 1726; x_wconf 81' lang='lat' dir='ltr'><strong>sevidisse</strong></span> <span class='ocrx_word' id='word_1_140' title='bbox 1260 1664 1387 1727; x_wconf 76' lang='lat' dir='ltr'><strong>arbitra·</strong></span> 
     </span>
     <span class='ocr_line' id='line_1_15' title="bbox 155 1763 1386 1846; baseline 0.002 -20"><span class='ocrx_word' id='word_1_141' title='bbox 155 1763 260 1828; x_wconf 75' lang='lat' dir='ltr'><strong>bitur?</strong></span> <span class='ocrx_word' id='word_1_142' title='bbox 288 1765 323 1826; x_wconf 84' lang='lat' dir='ltr'><strong>ln</strong></span> <span class='ocrx_word' id='word_1_143' title='bbox 337 1781 466 1845; x_wconf 70' lang='lat' dir='ltr'><strong>qurum</strong></span> <span class='ocrx_word' id='word_1_144' title='bbox 488 1774 586 1828; x_wconf 90' lang='lat' dir='ltr'><strong>autem</strong></span> <span class='ocrx_word' id='word_1_145' title='bbox 610 1765 674 1827; x_wconf 89' lang='lat' dir='ltr'><strong>eius</strong></span> <span class='ocrx_word' id='word_1_146' title='bbox 696 1773 775 1827; x_wconf 80' lang='lat' dir='ltr'><strong>stetu</strong></span> <span class='ocrx_word' id='word_1_147' title='bbox 796 1766 908 1846; x_wconf 91' lang='lat' dir='ltr'><strong>poterit</strong></span> <span class='ocrx_word' id='word_1_148' title='bbox 929 1766 959 1826; x_wconf 91' lang='lat' dir='ltr'><strong>in</strong></span> <span class='ocrx_word' id='word_1_149' title='bbox 983 1765 1032 1827; x_wconf 91' lang='lat' dir='ltr'><strong>illo</strong></span> <span class='ocrx_word' id='word_1_150' title='bbox 1048 1765 1140 1827; x_wconf 85' lang='lat' dir='ltr'><strong>videri</strong></span> <span class='ocrx_word' id='word_1_151' title='bbox 1157 1765 1268 1828; x_wconf 80' lang='lat' dir='ltr'><strong>Pater?</strong></span> <span class='ocrx_word' id='word_1_152' title='bbox 1301 1765 1386 1829; x_wconf 85' lang='lat' dir='ltr'><strong>Certe</strong></span> 
     </span>
     <span class='ocr_line' id='line_1_16' title="bbox 158 1866 1387 1949; baseline 0.003 -23"><span class='ocrx_word' id='word_1_153' title='bbox 158 1866 267 1945; x_wconf 90' lang='lat' dir='ltr'><strong>liquet,</strong></span> <span class='ocrx_word' id='word_1_154' title='bbox 297 1867 376 1945; x_wconf 91' lang='lat' dir='ltr'><strong>quod</strong></span> <span class='ocrx_word' id='word_1_155' title='bbox 402 1885 489 1929; x_wconf 90' lang='lat' dir='ltr'><strong>nemo</strong></span> <span class='ocrx_word' id='word_1_156' title='bbox 519 1882 640 1946; x_wconf 87' lang='lat' dir='ltr'><strong>semper</strong></span> <span class='ocrx_word' id='word_1_157' title='bbox 668 1867 698 1928; x_wconf 92' lang='lat' dir='ltr'><strong>iu</strong></span> <span class='ocrx_word' id='word_1_158' title='bbox 726 1866 776 1928; x_wconf 90' lang='lat' dir='ltr'><strong>ilio</strong></span> <span class='ocrx_word' id='word_1_159' title='bbox 800 1867 917 1929; x_wconf 85' lang='lat' dir='ltr'><strong>Patrem</strong></span> <span class='ocrx_word' id='word_1_160' title='bbox 940 1875 988 1930; x_wconf 91' lang='lat' dir='ltr'><strong>est</strong></span> <span class='ocrx_word' id='word_1_161' title='bbox 1010 1867 1141 1942; x_wconf 80' lang='lat' dir='ltr'><strong>visurus,</strong></span> <span class='ocrx_word' id='word_1_162' title='bbox 1170 1887 1237 1931; x_wconf 88' lang='lat' dir='ltr'><strong>cum</strong></span> <span class='ocrx_word' id='word_1_163' title='bbox 1266 1885 1387 1949; x_wconf 83' lang='lat' dir='ltr'><strong>semper</strong></span> 
     </span>
     <span class='ocr_line' id='line_1_17' title="bbox 161 1967 1384 2050; baseline 0.003 -22"><span class='ocrx_word' id='word_1_164' title='bbox 161 1975 293 2029; x_wconf 77' lang='lat' dir='ltr'><strong>mittetur</strong></span> <span class='ocrx_word' id='word_1_165' title='bbox 318 1967 407 2030; x_wconf 79' lang='lat' dir='ltr'><strong>Filius</strong></span> <span class='ocrx_word' id='word_1_166' title='bbox 433 1969 641 2048; x_wconf 81' lang='lat' dir='ltr'><strong>mutabilisque</strong></span> <span class='ocrx_word' id='word_1_167' title='bbox 669 1968 710 2030; x_wconf 89' lang='lat' dir='ltr'><strong>sit</strong></span> <span class='ocrx_word' id='word_1_168' title='bbox 736 1975 867 2032; x_wconf 88' lang='lat' dir='ltr'><strong>naturae.</strong></span> <span class='ocrx_word' id='word_1_169' title='bbox 916 1969 1048 2050; x_wconf 86' lang='lat' dir='ltr'><strong>Namque</strong></span> <span class='ocrx_word' id='word_1_170' title='bbox 1077 1970 1166 2032; x_wconf 86' lang='lat' dir='ltr'><strong>Peter</strong></span> <span class='ocrx_word' id='word_1_171' title='bbox 1192 1969 1384 2034; x_wconf 74' lang='lat' dir='ltr'><strong>immutabilis</strong></span> 
     </span>
     <span class='ocr_line' id='line_1_18' title="bbox 163 2070 1384 2152; baseline 0.004 -24"><span class='ocrx_word' id='word_1_172' title='bbox 163 2077 210 2129; x_wconf 90' lang='lat' dir='ltr'><strong>est</strong></span> <span class='ocrx_word' id='word_1_173' title='bbox 231 2071 385 2150; x_wconf 84' lang='lat' dir='ltr'><strong>omnisque</strong></span> <span class='ocrx_word' id='word_1_174' title='bbox 407 2091 513 2152; x_wconf 80' lang='lat' dir='ltr'><strong>expers</strong></span> <span class='ocrx_word' id='word_1_175' title='bbox 536 2070 754 2144; x_wconf 75' lang='lat' dir='ltr'><strong>conversionis,</strong></span> <span class='ocrx_word' id='word_1_176' title='bbox 777 2089 953 2151; x_wconf 89' lang='lat' dir='ltr'><strong>semperque</strong></span> <span class='ocrx_word' id='word_1_177' title='bbox 969 2081 998 2134; x_wconf 89' lang='grc' dir='ltr'><strong>ει</strong></span> <span class='ocrx_word' id='word_1_178' title='bbox 1013 2071 1092 2134; x_wconf 91' lang='lat' dir='ltr'><strong>idem</strong></span> <span class='ocrx_word' id='word_1_179' title='bbox 1114 2082 1145 2134; x_wconf 92' lang='lat' dir='ltr'><strong>et</strong></span> <span class='ocrx_word' id='word_1_180' title='bbox 1166 2074 1272 2134; x_wconf 92' lang='lat' dir='ltr'><strong>eodem</strong></span> <span class='ocrx_word' id='word_1_181' title='bbox 1294 2072 1384 2134; x_wconf 92' lang='lat' dir='ltr'><strong>modo</strong></span> 
     </span>
     <span class='ocr_line' id='line_1_19' title="bbox 160 2157 1469 2254; baseline 0.003 -24"><span class='ocrx_word' id='word_1_182' title='bbox 160 2177 214 2231; x_wconf 89' lang='lat' dir='ltr'><strong>est.</strong></span> <span class='ocrx_word' id='word_1_183' title='bbox 259 2171 317 2234; x_wconf 87' lang='lat' dir='ltr'><strong>Sed</strong></span> <span class='ocrx_word' id='word_1_184' title='bbox 340 2173 366 2234; x_wconf 84' lang='lat' dir='ltr'><strong>ui</strong></span> <span class='ocrx_word' id='word_1_185' title='bbox 387 2171 498 2247; x_wconf 82' lang='lat' dir='ltr'><strong>Filius,</strong></span> <span class='ocrx_word' id='word_1_186' title='bbox 520 2182 554 2234; x_wconf 91' lang='lat' dir='ltr'><strong>ut</strong></span> <span class='ocrx_word' id='word_1_187' title='bbox 575 2172 723 2246; x_wconf 87' lang='lat' dir='ltr'><strong>sentiunt,</strong></span> <span class='ocrx_word' id='word_1_188' title='bbox 757 2181 803 2235; x_wconf 87' lang='lat' dir='ltr'><strong>est</strong></span> <span class='ocrx_word' id='word_1_189' title='bbox 823 2173 972 2236; x_wconf 80' lang='lat' dir='ltr'><strong>mentitis</strong></span> <span class='ocrx_word' id='word_1_190' title='bbox 994 2193 1050 2236; x_wconf 86' lang='lat' dir='ltr'><strong>nec</strong></span> <span class='ocrx_word' id='word_1_191' title='bbox 1072 2191 1192 2254; x_wconf 86' lang='lat' dir='ltr'><strong>semper</strong></span> <span class='ocrx_word' id='word_1_192' title='bbox 1213 2173 1308 2247; x_wconf 88' lang='lat' dir='ltr'><strong>idern,</strong></span> <span class='ocrx_word' id='word_1_193' title='bbox 1331 2173 1384 2234; x_wconf 88' lang='lat' dir='ltr'><strong>sed</strong></span> <span class='ocrx_word' id='word_1_194' title='bbox 1393 2157 1469 2236; x_wconf 68' lang='lat' dir='ltr'><strong>uuo.</strong></span> 
     </span>
     <span class='ocr_line' id='line_1_20' title="bbox 158 2272 1385 2354; baseline 0.003 -22"><span class='ocrx_word' id='word_1_195' title='bbox 158 2272 222 2332; x_wconf 90' lang='lat' dir='ltr'><strong>eius</strong></span> <span class='ocrx_word' id='word_1_196' title='bbox 244 2281 383 2346; x_wconf 74' lang='lat' dir='ltr'><strong>naturae,</strong></span> <span class='ocrx_word' id='word_1_197' title='bbox 405 2293 479 2353; x_wconf 82' lang='lat' dir='ltr'><strong>quae</strong></span> <span class='ocrx_word' id='word_1_198' title='bbox 502 2293 620 2354; x_wconf 89' lang='lat' dir='ltr'><strong>semper</strong></span> <span class='ocrx_word' id='word_1_199' title='bbox 641 2283 787 2348; x_wconf 76' lang='lat' dir='ltr'><strong>mutetur3</strong></span> <span class='ocrx_word' id='word_1_200' title='bbox 810 2280 859 2354; x_wconf 92' lang='lat' dir='ltr'><strong>qul</strong></span> <span class='ocrx_word' id='word_1_201' title='bbox 883 2275 947 2336; x_wconf 83' lang='lat' dir='ltr'><strong>fieri</strong></span> <span class='ocrx_word' id='word_1_202' title='bbox 969 2283 1081 2353; x_wconf 89' lang='lat' dir='ltr'><strong>potest,</strong></span> <span class='ocrx_word' id='word_1_203' title='bbox 1104 2282 1138 2335; x_wconf 93' lang='lat' dir='ltr'><strong>ut</strong></span> <span class='ocrx_word' id='word_1_204' title='bbox 1159 2275 1206 2336; x_wconf 90' lang='lat' dir='ltr'><strong>ille</strong></span> <span class='ocrx_word' id='word_1_205' title='bbox 1228 2275 1268 2336; x_wconf 89' lang='lat' dir='ltr'><strong>sit</strong></span> <span class='ocrx_word' id='word_1_206' title='bbox 1289 2275 1385 2353; x_wconf 78' lang='lat' dir='ltr'><strong>imago</strong></span> 
     </span>
     <span class='ocr_line' id='line_1_21' title="bbox 157 2371 1387 2484; baseline 0.002 -49"><span class='ocrx_word' id='word_1_207' title='bbox 157 2372 268 2447; x_wconf 84' lang='lat' dir='ltr'><strong>Petris,</strong></span> <span class='ocrx_word' id='word_1_208' title='bbox 298 2375 351 2484; x_wconf 61' lang='lat' dir='ltr'><strong>quui</strong></span> <span class='ocrx_word' id='word_1_209' title='bbox 379 2375 507 2458; x_wconf 75' lang='lat' dir='ltr'><strong>similem</strong></span> <span class='ocrx_word' id='word_1_210' title='bbox 535 2393 596 2437; x_wconf 91' lang='lat' dir='ltr'><strong>uon</strong></span> <span class='ocrx_word' id='word_1_211' title='bbox 625 2375 730 2437; x_wconf 81' lang='lat' dir='ltr'><strong>habeut</strong></span> <span class='ocrx_word' id='word_1_212' title='bbox 758 2371 1049 2436; x_wconf 70' lang='lat' dir='ltr'><strong>immutabilitatem?</strong></span> <span class='ocrx_word' id='word_1_213' title='bbox 1092 2373 1155 2434; x_wconf 87' lang='lat' dir='ltr'><strong>imo</strong></span> <span class='ocrx_word' id='word_1_214' title='bbox 1183 2376 1333 2454; x_wconf 92' lang='lat' dir='ltr'><strong>quomodo</strong></span> <span class='ocrx_word' id='word_1_215' title='bbox 1356 2375 1387 2438; x_wconf 92' lang='lat' dir='ltr'><strong>in</strong></span> 
     </span>
     <span class='ocr_line' id='line_1_22' title="bbox 157 2473 1385 2558; baseline 0.001 -21"><span class='ocrx_word' id='word_1_216' title='bbox 157 2475 243 2540; x_wconf 86' lang='lat' dir='ltr'><strong>Pstre</strong></span> <span class='ocrx_word' id='word_1_217' title='bbox 266 2495 336 2538; x_wconf 89' lang='lat' dir='ltr'><strong>esse</strong></span> <span class='ocrx_word' id='word_1_218' title='bbox 364 2477 486 2540; x_wconf 90' lang='lat' dir='ltr'><strong>omnino</strong></span> <span class='ocrx_word' id='word_1_219' title='bbox 514 2478 628 2558; x_wconf 88' lang='lat' dir='ltr'><strong>possit,</strong></span> <span class='ocrx_word' id='word_1_220' title='bbox 661 2477 710 2558; x_wconf 93' lang='lat' dir='ltr'><strong>qui</strong></span> <span class='ocrx_word' id='word_1_221' title='bbox 740 2476 877 2557; x_wconf 78' lang='lat' dir='ltr'><strong>ambigue</strong></span> <span class='ocrx_word' id='word_1_222' title='bbox 907 2483 953 2538; x_wconf 91' lang='grc' dir='ltr'><strong>εει</strong></span> <span class='ocrx_word' id='word_1_223' title='bbox 982 2473 1156 2538; x_wconf 79' lang='lat' dir='ltr'><strong>voluntate?</strong></span> <span class='ocrx_word' id='word_1_224' title='bbox 1199 2475 1288 2539; x_wconf 81' lang='lat' dir='ltr'><strong>Forte</strong></span> <span class='ocrx_word' id='word_1_225' title='bbox 1315 2495 1385 2538; x_wconf 80' lang='lat' dir='ltr'><strong>vero</strong></span> 
     </span>
     <span class='ocr_line' id='line_1_23' title="bbox 158 2577 1386 2660; baseline 0 -20"><span class='ocrx_word' id='word_1_226' title='bbox 158 2595 223 2640; x_wconf 89' lang='lat' dir='ltr'><strong>cum</strong></span> <span class='ocrx_word' id='word_1_227' title='bbox 246 2579 286 2640; x_wconf 87' lang='lat' dir='ltr'><strong>sit</strong></span> <span class='ocrx_word' id='word_1_228' title='bbox 307 2579 455 2642; x_wconf 79' lang='lat' dir='ltr'><strong>mutabilis</strong></span> <span class='ocrx_word' id='word_1_229' title='bbox 478 2589 506 2642; x_wconf 92' lang='lat' dir='ltr'><strong>et</strong></span> <span class='ocrx_word' id='word_1_230' title='bbox 528 2581 653 2660; x_wconf 78' lang='lat' dir='ltr'><strong>singolis</strong></span> <span class='ocrx_word' id='word_1_231' title='bbox 675 2579 779 2642; x_wconf 85' lang='lat' dir='ltr'><strong>diebus</strong></span> <span class='ocrx_word' id='word_1_232' title='bbox 809 2577 959 2659; x_wconf 80' lang='lat' dir='ltr'><strong>proficiat,</strong></span> <span class='ocrx_word' id='word_1_233' title='bbox 990 2580 1140 2660; x_wconf 90' lang='lat' dir='ltr'><strong>perlectus</strong></span> <span class='ocrx_word' id='word_1_234' title='bbox 1168 2579 1300 2640; x_wconf 90' lang='lat' dir='ltr'><strong>noudum</strong></span> <span class='ocrx_word' id='word_1_235' title='bbox 1330 2587 1386 2640; x_wconf 89' lang='grc' dir='ltr'><strong>εει.</strong></span> 
     </span>
     <span class='ocr_line' id='line_1_24' title="bbox 157 2679 1387 2762; baseline -0.002 -20"><span class='ocrx_word' id='word_1_236' title='bbox 157 2679 216 2744; x_wconf 82' lang='lat' dir='ltr'><strong>Sed</strong></span> <span class='ocrx_word' id='word_1_237' title='bbox 231 2679 332 2743; x_wconf 77' lang='lat' dir='ltr'><strong>&#39;valent</strong></span> <span class='ocrx_word' id='word_1_238' title='bbox 353 2690 412 2744; x_wconf 88' lang='lat' dir='ltr'><strong>tam</strong></span> <span class='ocrx_word' id='word_1_239' title='bbox 434 2683 558 2746; x_wconf 87' lang='lat' dir='ltr'><strong>insanus</strong></span> <span class='ocrx_word' id='word_1_240' title='bbox 581 2683 758 2744; x_wconf 75' lang='lat' dir='ltr'><strong>brianonum</strong></span> <span class='ocrx_word' id='word_1_241' title='bbox 780 2699 881 2752; x_wconf 88' lang='lat' dir='ltr'><strong>error,</strong></span> <span class='ocrx_word' id='word_1_242' title='bbox 911 2681 1078 2762; x_wconf 75' lang='lat' dir='ltr'><strong>fulgentque</strong></span> <span class='ocrx_word' id='word_1_243' title='bbox 1100 2680 1223 2754; x_wconf 81' lang='lat' dir='ltr'><strong>veritas,</strong></span> <span class='ocrx_word' id='word_1_244' title='bbox 1254 2697 1329 2760; x_wconf 88' lang='lat' dir='ltr'><strong>quse</strong></span> <span class='ocrx_word' id='word_1_245' title='bbox 1357 2687 1387 2740; x_wconf 87' lang='lat' dir='ltr'><strong>et</strong></span> 
     </span>
     <span class='ocr_line' id='line_1_25' title="bbox 159 2767 1387 2862; baseline 0 -22"><span class='ocrx_word' id='word_1_246' title='bbox 159 2799 212 2842; x_wconf 91' lang='lat' dir='ltr'><strong>eus</strong></span> <span class='ocrx_word' id='word_1_247' title='bbox 234 2782 372 2860; x_wconf 88' lang='lat' dir='ltr'><strong>desipere</strong></span> <span class='ocrx_word' id='word_1_248' title='bbox 392 2783 488 2862; x_wconf 85' lang='lat' dir='ltr'><strong>pulum</strong></span> <span class='ocrx_word' id='word_1_249' title='bbox 512 2767 657 2845; x_wconf 81' lang='lat' dir='ltr'><strong>ostendet.</strong></span> <span class='ocrx_word' id='word_1_250' title='bbox 703 2783 761 2855; x_wconf 88' lang='lat' dir='ltr'><strong>Qui</strong></span> <span class='ocrx_word' id='word_1_251' title='bbox 790 2781 868 2843; x_wconf 90' lang='lat' dir='ltr'><strong>enim</strong></span> <span class='ocrx_word' id='word_1_252' title='bbox 898 2781 961 2842; x_wconf 88' lang='lat' dir='ltr'><strong>lieri</strong></span> <span class='ocrx_word' id='word_1_253' title='bbox 993 2789 1094 2861; x_wconf 85' lang='lat' dir='ltr'><strong>potest</strong></span> <span class='ocrx_word' id='word_1_254' title='bbox 1116 2789 1148 2842; x_wconf 92' lang='lat' dir='ltr'><strong>ut</strong></span> <span class='ocrx_word' id='word_1_255' title='bbox 1169 2782 1217 2843; x_wconf 87' lang='lat' dir='ltr'><strong>tlte</strong></span> <span class='ocrx_word' id='word_1_256' title='bbox 1239 2781 1387 2860; x_wconf 79' lang='lat' dir='ltr'><strong>perlectus</strong></span> 
     </span>
     <span class='ocr_line' id='line_1_26' title="bbox 159 2879 1386 2957; baseline 0 -18"><span class='ocrx_word' id='word_1_257' title='bbox 159 2879 300 2951; x_wconf 85' lang='lat' dir='ltr'><strong>nonsit,</strong></span> <span class='ocrx_word' id='word_1_258' title='bbox 329 2879 379 2957; x_wconf 91' lang='lat' dir='ltr'><strong>qui</strong></span> <span class='ocrx_word' id='word_1_259' title='bbox 408 2881 536 2957; x_wconf 79' lang='lat' dir='ltr'><strong>aequalis</strong></span> <span class='ocrx_word' id='word_1_260' title='bbox 557 2881 620 2940; x_wconf 80' lang='lat' dir='ltr'><strong>lieo</strong></span> <span class='ocrx_word' id='word_1_261' title='bbox 644 2879 714 2940; x_wconf 78' lang='lat' dir='ltr'><strong>esti</strong></span> <span class='ocrx_word' id='word_1_262' title='bbox 758 2881 815 2940; x_wconf 75' lang='lat' dir='ltr'><strong>Aut</strong></span> <span class='ocrx_word' id='word_1_263' title='bbox 841 2880 991 2957; x_wconf 89' lang='lat' dir='ltr'><strong>quomodo</strong></span> <span class='ocrx_word' id='word_1_264' title='bbox 1019 2881 1210 2942; x_wconf 82' lang='lat' dir='ltr'><strong>immutabilis</strong></span> <span class='ocrx_word' id='word_1_265' title='bbox 1239 2897 1300 2940; x_wconf 90' lang='lat' dir='ltr'><strong>non</strong></span> <span class='ocrx_word' id='word_1_266' title='bbox 1330 2888 1386 2953; x_wconf 89' lang='lat' dir='ltr'><strong>est,</strong></span> 
     </span>
     <span class='ocr_line' id='line_1_27' title="bbox 161 2977 1388 3059; baseline 0 -20"><span class='ocrx_word' id='word_1_267' title='bbox 161 2979 212 3059; x_wconf 90' lang='lat' dir='ltr'><strong>qui</strong></span> <span class='ocrx_word' id='word_1_268' title='bbox 235 2994 327 3037; x_wconf 92' lang='lat' dir='ltr'><strong>unum</strong></span> <span class='ocrx_word' id='word_1_269' title='bbox 350 2995 417 3038; x_wconf 89' lang='lat' dir='ltr'><strong>eum</strong></span> <span class='ocrx_word' id='word_1_270' title='bbox 439 2979 525 3038; x_wconf 84' lang='lat' dir='ltr'><strong>Putre</strong></span> <span class='ocrx_word' id='word_1_271' title='bbox 553 2987 599 3038; x_wconf 89' lang='lat' dir='ltr'><strong>est</strong></span> <span class='ocrx_word' id='word_1_272' title='bbox 627 2977 749 3055; x_wconf 90' lang='lat' dir='ltr'><strong>eiusque</strong></span> <span class='ocrx_word' id='word_1_273' title='bbox 778 2985 899 3038; x_wconf 80' lang='lat' dir='ltr'><strong>naturae</strong></span> <span class='ocrx_word' id='word_1_274' title='bbox 927 2979 1067 3056; x_wconf 90' lang='lat' dir='ltr'><strong>proprius</strong></span> <span class='ocrx_word' id='word_1_275' title='bbox 1090 2987 1137 3038; x_wconf 88' lang='grc' dir='ltr'><strong>εει</strong></span> <span class='ocrx_word' id='word_1_276' title='bbox 1157 2977 1272 3040; x_wconf 71' lang='lat' dir='ltr'><strong>Filius?</strong></span> <span class='ocrx_word' id='word_1_277' title='bbox 1315 2977 1388 3039; x_wconf 90' lang='lat' dir='ltr'><strong>Cum</strong></span> 
     </span>
     <span class='ocr_line' id='line_1_28' title="bbox 162 3073 1388 3159; baseline -0.002 -18"><span class='ocrx_word' id='word_1_278' title='bbox 162 3079 254 3159; x_wconf 70' lang='lat' dir='ltr'><strong>ipseo</strong></span> <span class='ocrx_word' id='word_1_279' title='bbox 273 3077 371 3141; x_wconf 82' lang='lat' dir='ltr'><strong>Putris</strong></span> <span class='ocrx_word' id='word_1_280' title='bbox 394 3085 497 3138; x_wconf 81' lang='lat' dir='ltr'><strong>nature</strong></span> <span class='ocrx_word' id='word_1_281' title='bbox 520 3077 560 3138; x_wconf 89' lang='lat' dir='ltr'><strong>sit</strong></span> <span class='ocrx_word' id='word_1_282' title='bbox 581 3077 781 3150; x_wconf 81' lang='lat' dir='ltr'><strong>immutabilis,</strong></span> <span class='ocrx_word' id='word_1_283' title='bbox 805 3094 865 3138; x_wconf 89' lang='lat' dir='ltr'><strong>uon</strong></span> <span class='ocrx_word' id='word_1_284' title='bbox 888 3076 1010 3139; x_wconf 91' lang='lat' dir='ltr'><strong>dubium</strong></span> <span class='ocrx_word' id='word_1_285' title='bbox 1033 3085 1090 3149; x_wconf 90' lang='lat' dir='ltr'><strong>est,</strong></span> <span class='ocrx_word' id='word_1_286' title='bbox 1113 3077 1183 3155; x_wconf 93' lang='lat' dir='ltr'><strong>quin</strong></span> <span class='ocrx_word' id='word_1_287' title='bbox 1199 3073 1388 3138; x_wconf 89' lang='lat' dir='ltr'><strong>immutabilis</strong></span> 
     </span>
     <span class='ocr_line' id='line_1_29' title="bbox 160 3172 1388 3264; baseline -0.003 -21"><span class='ocrx_word' id='word_1_288' title='bbox 160 3199 280 3264; x_wconf 90' lang='lat' dir='ltr'><strong>quoque</strong></span> <span class='ocrx_word' id='word_1_289' title='bbox 303 3179 342 3242; x_wconf 89' lang='lat' dir='ltr'><strong>sit</strong></span> <span class='ocrx_word' id='word_1_290' title='bbox 363 3179 504 3262; x_wconf 87' lang='lat' dir='ltr'><strong>proprius</strong></span> <span class='ocrx_word' id='word_1_291' title='bbox 527 3179 577 3259; x_wconf 89' lang='lat' dir='ltr'><strong>qui</strong></span> <span class='ocrx_word' id='word_1_292' title='bbox 599 3197 636 3241; x_wconf 87' lang='lat' dir='ltr'><strong>ex</strong></span> <span class='ocrx_word' id='word_1_293' title='bbox 658 3197 691 3240; x_wconf 87' lang='lat' dir='ltr'><strong>ee</strong></span> <span class='ocrx_word' id='word_1_294' title='bbox 715 3177 848 3240; x_wconf 78' lang='lat' dir='ltr'><strong>exoritur</strong></span> <span class='ocrx_word' id='word_1_295' title='bbox 868 3177 956 3239; x_wconf 85' lang='lat' dir='ltr'><strong>letus.</strong></span> <span class='ocrx_word' id='word_1_296' title='bbox 1001 3177 1084 3250; x_wconf 82' lang='lat' dir='ltr'><strong>Quae</strong></span> <span class='ocrx_word' id='word_1_297' title='bbox 1106 3175 1234 3238; x_wconf 81' lang='lat' dir='ltr'><strong>eumilo</strong></span> <span class='ocrx_word' id='word_1_298' title='bbox 1256 3172 1330 3250; x_wconf 87' lang='lat' dir='ltr'><strong>siut,</strong></span> <span class='ocrx_word' id='word_1_299' title='bbox 1363 3177 1388 3239; x_wconf 90' lang='lat' dir='ltr'><strong>si</strong></span> 
     </span>
     <span class='ocr_line' id='line_1_30' title="bbox 160 3279 1390 3363; baseline -0.002 -19"><span class='ocrx_word' id='word_1_300' title='bbox 160 3283 290 3346; x_wconf 76' lang='lat' dir='ltr'><strong>Verbum</strong></span> <span class='ocrx_word' id='word_1_301' title='bbox 313 3281 452 3345; x_wconf 80' lang='lat' dir='ltr'><strong>mentito</strong></span> <span class='ocrx_word' id='word_1_302' title='bbox 474 3301 541 3345; x_wconf 87' lang='lat' dir='ltr'><strong>esse</strong></span> <span class='ocrx_word' id='word_1_303' title='bbox 562 3289 687 3363; x_wconf 84' lang='lat' dir='ltr'><strong>pergent</strong></span> <span class='ocrx_word' id='word_1_304' title='bbox 707 3280 783 3344; x_wconf 85' lang='lat' dir='ltr'><strong>lelso</strong></span> <span class='ocrx_word' id='word_1_305' title='bbox 807 3279 1003 3354; x_wconf 87' lang='lat' dir='ltr'><strong>contendere,</strong></span> <span class='ocrx_word' id='word_1_306' title='bbox 1033 3279 1154 3342; x_wconf 78' lang='lat' dir='ltr'><strong>videant</strong></span> <span class='ocrx_word' id='word_1_307' title='bbox 1180 3286 1321 3360; x_wconf 81' lang='lat' dir='ltr'><strong>quantum</strong></span> <span class='ocrx_word' id='word_1_308' title='bbox 1350 3279 1390 3342; x_wconf 92' lang='lat' dir='ltr'><strong>sit</strong></span> 
     </span>
     <span class='ocr_line' id='line_1_31' title="bbox 160 3380 1385 3464; baseline -0.003 -17"><span class='ocrx_word' id='word_1_309' title='bbox 160 3385 191 3447; x_wconf 90' lang='lat' dir='ltr'><strong>in</strong></span> <span class='ocrx_word' id='word_1_310' title='bbox 214 3385 360 3448; x_wconf 84' lang='lat' dir='ltr'><strong>eiusmodi</strong></span> <span class='ocrx_word' id='word_1_311' title='bbox 383 3403 522 3448; x_wconf 87' lang='lat' dir='ltr'><strong>sermone</strong></span> <span class='ocrx_word' id='word_1_312' title='bbox 545 3383 719 3464; x_wconf 85' lang='lat' dir='ltr'><strong>perieulum.</strong></span> <span class='ocrx_word' id='word_1_313' title='bbox 764 3381 897 3462; x_wconf 83' lang='lat' dir='ltr'><strong>Namque</strong></span> <span class='ocrx_word' id='word_1_314' title='bbox 925 3401 960 3444; x_wconf 85' lang='lat' dir='ltr'><strong>ex</strong></span> <span class='ocrx_word' id='word_1_315' title='bbox 987 3385 1083 3446; x_wconf 80' lang='lat' dir='ltr'><strong>fructu</strong></span> <span class='ocrx_word' id='word_1_316' title='bbox 1111 3380 1201 3444; x_wconf 90' lang='lat' dir='ltr'><strong>arbor</strong></span> <span class='ocrx_word' id='word_1_317' title='bbox 1229 3381 1385 3462; x_wconf 78' lang='lat' dir='ltr'><strong>cognusci-</strong></span> 
     </span>
     <span class='ocr_line' id='line_1_32' title="bbox 160 3484 1387 3567; baseline 0.001 -18"><span class='ocrx_word' id='word_1_318' title='bbox 160 3495 236 3560; x_wconf 77' lang='lat' dir='ltr'><strong>tur3·</strong></span> <span class='ocrx_word' id='word_1_319' title='bbox 253 3487 323 3549; x_wconf 83' lang='lat' dir='ltr'><strong>ltine</strong></span> <span class='ocrx_word' id='word_1_320' title='bbox 344 3487 393 3566; x_wconf 93' lang='lat' dir='ltr'><strong>qui</strong></span> <span class='ocrx_word' id='word_1_321' title='bbox 415 3487 486 3550; x_wconf 83' lang='lat' dir='ltr'><strong>vidit</strong></span> <span class='ocrx_word' id='word_1_322' title='bbox 507 3487 630 3560; x_wconf 78' lang='lat' dir='ltr'><strong>Filium,</strong></span> <span class='ocrx_word' id='word_1_323' title='bbox 660 3486 733 3550; x_wconf 89' lang='lat' dir='ltr'><strong>vidit</strong></span> <span class='ocrx_word' id='word_1_324' title='bbox 753 3485 888 3560; x_wconf 86' lang='lat' dir='ltr'><strong>Patrem,</strong></span> <span class='ocrx_word' id='word_1_325' title='bbox 916 3493 947 3546; x_wconf 89' lang='lat' dir='ltr'><strong>et</strong></span> <span class='ocrx_word' id='word_1_326' title='bbox 973 3485 1038 3548; x_wconf 80' lang='lat' dir='ltr'><strong>Filii</strong></span> <span class='ocrx_word' id='word_1_327' title='bbox 1068 3484 1196 3567; x_wconf 78' lang='lat' dir='ltr'><strong>cognitio</strong></span> <span class='ocrx_word' id='word_1_328' title='bbox 1219 3484 1315 3548; x_wconf 88' lang='lat' dir='ltr'><strong>Patris</strong></span> <span class='ocrx_word' id='word_1_329' title='bbox 1339 3493 1387 3550; x_wconf 88' lang='lat' dir='ltr'><strong>est</strong></span> 
     </span>
     <span class='ocr_line' id='line_1_33' title="bbox 161 3589 299 3670; baseline 0 -19"><span class='ocrx_word' id='word_1_330' title='bbox 161 3589 299 3670; x_wconf 79' lang='lat' dir='ltr'><strong>cognitio.</strong></span> 
     </span>
    </p>
   </div>
   <div class='ocr_carea' id='block_1_3' title="bbox 162 3745 1388 3973">
    <p class='ocr_par' dir='ltr' id='par_1_3' title="bbox 162 3745 1388 3973">
     <span class='ocr_line' id='line_1_34' title="bbox 246 3745 1386 3872; baseline -0.004 -15"><span class='ocrx_word' id='word_1_331' title='bbox 246 3793 297 3858; x_wconf 83' lang='grc'><strong>36.</strong></span> <span class='ocrx_word' id='word_1_332' title='bbox 342 3791 531 3872; x_wconf 83' lang='lat' dir='ltr'><strong>Quapropter</strong></span> <span class='ocrx_word' id='word_1_333' title='bbox 551 3791 741 3854; x_wconf 75' lang='lat' dir='ltr'><strong>immutabilis</strong></span> <span class='ocrx_word' id='word_1_334' title='bbox 764 3789 816 3852; x_wconf 87' lang='lat' dir='ltr'><strong>liei</strong></span> <span class='ocrx_word' id='word_1_335' title='bbox 838 3791 947 3870; x_wconf 76' lang='lat' dir='ltr'><strong>imago</strong></span> <span class='ocrx_word' id='word_1_336' title='bbox 965 3745 1157 3853; x_wconf 80' lang='lat' dir='ltr'><strong>immutabilis</strong></span> <span class='ocrx_word' id='word_1_337' title='bbox 1180 3807 1298 3870; x_wconf 91' lang='lat' dir='ltr'><strong>quoque</strong></span> <span class='ocrx_word' id='word_1_338' title='bbox 1321 3789 1386 3870; x_wconf 84' lang='lat' dir='ltr'><strong>ipse</strong></span> 
     </span>
     <span class='ocr_line' id='line_1_35' title="bbox 162 3891 1388 3973; baseline 0 -19"><span class='ocrx_word' id='word_1_339' title='bbox 162 3892 205 3955; x_wconf 92' lang='lat' dir='ltr'><strong>sit</strong></span> <span class='ocrx_word' id='word_1_340' title='bbox 222 3911 346 3956; x_wconf 88' lang='lat' dir='ltr'><strong>necesse</strong></span> <span class='ocrx_word' id='word_1_341' title='bbox 368 3901 422 3956; x_wconf 91' lang='lat' dir='ltr'><strong>est.</strong></span> <span class='ocrx_word' id='word_1_342' title='bbox 466 3893 618 3973; x_wconf 87' lang='lat' dir='ltr'><strong>Siquidem</strong></span> <span class='ocrx_word' id='word_1_343' title='bbox 646 3893 732 3957; x_wconf 83' lang='lat' dir='ltr'><strong>ieros</strong></span> <span class='ocrx_word' id='word_1_344' title='bbox 757 3893 896 3957; x_wconf 73' lang='lat' dir='ltr'><strong>Christus</strong></span> <span class='ocrx_word' id='word_1_345' title='bbox 928 3891 995 3956; x_wconf 83' lang='lat' dir='ltr'><strong>beri</strong></span> <span class='ocrx_word' id='word_1_346' title='bbox 1021 3901 1052 3954; x_wconf 87' lang='lat' dir='ltr'><strong>et</strong></span> <span class='ocrx_word' id='word_1_347' title='bbox 1080 3892 1165 3954; x_wconf 83' lang='lat' dir='ltr'><strong>bodie</strong></span> <span class='ocrx_word' id='word_1_348' title='bbox 1192 3893 1269 3954; x_wconf 87' lang='lat' dir='ltr'><strong>idem</strong></span> <span class='ocrx_word' id='word_1_349' title='bbox 1297 3901 1326 3955; x_wconf 87' lang='lat' dir='ltr'><strong>et</strong></span> <span class='ocrx_word' id='word_1_350' title='bbox 1354 3896 1388 3954; x_wconf 80' lang='lat' dir='ltr'><strong>iu</strong></span> 
     </span>
    </p>
   </div>
   <div class='ocr_carea' id='block_1_4' title="bbox 162 4101 1434 4585">
    <p class='ocr_par' dir='ltr' id='par_1_4' title="bbox 162 4101 1434 4367">
     <span class='ocr_line' id='line_1_36' title="bbox 195 4101 1434 4176; baseline -0.007 -12"><span class='ocrx_word' id='word_1_351' title='bbox 195 4127 215 4164; x_wconf 88' lang='lat' dir='ltr'><strong>e.</strong></span> <span class='ocrx_word' id='word_1_352' title='bbox 234 4113 333 4176; x_wconf 70' lang='lat' dir='ltr'><strong>Sequar.</strong></span> <span class='ocrx_word' id='word_1_353' title='bbox 351 4113 449 4166; x_wconf 79' lang='lat' dir='ltr'><strong>(tobler.</strong></span> <span class='ocrx_word' id='word_1_354' title='bbox 467 4121 491 4164; x_wconf 86' lang='lat' dir='ltr'><strong>et</strong></span> <span class='ocrx_word' id='word_1_355' title='bbox 508 4113 642 4165; x_wconf 80' lang='lat' dir='ltr'><strong>Felclman.</strong></span> <span class='ocrx_word' id='word_1_356' title='bbox 666 4113 686 4164; x_wconf 87' lang='lat' dir='ltr'><strong>l.</strong></span> <span class='ocrx_word' id='word_1_357' title='bbox 704 4106 750 4161; x_wconf 73' lang='lat' dir='ltr'><strong>nui</strong></span> <span class='ocrx_word' id='word_1_358' title='bbox 800 4113 905 4163; x_wconf 80' lang='lat' dir='ltr'><strong>Felelm.</strong></span> <span class='ocrx_word' id='word_1_359' title='bbox 927 4115 949 4161; x_wconf 89' lang='lat' dir='ltr'><strong>t.</strong></span> <span class='ocrx_word' id='word_1_360' title='bbox 967 4117 991 4159; x_wconf 86' lang='lat' dir='ltr'><strong>et</strong></span> <span class='ocrx_word' id='word_1_361' title='bbox 1009 4111 1032 4160; x_wconf 80' lang='lat' dir='ltr'><strong>t.</strong></span> <span class='ocrx_word' id='word_1_362' title='bbox 1050 4101 1075 4158; x_wconf 79' lang='lat' dir='ltr'><strong>ei</strong></span> <span class='ocrx_word' id='word_1_363' title='bbox 1092 4103 1122 4160; x_wconf 80' lang='lat' dir='ltr'><strong>dt</strong></span> <span class='ocrx_word' id='word_1_364' title='bbox 1140 4101 1215 4158; x_wconf 67' lang='grc' dir='ltr'><strong><em>τοῦθ’</em></strong></span> <span class='ocrx_word' id='word_1_365' title='bbox 1236 4101 1322 4161; x_wconf 74' lang='grc' dir='ltr'><strong><em>οὕτως</em></strong></span> <span class='ocrx_word' id='word_1_366' title='bbox 1339 4107 1388 4156; x_wconf 76' lang='lat' dir='ltr'><strong>rod</strong></span> <span class='ocrx_word' id='word_1_367' title='bbox 1429 4161 1434 4176; x_wconf 81' lang='lat'><strong><em>.</em></strong></span> 
     </span>
     <span class='ocr_line' id='line_1_37' title="bbox 162 4167 1388 4254; baseline -0.005 -27"><span class='ocrx_word' id='word_1_368' title='bbox 162 4170 204 4230; x_wconf 80' lang='lat' dir='ltr'><strong>risi</strong></span> <span class='ocrx_word' id='word_1_369' title='bbox 222 4173 355 4236; x_wconf 74' lang='lat' dir='ltr'><strong>denitur.</strong></span> <span class='ocrx_word' id='word_1_370' title='bbox 799 4175 890 4244; x_wconf 73' lang='grc' dir='ltr'><strong><em>λόγου,</em></strong></span> <span class='ocrx_word' id='word_1_371' title='bbox 928 4169 1056 4238; x_wconf 57' lang='lat' dir='ltr'><strong>ueprius</strong></span> <span class='ocrx_word' id='word_1_372' title='bbox 1074 4175 1124 4226; x_wconf 79' lang='grc' dir='ltr'><strong>τοῦ</strong></span> <span class='ocrx_word' id='word_1_373' title='bbox 1141 4169 1218 4226; x_wconf 71' lang='grc' dir='ltr'><strong><em>τοῦθ’</em></strong></span> <span class='ocrx_word' id='word_1_374' title='bbox 1240 4167 1327 4254; x_wconf 55' lang='grc' dir='ltr'>οὕτως</span> <span class='ocrx_word' id='word_1_375' title='bbox 1344 4167 1388 4221; x_wconf 77' lang='grc' dir='ltr'><strong>ὃν·</strong></span> 
     </span>
     <span class='ocr_line' id='line_1_38' title="bbox 181 4237 1388 4364; baseline -0.01 -66"><span class='ocrx_word' id='word_1_376' title='bbox 181 4250 213 4330; x_wconf 60' lang='lat'><strong>0¹·</strong></span> <span class='ocrx_word' id='word_1_377' title='bbox 231 4251 371 4312; x_wconf 76' lang='lat' dir='ltr'><strong>Sequeriau.</strong></span> <span class='ocrx_word' id='word_1_378' title='bbox 396 4248 532 4302; x_wconf 81' lang='lat' dir='ltr'><strong>Goblerisu.</strong></span> <span class='ocrx_word' id='word_1_379' title='bbox 560 4257 583 4300; x_wconf 85' lang='lat' dir='ltr'><strong>et</strong></span> <span class='ocrx_word' id='word_1_380' title='bbox 601 4249 705 4300; x_wconf 78' lang='lat' dir='ltr'><strong>l&#39;elelm.</strong></span> <span class='ocrx_word' id='word_1_381' title='bbox 726 4247 749 4298; x_wconf 87' lang='lat' dir='ltr'><strong>l.</strong></span> <span class='ocrx_word' id='word_1_382' title='bbox 799 4261 854 4364; x_wconf 59' lang='grc' dir='ltr'><strong>ἷῳς</strong></span> <span class='ocrx_word' id='word_1_383' title='bbox 876 4241 928 4294; x_wconf 79' lang='lat' dir='ltr'><strong>soti</strong></span> <span class='ocrx_word' id='word_1_384' title='bbox 945 4238 1035 4310; x_wconf 80' lang='grc' dir='ltr'><strong><em>λόγου,</em></strong></span> <span class='ocrx_word' id='word_1_385' title='bbox 1071 4245 1132 4296; x_wconf 84' lang='lat' dir='ltr'><strong>Editi</strong></span> <span class='ocrx_word' id='word_1_386' title='bbox 1151 4237 1176 4294; x_wconf 83' lang='lat' dir='ltr'><strong>el</strong></span> <span class='ocrx_word' id='word_1_387' title='bbox 1192 4238 1223 4293; x_wconf 76' lang='lat' dir='ltr'><strong>di</strong></span> <span class='ocrx_word' id='word_1_388' title='bbox 1241 4239 1290 4290; x_wconf 81' lang='grc' dir='ltr'><strong>τοῦ</strong></span> <span class='ocrx_word' id='word_1_389' title='bbox 1308 4253 1388 4302; x_wconf 77' lang='grc' dir='ltr'><strong>οντες</strong></span> 
     </span>
     <span class='ocr_line' id='line_1_39' title="bbox 163 4327 889 4367; baseline -0.004 -2"><span class='ocrx_word' id='word_1_390' title='bbox 163 4331 191 4365; x_wconf 82' lang='grc' dir='ltr'><strong>αι</strong></span> <span class='ocrx_word' id='word_1_391' title='bbox 210 4329 275 4367; x_wconf 71' lang='lat' dir='ltr'><strong>eutr.</strong></span> <span class='ocrx_word' id='word_1_392' title='bbox 850 4327 889 4363; x_wconf 82' lang='lat' dir='ltr'><strong>eu.</strong></span> 
     </span>
    </p>

    <p class='ocr_par' dir='ltr' id='par_1_5' title="bbox 192 4329 1388 4449">
     <span class='ocr_line' id='line_1_40' title="bbox 192 4329 1388 4449; baseline -0.018 -12"><span class='ocrx_word' id='word_1_393' title='bbox 192 4331 217 4448; x_wconf 55' lang='grc' dir='ltr'><strong>ε.</strong></span> <span class='ocrx_word' id='word_1_394' title='bbox 237 4387 335 4449; x_wconf 77' lang='lat' dir='ltr'><strong>Sequor.</strong></span> <span class='ocrx_word' id='word_1_395' title='bbox 355 4386 411 4449; x_wconf 75' lang='lat' dir='ltr'><strong>lleq.</strong></span> <span class='ocrx_word' id='word_1_396' title='bbox 430 4393 453 4436; x_wconf 85' lang='lat' dir='ltr'><strong>et</strong></span> <span class='ocrx_word' id='word_1_397' title='bbox 472 4384 543 4434; x_wconf 83' lang='lat' dir='ltr'><strong>besil.</strong></span> <span class='ocrx_word' id='word_1_398' title='bbox 563 4375 578 4432; x_wconf 80' lang='grc' dir='ltr'><strong><em>ὃ</em></strong></span> <span class='ocrx_word' id='word_1_399' title='bbox 597 4372 642 4432; x_wconf 80' lang='lat' dir='ltr'><strong>iure</strong></span> <span class='ocrx_word' id='word_1_400' title='bbox 660 4379 738 4447; x_wconf 71' lang='lat' dir='ltr'><strong>sep:</strong></span> <span class='ocrx_word' id='word_1_401' title='bbox 815 4329 850 4432; x_wconf 51' lang='grc' dir='ltr'><strong>οἵ</strong></span> <span class='ocrx_word' id='word_1_402' title='bbox 869 4381 1019 4441; x_wconf 73' lang='lat' dir='ltr'><strong>SicSeguer.</strong></span> <span class='ocrx_word' id='word_1_403' title='bbox 1053 4379 1099 4428; x_wconf 80' lang='lat' dir='ltr'><strong>Alii</strong></span> <span class='ocrx_word' id='word_1_404' title='bbox 1117 4392 1173 4428; x_wconf 85' lang='lat' dir='ltr'><strong>rere</strong></span> <span class='ocrx_word' id='word_1_405' title='bbox 1192 4381 1216 4422; x_wconf 86' lang='lat' dir='ltr'><strong>et</strong></span> <span class='ocrx_word' id='word_1_406' title='bbox 1233 4369 1289 4420; x_wconf 86' lang='lat' dir='ltr'><strong>editi</strong></span> <span class='ocrx_word' id='word_1_407' title='bbox 1306 4360 1388 4434; x_wconf 68' lang='lat' dir='ltr'><strong>renui,-</strong></span> 
     </span>
    </p>

    <p class='ocr_par' dir='ltr' id='par_1_6' title="bbox 162 4435 1173 4585">
     <span class='ocr_line' id='line_1_41' title="bbox 195 4435 1173 4516; baseline -0.014 -12"><span class='ocrx_word' id='word_1_408' title='bbox 195 4454 218 4504; x_wconf 90' lang='lat' dir='ltr'><strong>b.</strong></span> <span class='ocrx_word' id='word_1_409' title='bbox 237 4455 277 4503; x_wconf 82' lang='lat' dir='ltr'><strong>Sic</strong></span> <span class='ocrx_word' id='word_1_410' title='bbox 295 4455 391 4516; x_wconf 76' lang='lat' dir='ltr'><strong>Sequor.</strong></span> <span class='ocrx_word' id='word_1_411' title='bbox 428 4453 455 4502; x_wconf 83' lang='lat' dir='ltr'><strong>lit</strong></span> <span class='ocrx_word' id='word_1_412' title='bbox 479 4451 550 4502; x_wconf 80' lang='lat' dir='ltr'><strong>basil.</strong></span> <span class='ocrx_word' id='word_1_413' title='bbox 577 4459 600 4502; x_wconf 90' lang='lat' dir='ltr'><strong>et</strong></span> <span class='ocrx_word' id='word_1_414' title='bbox 617 4451 708 4512; x_wconf 71' lang='lat' dir='ltr'><strong>buglis.</strong></span> <span class='ocrx_word' id='word_1_415' title='bbox 726 4440 751 4498; x_wconf 77' lang='lat' dir='ltr'><strong>ei</strong></span> <span class='ocrx_word' id='word_1_416' title='bbox 802 4459 903 4505; x_wconf 79' lang='grc' dir='ltr'><strong>σκειαι,</strong></span> <span class='ocrx_word' id='word_1_417' title='bbox 922 4442 968 4496; x_wconf 77' lang='grc' dir='ltr'><strong>καὶ</strong></span> <span class='ocrx_word' id='word_1_418' title='bbox 985 4439 1032 4496; x_wconf 74' lang='lat' dir='ltr'><strong>dei</strong></span> <span class='ocrx_word' id='word_1_419' title='bbox 1048 4443 1130 4494; x_wconf 79' lang='grc' dir='ltr'><strong><em>τοῦτο</em></strong></span> <span class='ocrx_word' id='word_1_420' title='bbox 1149 4435 1173 4490; x_wconf 85' lang='lat' dir='ltr'><strong>d.</strong></span> 
     </span>
     <span class='ocr_line' id='line_1_42' title="bbox 162 4513 750 4585; baseline -0.01 -14"><span class='ocrx_word' id='word_1_421' title='bbox 162 4513 192 4571; x_wconf 77' lang='lat' dir='ltr'><strong>dt</strong></span> <span class='ocrx_word' id='word_1_422' title='bbox 214 4519 263 4570; x_wconf 82' lang='lat' dir='ltr'><strong>rori</strong></span> <span class='ocrx_word' id='word_1_423' title='bbox 287 4513 372 4576; x_wconf 77' lang='lat' dir='ltr'><strong>irrue</strong></span> <span class='ocrx_word' id='word_1_424' title='bbox 390 4513 469 4574; x_wconf 64' lang='grc' dir='ltr'><strong><em>ὄντος</em></strong></span> <span class='ocrx_word' id='word_1_425' title='bbox 485 4515 576 4585; x_wconf 79' lang='lat' dir='ltr'><strong>ttyoo.</strong></span> <span class='ocrx_word' id='word_1_426' title='bbox 611 4516 750 4569; x_wconf 84' lang='lat' dir='ltr'><strong>Gobisriuu.</strong></span> 
     </span>
    </p>
   </div>
   <div class='ocr_carea' id='block_1_5' title="bbox 0 0 1620 5046">
    <p class='ocr_par' dir='ltr' id='par_1_7' title="bbox 0 0 1620 5046">
     <span class='ocr_line' id='line_1_43' title="bbox 0 0 1620 5046; baseline 0 0"><span class='ocrx_word' id='word_1_427' title='bbox 0 0 1620 5046; x_wconf 95' lang='lat' dir='ltr'><strong> </strong></span> 
     </span>
    </p>
   </div>
  </div>
 </body>
</html>
