3090 5048
456 279 563 326 oberro
579 279 616 322 tv.
632 279 747 323 conant
761 279 896 327 amanus.
1216 267 1279 332 625

74 445 113 496 tas
135 434 247 496 dilatata
269 433 344 494 lacta
366 441 413 494 est
434 430 575 505 Trinitas,
599 429 625 492 si
648 431 718 494 item
739 429 843 494 Unitas
865 439 910 493 est
933 431 1034 505 Pater,
1057 431 1186 522 Trinitas
1206 450 1365 498 veronese.

72 547 112 598 est
133 537 225 608 Pater,
247 534 339 597 Filius
361 543 391 596 et
412 533 542 614 Spiritus
565 543 696 606 sanetus,
719 533 814 612 primo
838 532 971 612 sequitur
993 542 1024 595 ut
1045 533 1162 596 dilatata
1180 537 1280 600 Unitas

72 639 188 718 aliquam
209 655 296 718 passa
318 637 359 698 sit
379 637 580 708 allectionem,
612 635 746 714 lacuque
773 635 813 697 sit
839 637 918 716 quod
942 654 1002 698 nou
1025 645 1105 710 erat,
1136 637 1281 716 siquidem

73 742 181 804 dilatata
201 749 246 801 est
267 757 343 819 quae
365 739 422 801 lala
444 755 505 800 noo
527 723 613 800 erat.¹
643 737 755 801 Deinde
785 738 810 799 si
844 738 908 818 ipsa
931 739 1033 800 Unilas
1056 739 1086 802 in
1109 738 1282 802 Trinitatem

74 845 179 906 dilatata
200 849 261 916 eet,
293 841 481 921 Trinitasque
504 840 592 900 Pater
613 846 710 901 estet
731 840 823 902 Filius
846 847 876 902 el
897 839 1027 919 Spiritus
1051 850 1191 914 sanetus3
1217 841 1284 921 ipse

75 967 136 1025 ergo
151 947 234 1008 Pater
254 945 348 1006 laetus
370 953 417 1006 eat
438 950 468 1006 et
481 942 573 1004 Filius
597 951 625 1004 et
640 941 779 1021 Spiritus,
802 950 835 1004 ut
849 942 939 1003 sentit
952 942 1108 1016 Sthenius,
1132 942 1191 1004 nisi
1207 943 1284 1005 lurla

76 1049 180 1120 Unitas,
200 1063 288 1128 quant
310 1045 358 1108 ille
379 1053 562 1125 propugnat,
589 1043 698 1123 aliquid
719 1045 758 1108 sit
779 1042 856 1106 aliud
878 1051 997 1124 praeter
1018 1044 1145 1106 Patrem.
1190 1044 1284 1124 igitur

80 1167 131 1210 nou
149 1151 200 1212 iam
222 1148 327 1211 Unitas
349 1147 462 1210 dilatari
484 1147 607 1209 dieeuda
630 1156 708 1217 erat.
738 1147 790 1208 sed
820 1145 908 1208 trium
929 1146 1030 1226 potius
1053 1165 1119 1210 esso
1141 1148 1284 1238 elleotrjq,

81 1253 112 1311 ita
131 1261 160 1314 ut
178 1251 271 1332 primo
295 1249 335 1311 sit
357 1249 467 1322 Unitas,
491 1249 596 1310 deinde
620 1250 757 1310 etPater
779 1248 916 1311 etFilius
939 1256 969 1310 et
983 1248 1123 1328 Spiritus.
1166 1251 1240 1312 Nam
1255 1251 1282 1313 si

83 1353 137 1430 ipsa
156 1352 265 1416 diblata
287 1360 335 1414 est
357 1369 448 1430 seque
469 1352 563 1431 ipsam
587 1351 725 1424 extendit,
749 1351 814 1431 ipsa
837 1368 908 1413 sane
934 1351 1023 1412 luerit
1044 1351 1091 1424 id,
1109 1353 1199 1431 ,quod
1228 1371 1282 1414 ex-

87 1463 186 1516 tensum
204 1465 254 1517 est.
300 1453 424 1516 llilatata
445 1451 571 1532 proinde
593 1453 722 1515 Trinitas
745 1471 806 1515 non
836 1453 961 1534 amplius
991 1460 1037 1515 est
1061 1453 1180 1528 linitas,
1209 1474 1284 1534 quae
1322 1443 1324 1452 ’

93 1573 149 1614 rum
167 1567 234 1620 esset
249 1557 367 1626 Unitas,
389 1555 519 1617 nondum
543 1555 673 1617 Trinitas
697 1565 773 1630 erat3
796 1555 886 1634 igiltu
908 1574 973 1617 eum
996 1555 1066 1618 item
1089 1555 1177 1617 Pater
1191 1565 1282 1634 esset,

92 1657 200 1722 noudum
222 1665 284 1722 erat
306 1647 397 1720 Filius
428 1664 458 1720 et
479 1657 624 1738 Spiritus,
655 1657 704 1737 qui
726 1658 814 1719 Pater
835 1665 991 1737 postquam
1020 1657 1078 1719 ista
1106 1659 1198 1721 laetus
1226 1669 1282 1734 est,
1372 1709 1377 1716 .

85 1773 135 1818 non
152 1759 201 1822 iam
221 1767 338 1823 tantum
358 1760 447 1821 Peter
469 1769 523 1821 est.
567 1759 675 1821 Verum
698 1777 786 1821 nemo
809 1760 882 1821 baee
903 1759 1026 1833 dixerit,
1059 1760 1117 1821 nisi
1140 1761 1191 1839 qui
1213 1780 1283 1823 eor-

80 1877 127 1937 pus
147 1861 202 1924 heo
222 1863 296 1925 lalse
318 1861 452 1942 altinget,
486 1879 611 1944 eumque
639 1861 787 1942 patibilem
816 1871 951 1924 naturam
978 1861 1088 1924 babere
1116 1863 1284 1926 arbitretur.

81 1962 147 2032 Ouid
173 1963 247 2026 enim
276 1973 324 2026 est
352 1963 466 2026 dilatari
495 1981 582 2042 quam
609 1964 711 2043 passio
739 1983 792 2027 seu
820 1965 936 2027 allectio
965 1965 1008 2026 rei
1031 1964 1189 2026 dilatatae?
1232 1965 1285 2026 Vel

77 2064 138 2142 quid
160 2075 204 2130 est
223 2085 272 2129 res
295 2065 427 2140 dilatata,
458 2085 545 2146 quam
574 2085 648 2144 quae
677 2075 761 2128 autea
783 2085 843 2126 non
866 2065 1037 2129 huiusmodi
1059 2063 1112 2125 sed
1135 2072 1285 2126 eontracta

78 2165 153 2228 erat?
191 2167 300 2230 Eadem
324 2167 434 2249 quippe
456 2174 511 2242 est,
537 2166 661 2246 soloque
684 2167 827 2247 temporis
850 2167 946 2246 spatio
970 2186 985 2226 a
1009 2165 1108 2244 seipsa
1130 2165 1239 2226 dillert

152 2273 197 2334 tl.
238 2270 272 2332 ld
299 2287 361 2332 uon
390 2268 545 2348 ignorabat
566 2268 681 2330 divinus
703 2266 878 2348 Apostolus,
913 2267 963 2346 qui
988 2267 1029 2352 ita
1051 2267 1086 2326 ad
1110 2267 1281 2328 Corinthios

77 2369 182 2431 scribit:
205 2371 270 2434 Νοα
293 2376 535 2453 eoonqestomr'na'
554 2375 586 2433 in
607 2373 702 2444 nobb,
726 2371 897 2434 dilatamini
916 2387 988 2431 vero
1009 2380 1038 2432 et
1052 2387 1106 2432 ooa
1125 2368 1282 2431 Corinthii.

67 2453 143 2568 'illos
163 2471 269 2534 scilieet
286 2472 469 2545 hortabatur,
497 2481 530 2534 ot
551 2472 586 2533 ab
610 2473 743 2552 augustia
766 2473 795 2534 in
818 2469 1001 2534 latitudinem
1023 2489 1057 2532 se
1078 2471 1284 2534 transferrent.

81 2568 116 2628 Ut
136 2579 225 2633 autem
246 2572 271 2634 si
292 2575 472 2654 ooangustoti
496 2574 639 2636 Corinthii
663 2575 773 2636 dilatati
795 2583 899 2654 postea
923 2582 1040 2647 essent,
1069 2592 1130 2635 uon
1159 2573 1206 2636 alii
1230 2573 1283 2635 sed

79 2669 212 2735 Corinthii
232 2693 348 2757 semper
362 2676 504 2751 luissenl3
526 2677 566 2738 ita
589 2677 716 2760 siPater
737 2677 766 2738 in
783 2677 957 2738 Trinitatem
972 2677 1108 2738 dilatatus
1126 2685 1181 2751 est,
1203 2675 1284 2738 oer‘te

79 2771 192 2840 Trinitas
213 2778 297 2840 solus
318 2797 426 2841 rursus
449 2787 495 2840 est
517 2778 612 2840 Pater.
656 2779 736 2841 idem
759 2779 864 2842 iterum
887 2779 941 2840 ait:
967 2779 1025 2841 Cor
1040 2789 1181 2841 nostrum
1204 2779 1366 2840 dilemma.

83 2887 160 2939 tornat
178 2893 232 2945 ert.
277 2879 343 2942 Noe
365 2879 435 2942 item
457 2879 682 2942 dieitvDilotet
700 2881 782 2944 Deos
798 2881 918 2962 lophet.
963 2879 1114 2959 Siquidem
1137 2880 1214 2942 idem
1231 2899 1284 2943 eor

86 2973 196 3058 idemque
215 2991 268 3046 est
288 2983 395 3062 Japbet
417 2981 447 3044 in
469 2982 648 3044 dilatatione.
694 2982 725 3042 Si
748 3001 817 3062 ergo
841 2983 941 3074 linitas
963 2981 1105 3054 dilatarit,
1134 2999 1183 3041 res
1212 2981 1283 3042 alias

91 3075 197 3158 dilatarit,
217 3084 269 3148 rel
292 3084 319 3146 si
340 3085 403 3164 ipsa
427 3103 459 3146 se
483 3084 619 3158 dilatarit,
644 3103 676 3145 ea
700 3103 770 3146 sane
791 3084 880 3145 luerit
900 3071 929 3144 id
952 3083 1060 3161 ipsum,
1083 3081 1162 3158 quod
1177 3079 1282 3142 dilata-

90 3185 137 3240 tum
154 3195 199 3248 est.
245 3185 327 3260 Quid
353 3205 424 3247 vero
452 3186 524 3248 illud
553 3193 599 3248 est
626 3194 743 3266 praeter
763 3185 868 3246 Filium
897 3192 925 3244 et
953 3181 1096 3262 Spiritum
1124 3181 1283 3244 sanetum?

84 3278 136 3342 lion
153 3287 184 3348 ab
203 3261 238 3351 ie
263 3297 361 3350 autem
384 3291 449 3364 erit,
474 3307 551 3364 eum,
574 3289 623 3368 qui
645 3287 683 3349 ita
700 3287 800 3360 sentit,
823 3287 1014 3364 interrogare,
1037 3283 1155 3364 quinam
1171 3285 1209 3362 sit
1224 3283 1282 3345 hu-

85 3381 188 3450 iusmodi
217 3388 401 3454 dilatationis
421 3391 567 3464 effeetus,
598 3390 644 3452 vel
671 3390 771 3470 potius
802 3389 877 3468 (ipsa
905 3377 995 3448 veluti
1017 3405 1115 3448 eoram
1137 3386 1285 3462 veritate),

86 3535 145 3588 Ceteri
161 3559 211 3593 rero
231 3553 257 3594 et
276 3543 333 3592 editi
347 3543 494 3592 eishabent:
513 3536 650 3590 τοῦτοκαὶ
690 3544 763 3592 hune
782 3543 844 3591 onim
864 3555 944 3590 casnm
964 3542 1024 3603 regit
1041 3541 1138 3590 terbum
1156 3531 1283 3588 πλατύνω

88 3597 646 3678 ὖοὶοόοοολοςΚορινθίοιςἔπιοῐὲλλωνέφη,
700 3620 723 3660 et
742 3612 821 3660 dileto.
858 3610 947 3659 ibidem
958 3609 1013 3671 fleg.
1033 3617 1056 3657 et
1074 3610 1172 3669 Sequar.
1190 3599 1284 3668 ἦαῦτὴ

88 3671 159 3726 bellu.
176 3675 256 3747 φησί.
698 3671 752 3743 γὰρ
770 3671 879 3744 καρδία.
915 3676 959 3727 atti
979 3685 1002 3726 et
1020 3677 1074 3726 editi
1094 3669 1109 3736 ἡ
1129 3668 1212 3724 αὐτοῦ
1229 3670 1284 3748 γὰρ

98 3755 129 3816 ‚l
143 3749 175 3797 Sir
194 3753 251 3812 lleg.
271 3755 294 3798 et
312 3747 412 3808 Sequor.
446 3748 474 3796 tt
493 3747 533 3798 elii
552 3757 575 3797 et
592 3747 648 3798 editi
697 3740 805 3812 καρδία.

85 3813 221 3892 ammi·
347 3881 370 3892 ,,
631 3883 635 3892 ,
736 3833 750 3881 i.
770 3831 840 3880 hasil.
863 3819 1178 3890 ettnqltc.rldtadrq'v‚
1206 3829 1285 3878 Celeri

109 3877 126 3925 h·
142 3881 177 3932 ⁵¹⁰
194 3900 254 3934 ⁰¹⁵⁸·
274 3889 297 3930 ⁰¹
315 3881 387 3930 “¹¹⁰⁰
406 3881 522 3932 c⁰m¹¹¹‘'·
542 3890 566 3930 ⁰¹
584 3884 649 3932 ⁸⁰⁸·
701 3915 759 3950 mss.
779 3907 801 3948 ot
819 3897 890 3947 editio
900 3897 1016 3946 Commel.
1028 3897 1115 3944 hahent
1133 3887 1207 3954 αὖτέ.
1237 3897 1284 3946 Sed

85 3949 150 4020 mm
165 3961 250 4000 ΜΝ·
287 3949 365 3998 ΕἨῙΙΟ
384 3959 462 4000 ”¹¹¹‘m
483 3951 611 3998 mm&
627 3959 650 3999 ²²
701 3958 768 4026 αὐτῆ
788 3949 929 4026 legendnm,
951 3973 975 4014 ot
993 3973 1060 4013 antea
1081 3965 1165 4025 legitor
1184 3961 1221 4027 τῷ
1236 3955 1286 4010 'tat-

87 4012 151 4085 h⁰¹⁰b
172 4010 249 4098 ὖμξὸξ
270 4009 437 4092 ,3⁷¹²“f'37'9'b
483 4017 533 4066 ”⁰¹
552 4019 607 4079 3⁰8·
627 4027 650 4096 ΡΙ
701 4013 796 4100 (pedet
817 4024 911 4085 ἄλλοις.
956 4032 1045 4081 ibidem
1066 4031 1135 4081 hasil.
1155 4035 1285 4092 etbnglir.

87 4083 216 4162 *imbui
246 4085 353 4151 'TW’
380 4095 404 4135 ⁰¹
426 4094 452 4164 ,⁰¹
478 4086 549 4135 h³b⁰¹
569 4087 649 4135 verm
701 4094 766 4160 αὕτη
786 4093 821 4148 ἂν
838 4093 886 4160 εἴη.
928 4101 998 4150 Forte
1022 4101 1091 4150 aliter
1116 4101 1178 4149 hune
1206 4099 1284 4149 lorum

86 4149 216 4214 “limittit
237 4157 397 4216 ¹¹¹¹t³fl¹l²¹¹¹¹n
426 4162 487 4204 ¹⁰¹¹!
516 4155 649 4204 isthmum
702 4171 758 4230 legit
777 4171 897 4228 Nunnius,
922 4170 989 4218 eolus
1010 4171 1067 4220 ltoee
1085 4167 1211 4218 estrersio
1231 4173 1286 4230 post

84 4233 155 4284 ternu
171 4219 249 4300 noph
266 4221 386 4300 :tribu
408 4239 576 4310 epm-..reno
596 4253 649 4288 nro
701 4231 731 4288 ἐν
747 4235 787 4301 τῷ
805 4233 968 4302 ntarvapqt:
995 4238 1054 4301 eqo
1073 4239 1093 4287 α’
1111 4238 1187 4286 oneras
1206 4249 1230 4284 se
1247 4235 1285 4282 u·-

86 4323 132 4362 mse,
153 4329 173 4368 ,q
195 4289 249 4374 ἔξω
272 4318 322 4371 τὸν
343 4291 447 4388 ’qs'f'q‚5,cp'¹
492 4325 576 4372 pum„
596 4337 650 4373 cum
701 4309 788 4364 loturit,
808 4308 886 4356 eodem
904 4306 1143 4370 [omiliomdilolotq
1163 4318 1220 4368 quoe
1233 4307 1285 4350 orde

88 4375 144 4430 'ulna
161 4403 208 4439 mot
228 4393 315 4442 lrabeat
337 4385 427 4444 ἄλλοις
444 4383 478 4439 ἂν
494 4385 648 4446 ἐπλάτυνεν,
702 4369 858 4424 diitit'lit'fflt‘m
876 4378 959 4436 [wli-

91 4457 127 4494 non
140 4444 231 4514 meva,
251 4459 478 4522 legerrdumideirco
493 4458 531 4524 aqi
546 4450 650 4526 Ἰάφεθ.
735 4459 755 4505 lr.
775 4457 815 4505 Sic
834 4457 889 4518 lleq.
908 4463 931 4505 el
949 4456 1048 4516 Sequor.
1086 4456 1112 4502 lt
1131 4451 1169 4500 aiii
1187 4458 1211 4500 et
1227 4449 1283 4500 edili

94 4508 149 4565 hen.
168 4531 240 4576 umen
270 4543 313 4592 per
340 4530 499 4580 accusativum
528 4529 650 4580 redditor:
700 4517 820 4594 ἔρεσθαι.
859 4525 922 4574 lnlra
942 4523 997 4586 lleq.
1017 4513 1119 4585 ἀνάγκη
1138 4513 1201 4571 δέῖῖ·

122 4601 226 4657 iteratur
239 4625 291 4658 err.
305 4625 378 4660 utor.
390 4627 439 4660 stt.
1047 4605 1080 4654 4⁰
