3216 5048
572 307 683 352 omero
699 307 866 352 meeum
879 309 1016 354 amoos.
1332 295 1394 358 aut

160 477 234 542 aue,
258 465 312 529 sed
334 459 415 544 qnod
437 477 504 522 com
527 457 591 520 reri
611 457 665 520 llei
688 458 729 522 sit
749 458 853 534 lilius,
879 457 976 523 fidelis
997 459 1064 541 ipse
1085 477 1205 541 quoque
1228 469 1284 534 eat,
1308 459 1481 540 siquenm.

160 570 192 634 ia
214 566 375 638 omnibus,
398 579 473 641 quae
494 559 604 621 dixerit
623 559 773 631 feceritve,
795 561 871 622 fides
893 570 939 624 est
960 561 1135 626 adhibenda.
1179 561 1314 642 Namque
1336 563 1397 624 im-

163 668 313 734 mutabilis
336 669 491 746 permanet
511 679 569 724 nee
590 660 620 722 in
643 680 699 722 sua
726 661 855 724 Mmsoe
882 663 1137 728 administratione
1164 671 1215 726 aut
1247 681 1398 745 corporeo

162 771 289 834 adventu
309 765 399 828 ullam
421 761 514 824 subiit
534 762 738 824 mutationem.

250 873 280 932 7.
325 866 376 928 Sic
403 881 474 942 ergo
496 861 614 924 retundi
635 870 737 941 potest
757 860 876 922 illorum
898 861 1096 940 impudentia,
1126 867 1247 945 solaque
1275 885 1311 930 ox
1338 865 1396 930 hae

164 970 295 1034 dictione
317 968 391 1046 lecit
412 971 546 1026 errantes
569 983 623 1026 eoa
646 962 884 1042 arbitrantesque
904 961 960 1024 Dei
981 961 1108 1026 Verbum
1131 966 1235 1028 lactum
1255 987 1329 1040 esse
1346 969 1393 1030 fa-

166 1069 305 1133 cillimum
328 1075 374 1130 eet
396 1063 541 1128 refellere.
587 1065 777 1145 Quapropter
805 1081 872 1124 oum
901 1071 1002 1126 rectus
1028 1063 1069 1126 sit
1097 1064 1215 1128 illorum
1235 1069 1394 1132 narbonam

168 1189 290 1242 sensns,
321 1176 497 1246 constetque
519 1184 554 1228 cx
577 1185 632 1240 eo,
655 1165 842 1245 quandonam
866 1166 953 1229 etad
974 1166 1126 1246 quidrox
1147 1168 1398 1247 secitrsferatur,

165 1289 290 1333 necesse
318 1277 366 1332 est
394 1287 431 1330 ex
452 1285 487 1330 ea
508 1268 573 1348 ipsa
595 1265 812 1330 haereticorum
835 1267 993 1330 ostendere
1022 1267 1240 1348 stupiditatem,
1272 1271 1481 1333 maximenon.

164 1373 204 1446 ei,
227 1379 261 1434 nt
280 1377 367 1434 antea
389 1368 527 1442 diximus,
550 1369 586 1430 ad
609 1368 673 1432 eius
696 1375 812 1448 tempus
833 1376 864 1430 ot
883 1386 972 1431 usum
990 1367 1213 1432 attenderimus.
1257 1367 1324 1432 Non
1339 1369 1401 1451 iqi-

102 1453 107 1462 ’
164 1483 215 1536 tur
235 1491 302 1536 com
324 1473 399 1534 haec
418 1471 530 1532 diceret
550 1468 727 1548 Apostolus,
757 1469 795 1532 de
816 1468 882 1544 his,
910 1488 985 1548 quae
1007 1479 1075 1532 ante
1097 1471 1278 1535 creationem
1301 1480 1396 1546 erant,

165 1573 255 1636 rerba
276 1571 410 1646 faeiolrat,
433 1571 487 1632 sed
509 1569 616 1634 dehis
639 1570 789 1644 duntaxat,
812 1587 888 1650 quae
904 1571 1032 1634 Verbum
1055 1589 1172 1636 mem
1195 1575 1304 1636 sacuam
1324 1591 1399 1654 spe·

164 1682 294 1748 otorant3
317 1673 362 1736 eie
383 1672 461 1764 onim
485 1672 629 1752 seriptum
652 1678 714 1734 est:
740 1671 833 1744 Unde,
857 1673 976 1752 fratres
999 1679 1112 1745 sconti,
1136 1679 1306 1739 nomionis
1328 1679 1399 1738 ooe'-

166 1776 250 1840 lestio
279 1778 464 1856 participes,
498 1773 689 1836 comoderote
721 1773 894 1854 opostolam
926 1786 957 1837 et
986 1775 1160 1856 pontificem
1193 1777 1397 1856 conlesm'oota

165 1887 291 1940 metros
313 1877 433 1950 feram,
457 1879 510 1956 qui
527 1874 627 1956 fidelis
650 1886 697 1937 est
718 1878 754 1946 ei,
777 1878 830 1954 qui
850 1876 923 1955 serit
943 1875 1043 1939 atton.
1086 1876 1284 1950 Quandonam
1304 1878 1397 1959 igitur

167 1977 276 2040 missus
298 1985 355 2052 est,
377 1984 429 2040 aut
449 1976 635 2056 quandonam
659 1982 794 2036 nostram
817 1975 912 2038 induit
934 1976 1076 2041 earnem?
1121 1979 1317 2051 umadoaam
1335 1997 1395 2042 nn-

167 2086 247 2142 stree
277 2079 473 2142 confessionis
504 2078 639 2157 pontifex
662 2085 709 2138 est
729 2075 848 2140 hctus?
891 2077 998 2140 Nonne
1025 2086 1112 2152 tuno,
1143 2097 1210 2140 earm
1237 2089 1398 2159 postquem

163 2199 219 2262 pro
241 2180 331 2242 uobis
353 2199 387 2242 ae
409 2180 475 2260 ipse
497 2179 668 2250 obtulisset,
691 2195 800 2256 eorpus
815 2178 951 2240 excitavit
969 2197 1006 2240 ex
1019 2179 1157 2250 mortuis,
1179 2195 1318 2258 nuncque
1333 2199 1397 2252 eos,

163 2282 213 2362 qui
237 2282 332 2362 ipsius
356 2280 573 2358 amplectuntur
588 2279 687 2352 uuam,
709 2277 829 2340 adducit
844 2287 875 2338 et
889 2279 977 2340 offert
991 2279 1081 2350 Petri,
1104 2297 1212 2342 omnes
1233 2279 1403 2354 redimens,

165 2390 196 2442 et
224 2399 280 2458 pro
310 2379 451 2440 omnibus
480 2379 543 2438 Deo
573 2376 758 2438 satisfaciens
787 2395 915 2455 eumque
943 2377 1105 2458 propitium
1136 2377 1288 2440 reddens?
1332 2377 1400 2440 Non

167 2479 269 2557 itaque
290 2476 453 2556 apostotos
480 2475 569 2538 Verbi
596 2484 729 2538 naturam
757 2475 805 2538 rel
831 2477 994 2540 naturalem
1023 2477 1089 2540 dns
1118 2497 1153 2540 ex
1181 2479 1268 2542 Patre
1300 2485 1399 2542 ortum

72 2657 75 2666 1
167 2577 216 2640 his
237 2574 422 2657 significabat
442 2577 581 2640 suemus:
608 2577 671 2651 Qut
689 2579 789 2660 fidelis
812 2591 859 2643 est
880 2581 983 2660 etqui
1001 2580 1077 2659 [ecit
1096 2579 1201 2658 illum3
1230 2581 1322 2656 absit,
1351 2581 1399 2644 si·

167 2679 286 2760 quidem
309 2677 450 2754 efficiens,
473 2697 533 2741 non
556 2681 692 2742 eflectum
716 2690 763 2743 cst
784 2679 931 2756 Verbum3
960 2682 1014 2744 sed
1037 2681 1101 2744 eius
1124 2681 1319 2746 nilhominus
1342 2681 1398 2745 ed-

164 2789 286 2844 ventum
308 2788 339 2842 et
359 2782 468 2842 factum
489 2781 689 2860 pontificatum
712 2781 869 2856 indicebat,
892 2791 926 2844 nt
946 2782 1070 2861 exlegis
1087 2783 1399 2846 etdaronishistorie

163 2881 234 2944 licet
260 2881 442 2961 perspicere.
491 2881 552 2943 Neo
578 2882 657 2944 enim
684 2883 784 2944 daron
811 2883 946 2961 pontifex
976 2884 1094 2961 genitus
1118 2893 1178 2957 est,
1212 2885 1266 2946 aed
1294 2885 1399 2958 homo,

165 2981 218 3062 qui
238 2990 358 3061 postea,
387 3001 454 3044 oum
475 2982 538 3043 Deo
559 2982 682 3062 placuit,
711 2985 805 3044 factus
835 2991 882 3044 est
902 2984 1053 3062 pontife13
1083 2985 1162 3061 quod
1195 2983 1315 3062 quidem
1336 2999 1400 3045 non

169 3083 385 3163 quovismodo
408 3092 504 3146 actum
528 3093 590 3158 est,
612 3103 668 3146 neo
689 3083 738 3146 ille
760 3083 913 3144 mannetis
936 3101 970 3144 ca
993 3083 1179 3145 vestimentis
1202 3082 1334 3163 pontifex
1354 3086 1401 3144 ost

167 3185 300 3264 agnitus,
324 3185 377 3272 sed
400 3185 586 3265 epomidem,
604 3185 752 3266 poderem
775 3193 805 3245 st
826 3183 970 3246 rationale
991 3183 1104 3256 induit,
1127 3201 1201 3263 quas
1224 3189 1322 3244 restes
1344 3181 1403 3246 ud

165 3285 258 3348 imm·
272 3294 441 3349 textuorant
462 3287 614 3358 mulieres,
644 3286 753 3367 quibus
776 3285 825 3347 ille
848 3283 969 3347 indutus
991 3284 1021 3346 in
1045 3292 1146 3346 sancte
1167 3283 1401 3365 ingrediebatur,

164 3393 197 3448 ut
219 3387 394 3450 sacrificium
417 3407 474 3468 pro
495 3388 607 3469 populo
630 3390 761 3463 ollerret,
785 3406 819 3449 ac
833 3386 922 3448 veluti
938 3385 1054 3449 medius
1069 3387 1306 3450 constituebatur
1320 3387 1399 3450 inter

165 3485 220 3549 Dei
240 3489 386 3552 visionem
409 3497 438 3552 et
458 3485 617 3552 hominum
636 3489 789 3552 sacrificia.
834 3487 885 3550 Sic
905 3487 995 3568 igitur
1015 3487 1082 3568 ipsc
1110 3473 1397 3569 quoque'llominus

165 3589 198 3650 io
221 3594 374 3671 principio
404 3590 523 3669 quidem
552 3601 622 3654 erot
652 3591 793 3665 Verium,
822 3601 850 3654 et
882 3590 1008 3654 Verium
1030 3600 1098 3653 erot
1119 3593 1201 3672 opud
1222 3590 1335 3667 Deum,
1367 3601 1398 3656 et

198 3908 219 3959 f.
246 3909 287 3960 Sic
310 3909 412 3971 Sequor.
436 3909 536 3960 Gobler.
560 3918 585 3960 st
607 3910 711 3961 l'elctm.
733 3911 756 3961 l.
808 3921 861 3960 ow.
896 3911 987 3961 lbidem
1006 3911 1104 3962 Goblsr.
1123 3901 1398 3979 saudaumatfpaar

166 3983 190 4026 et
206 3975 339 4040 Scriptura.
373 3977 420 4026 Alii
443 3992 499 4028 sero
523 3984 547 4027 et
565 3979 622 4028 editi
640 3969 758 4044 ἀδελφοί
808 3973 894 4028 αὐτὸν
910 3972 1011 4027 πιστὸν
1028 3969 1097 4027 ὄντα
1114 3987 1161 4028 stc.
1400 3979 1403 3986 “

165 4057 227 4108 μου·
843 4047 865 4096 k.
884 4048 942 4108 lleq.
961 4056 984 4097 et
1003 4046 1105 4095 Fefclm.
1119 4047 1142 4095 5,
1159 4039 1206 4092 stol
1223 4044 1272 4105 τῆς
1284 4036 1402 4112 Ἀαρώ.

199 4124 222 4172 g.
246 4111 333 4173 uagina
364 4119 387 4162 et
417 4111 572 4162 l'elclmauol
591 4112 615 4162 5.
645 4114 757 4164 omittunt
808 4115 860 4163 flos
879 4115 936 4176 fleg.
953 4112 1046 4174 tactio.
1065 4121 1089 4163 et
1106 4113 1212 4163 Felolm.
1230 4115 1254 4164 t.
1272 4109 1400 4178 γεγέννη-

163 4167 277 4238 teneor.
808 4173 862 4231 ros.
897 4181 985 4231 llilet
1002 4181 1059 4230 editi
1077 4175 1229 4246 γεγένηται.

200 4247 225 4296 fr.
242 4246 383 4296 fetetne,
401 4239 485 4313 αὐτῷ.
531 4248 591 4298 lhtd.
617 4247 759 4301 Felcltmaf.
843 4249 860 4298 Ι.
885 4249 925 4298 Sic
942 4249 1042 4310 Sepasr.
1061 4249 1135 4302 llasil.
1152 4249 1244 4310 tactio.
1259 4245 1398 4362 licefeld.

165 4308 315 4379 raporquet
331 4311 370 4379 aqi
388 4309 524 4381 πνεύματι
540 4309 586 4364 καὶ
602 4311 696 4386 rroerpf.
808 4315 915 4366 l'slolm.
927 4316 949 4366 1.
961 4326 984 4367 et
994 4317 1017 4366 5.
1053 4316 1133 4368 Ceteri
1146 4331 1202 4366 vero
1214 4323 1239 4366 ot
1249 4316 1307 4364 editi
1337 4325 1400 4361 πν-

200 4383 215 4430 i.
240 4381 281 4431 Sic
298 4381 400 4444 Segnsr.
418 4385 516 4436 Gobler.
537 4383 758 4444 fetclm.t.otd,
808 4375 981 4448 maatpooc.
1018 4383 1109 4434 lbidsm
1133 4383 1276 4444 Segoerian.
1300 4379 1399 4455 tlnbfer.

165 4446 208 4497 sed
226 4449 252 4498 in
268 4449 322 4498 roto
340 4453 442 4510 Sequor.
462 4451 558 4502 additor
572 4447 756 4502 nrticolnsroai.
808 4451 914 4500 Pelckm.
936 4451 957 4499 f.
976 4458 1002 4500 et
1017 4451 1043 4500 4.
1060 4443 1111 4510 τὴν
1127 4442 1263 4514 ἐπωμίδα,
1282 4457 1333 4494 τον
1348 4447 1399 4493 m·

166 4513 212 4565 flii
229 4525 253 4566 et
271 4517 329 4570 editi
347 4511 398 4580 τὴν
414 4513 443 4569 la
452 4513 557 4584 πατρὸς
567 4509 653 4585 φύσει
662 4513 759 4583 ysara·
809 4510 888 4582 dqu,
908 4510 940 4564 ai
957 4509 1061 4583 λόγων.
