3212 5060
548 279 657 324 oacrio
672 279 716 324 ur.
732 279 847 324 conam
860 279 996 324 amnne.
1312 271 1373 334 523

135 432 255 496 -eadem
275 449 311 494 ee
331 431 457 494 ludaeos
477 429 570 510 loqui.
614 429 759 494 Conremt
779 430 857 496 euim
879 451 934 494 eos
954 431 992 495 ab
1013 431 1131 496 illorum
1154 441 1253 497 mente
1275 435 1461 500 diaes-ess.
1518 433 1521 440 ’

153 535 239 609 dere,
267 552 394 613 quorum
416 549 526 594 nomen
547 532 705 612 refugiunt
749 532 906 596 Enimvero
936 552 992 598 nos
1022 535 1182 600 Christiani
1210 555 1373 614 sumus,o

151 635 268 710 briam,
306 653 364 696 nos
397 634 517 714 inquam
556 633 712 698 Christiani
747 653 868 708 sumus,
900 636 1114 718 propriumque
1153 641 1290 701 nostrum
1328 650 1375 703 est

151 737 309 817 Evangelia
337 736 375 797 da
395 735 547 800 salvatore
568 743 648 796 recte
670 734 849 813 intelligere,
877 753 938 796 uon
960 745 1057 800 autern
1080 759 1150 800 eum
1170 759 1236 802 cum
1258 740 1375 806 ludaeis

36 835 41 846 '
151 839 300 919 lapidibus
315 845 481 918 percutere,
503 835 530 898 si
549 837 649 916 ipsum
671 835 779 896 desua
801 835 954 898 divinitate
969 844 998 896 et
1012 840 1185 902 aeternitate
1206 841 1375 922 loquentem

153 941 324 1013 audiamus,
355 957 452 1020 neque
480 936 649 1002 scandalum
672 935 825 998 vobiscum
846 936 907 1020 pati
936 935 974 996 cb
996 938 1118 1000 humilia
1139 941 1245 1016 rerba,
1268 944 1377 1023 quibus

153 1052 187 1106 ut
213 1043 304 1104 homo
332 1042 434 1104 utitur.
480 1039 669 1118 Quapropter
696 1038 722 1100 si
749 1057 803 1100 rus
831 1037 992 1102 Christiani
1025 1057 1142 1119 quoque
1165 1061 1233 1104 csse
1255 1047 1376 1124 optatis,

152 1144 214 1206 Arii
237 1143 381 1206 insaniam
403 1139 559 1221 deponite,
587 1149 761 1218 vestrasque
788 1159 875 1202 aures
904 1139 1003 1220 impiis
1025 1140 1188 1204 maledictis
1210 1145 1374 1210 sordidatas

151 1246 211 1327 piis
235 1245 343 1308 abluite
365 1241 573 1314 sermonibus,
606 1240 848 1321 exploratumque
878 1240 919 1304 sit
939 1240 1024 1302 robis
1047 1241 1146 1304 statim
1169 1251 1257 1322 atque
1276 1248 1376 1310 Ariani

154 1359 224 1410 e'sse
245 1345 432 1418 destiteritis,
457 1343 631 1406 ludaeorum
654 1361 772 1422 quoque
792 1343 1019 1424 perversitatem
1043 1343 1231 1420 dimissuros,
1254 1348 1377 1427 foreque

153 1458 188 1510 ut
208 1448 340 1512 tenebris
362 1447 513 1526 dissipatis
534 1445 584 1509 lux
605 1445 738 1508 ueritatis
766 1444 851 1508 robis
879 1435 1022 1509 continuo
1051 1446 1204 1526 affulgeat,
1237 1467 1294 1510 nec
1320 1467 1377 1510 nos

154 1550 213 1612 iam
236 1548 362 1630 amplius
384 1547 586 1610 calumniaturi
615 1545 697 1620 sitis,
731 1548 815 1626 quasi
843 1548 902 1610 duo
930 1555 1049 1610 aeterna
1077 1567 1290 1627 agnoscamns3
1324 1569 1378 1612 vos

153 1651 263 1732 quippe
284 1650 342 1730 ipsi
364 1649 545 1729 intelligetis,
568 1649 726 1712 Dominum
748 1668 850 1712 verum
874 1658 903 1712 et
925 1649 1088 1711 naturalem
1104 1649 1156 1712 bei
1171 1649 1275 1712 Filium
1300 1671 1376 1726 essa,
1409 1709 1418 1730 ,

150 1769 207 1814 nec
227 1750 430 1814 mutummodo
452 1759 605 1812 aeternum
628 1769 696 1814 essa
717 1751 854 1830 agnosci,
883 1751 938 1814 sed
969 1751 1057 1812 etiam
1080 1751 1168 1814 simul
1190 1771 1257 1814 eum
1279 1761 1375 1818 actor·
1464 1827 1469 1836 ¹

149 1852 242 1916 nitate
263 1837 360 1915 Patris
382 1852 521 1916 existere.
565 1852 627 1914 Alia
658 1852 805 1932 siquidem
835 1862 919 1927 suot,
950 1871 1025 1933 quae
1048 1861 1166 1916 aeterna
1188 1873 1307 1935 quoque
1329 1857 1376 1918 di-

149 1963 274 2027 ouutor,
301 1972 428 2034 quorum
450 1963 548 2016 umen
570 1953 636 2034 ipse
658 1955 780 2016 effector
802 1963 863 2029 est;
893 1971 961 2016 nam
982 1943 1101 2016 Psalmo
1123 1955 1266 2035 vigesimo
1290 1958 1376 2020 tertio

150 2055 376 2136 scriptumest:
418 2055 522 2119 Tollite
541 2068 650 2134 porrus
678 2057 831 2135 principes
859 2071 997 2131 uestros,
1026 2069 1055 2119 et
1082 2057 1243 2119 elevamini
1265 2071 1377 2139 portae

147 2169 300 2222 edernae.
333 2159 442 2220 Verum
464 2167 513 2218 est
533 2165 632 2221 autem
655 2156 729 2216 baec
750 2154 786 2215 ab
808 2155 858 2216 illo
881 2158 955 2218 laeta
978 2175 1063 2230 esse;
1085 2157 1265 2236 quapropter
1288 2161 1314 2219 si
1329 2160 1378 2220 ille

147 2276 249 2320 rerum
272 2268 459 2322 aeternarum
482 2256 580 2334 opifex
603 2263 665 2327 est,
694 2255 760 2334 quis
783 2263 920 2316 nostrum
943 2256 1001 2316 iam
1023 2256 1054 2316 in
1077 2256 1197 2316 dubium
1221 2260 1376 2334 vocaverit,

148 2359 249 2439 ipsum
272 2377 342 2420 esse
365 2365 504 2418 auteres
527 2355 697 2442 huiusmodi
721 2353 879 2420 aeternas?
906 2358 943 2417 ht
964 2374 1035 2417 vero
1057 2375 1117 2416 non
1139 2365 1197 2418 tarn
1220 2357 1257 2419 ub
1279 2368 1376 2422 aeter-

149 2461 274 2520 nitatem
295 2458 485 2538 cognoscitur
507 2456 667 2529 Dominus,
700 2475 787 2536 quarn
810 2457 888 2535 quod
910 2455 964 2518 llei
984 2456 1077 2520 Filius
1099 2466 1154 2518 est.
1200 2458 1275 2531 Quia
1297 2461 1376 2524 enim

150 2567 200 2620 est
219 2559 329 2634 Filius,
351 2559 420 2622 hine
441 2579 457 2622 a
480 2559 567 2627 Patre
590 2557 763 2637 separabilis
786 2567 932 2632 nonest,
962 2577 1059 2638 neque
1082 2559 1137 2620 luit
1158 2577 1286 2640 unquam
1309 2582 1376 2626 cum

151 2675 212 2722 non
246 2671 341 2732 esset,
376 2661 429 2724 sed
458 2679 577 2742 semper
604 2661 673 2735 luit,
709 2679 835 2741 cunique
865 2661 904 2724 sit
932 2661 1028 2740 imago
1051 2670 1081 2722 et
1103 2661 1246 2742 splendor
1267 2664 1374 2740 Patris,

149 2763 355 2826 aeternitatem
377 2783 493 2844 quoque
516 2763 611 2826 Patris
633 2763 778 2844 possidet.
815 2764 917 2844 ltaque
939 2783 997 2845 qua
1020 2765 1139 2845 quidem
1161 2765 1277 2828 ratione
1300 2785 1460 2832 con-raro.

150 2866 219 2928 victi
240 2865 350 2927 tuerint
372 2865 446 2926 male
468 2866 516 2927 illa
533 2866 703 2944 scripturae
724 2866 789 2926 loca
810 2866 984 2944 intelligere,
1007 2884 1082 2946 quae
1105 2867 1315 2946 obtendebant,
1339 2887 1374 2930 ex

151 2967 212 3039 bis,
235 2984 311 3044 quae
333 2983 422 3042 supra
444 2968 545 3044 paucis
568 2967 715 3044 disputata
739 2976 818 3040 sunt,
841 2967 915 3028 disci
936 2977 1055 3056 potest3
1077 2969 1156 3048 quod
1172 2977 1270 3032 autem
1286 2971 1374 3032 etiarn

153 3084 199 3137 ea,
221 3083 296 3144 quae
317 3048 398 3126 nurt¹o
420 3083 453 3126 er
476 3065 640 3144 Evangeliis
663 3075 835 3146 opponunt,
858 3067 952 3129 sutilia
973 3069 1131 3130 admodum
1154 3089 1187 3132 ac
1209 3072 1281 3134 levia
1304 3073 1373 3147 sint,

152 3165 236 3228 tacite
268 3165 439 3244 perspicere
470 3175 533 3240 est,
566 3166 592 3228 si
622 3166 652 3228 in
684 3168 789 3248 primis
819 3170 885 3248 quis
907 3170 946 3230 sit
967 3169 1151 3232 Christianae
1173 3173 1241 3234 fidei
1264 3194 1373 3255 scopus
1480 3183 1487 3194 ’

150 3268 391 3348 perceperimus,
419 3287 514 3347 eoque
541 3278 677 3348 tanquam
700 3271 801 3350 regula
824 3279 940 3333 utentes
963 3271 1081 3333 lectioni
1104 3271 1274 3354 Scriptorae
1296 3277 1372 3339 divi-

149 3370 231 3432 nitus
254 3369 431 3448 inspiratae,
454 3378 487 3432 ut
507 3378 609 3432 monet
628 3372 808 3452 Apostolus,
831 3373 1054 3436 attenderimus.
1099 3373 1185 3438 Huno
1206 3379 1284 3440 enim
1307 3397 1373 3440 cum

150 3550 187 3610 ὡς
211 3548 378 3624 δημιουργὸς
405 3547 585 3622 raupidedun.
612 3553 658 3606 καὶ
680 3553 736 3626 γὰρ
788 3552 854 3610 ἐστι.
890 3561 967 3612 Ceteri
985 3571 1009 3613 et
1027 3563 1082 3612 editi
1101 3553 1145 3609 ‘dn
1162 3555 1177 3610 ὁ
1195 3555 1253 3616 υἱός
1270 3558 1336 3614 ἐστι.

150 3619 239 3688 Δορίὸ
260 3636 357 3688 φησιν.
397 3625 442 3674 trit
467 3633 490 3674 et
514 3627 570 3675 editi
596 3617 677 3679 αὐτὸς
700 3619 737 3680 ὥς
821 3629 844 3678 h.
864 3628 928 3678 llaec
945 3631 1015 3680 rerba
1033 3622 1149 3696 ἔχεικαὶ
1167 3623 1373 3694 τῆνᾶἳδιότητα

151 3686 317 3810 δρριοοργὸς
339 3683 529 3756 etpalatum.
549 3685 579 3742 ὲν
595 3689 650 3763 γὰρ
667 3691 736 3758 apol·
786 3694 835 3744 τοῦ
852 3689 957 3764 πατρίς
973 3699 1061 3748 absunt
1077 3694 1090 3747 'a
1109 3687 1211 3760 Gobler}
1225 3708 1248 3748 et
1269 3702 1372 3755 Felclm.

150 3774 214 3827 pots
229 3772 391 3828 yppomeni.
789 3765 812 3814 l.
826 3780 870 3815 nee
888 3769 956 3814 vertit
965 3767 1087 3830 interpres
1101 3767 1124 3816 in
1136 3769 1241 3818 editione
1255 3769 1373 3820 Commel.

185 3830 201 3878 ί.
226 3829 282 3892 ttcg.
304 3829 326 3878 l.
343 3837 368 3876 et
384 3829 484 3890 Sepuer.
508 3823 591 3888 δῆλον
607 3824 637 3877 δέ
653 3822 735 3881 tato.
787 3831 879 3882 lbidem
898 3833 954 3895 lteg.
974 3833 995 3882 1.
1014 3834 1114 3896 Sceuae.
1131 3835 1221 3896 largitu.
1240 3837 1337 3888 Gobler.
1350 3849 1373 3890 et

152 3897 178 3946 lo
203 3897 255 3946 eliis
279 3903 304 3946 at
326 3897 397 3945 editis
422 3896 491 3945 deest
514 3891 551 3946 dt.
591 3897 663 3946 Paulo
681 3907 736 3961 post
787 3899 891 3949 Felekm.
919 3901 939 3949 l.
963 3891 1037 3954 ὅπως
1060 3889 1191 3968 privatin.
1232 3905 1259 3952 ln
1277 3906 1330 3956 aliia
1349 3918 1372 3958 ct

150 3965 208 4026 lter.
229 3964 250 4013 l.
268 3974 292 4014 et
309 3964 408 4026 Segusa.
425 3957 467 4017 τίς
483 3955 562 4030 ἡμῶν
578 3957 619 4012 ἔτι
640 3957 737 4012 λοιπόν
787 3967 891 4018 editione
909 3969 1025 4018 Comeret.
1046 3956 1095 4017 οὖν
1112 3971 1187 4020 deest.
1204 3971 1267 4030 ¹llox
1279 3975 1334 4036 lies.
1349 3979 1371 4026 t.

152 4041 195 4082 ete.
223 4032 320 4082 Gobter.
338 4039 362 4081 et
380 4031 484 4082 Felclm.
506 4024 737 4096 1.τίςῦμιῦνὲτο
786 4035 885 4095 Seguer.
910 4036 1009 4087 Gobler.
1034 4047 1057 4088 ot
1084 4039 1187 4088 lelclm.
1208 4039 1228 4088 1.
1248 4053 1372 4109 προεφο·

150 4095 313 4149 leandrum.
350 4099 396 4148 ain
421 4107 444 4148 st
462 4100 534 4151 editio
554 4101 671 4150 Commel.
696 4094 736 4152 τίς
786 4096 901 4158 citano.
927 4101 976 4153 Alii
994 4105 1229 4158 eteditioCommel.
1247 4101 1372 4178 ἔπροφα-
1430 4125 1435 4142 ·

151 4157 230 4232 ὑμῶν
246 4157 287 4214 ἔτι
304 4159 493 4234 ἀμφιβάλλου.
786 4165 901 4225 ottone.

185 4249 208 4297 ρ.
225 4235 266 4284 Sic
283 4236 338 4296 ttae.
359 4237 381 4294 l,
399 4236 538 4298 Seruarian.
557 4235 694 4286 Goblerian.
712 4243 737 4286 et
819 4238 834 4288 i.
859 4238 914 4300 lies.
937 4239 957 4289 1.
976 4249 1000 4290 ct
1015 4241 1113 4304 Seguer.
1137 4239 1367 4309 προφασίζονται,

151 4302 256 4352 Felclro.
276 4303 298 4352 1.
338 4306 366 4353 lt
383 4304 424 4354 atii
441 4313 465 4354 et
480 4293 584 4353 editiori
602 4301 735 4352 τοσοῦτον
785 4297 886 4353 ἐκτῶν
909 4296 1073 4372 εὐαγγελίων
1097 4303 1239 4362 δείκνυται.
1283 4313 1327 4362 llii
1345 4323 1369 4362 et

151 4361 242 4424 ἅπλῶς
259 4361 287 4419 ἔκ
304 4368 353 4418 rod
370 4361 461 4419 ἀϊδίου
480 4365 643 4438 γνωρίζεται
660 4363 674 4419 ὁ
691 4363 735 4420 at-
785 4373 841 4424 editi
858 4372 1079 4440 προφασίζονται
1095 4377 1154 4432 νῦν,
1172 4371 1201 4426 ἐκ
1219 4377 1275 4426 τοῖν
1291 4369 1369 4443 enioy-

151 4449 218 4502 ptor.
262 4439 352 4500 lnglic.
379 4440 466 4489 ibidem
493 4433 521 4488 ίκ
544 4437 601 4487 rro‘r
626 4430 731 4488 ἀϊδίων.
784 4435 881 4506 yellus·
906 4438 1095 4511 γνωρίζονται.
1141 4445 1193 4494 ttox
1215 4447 1271 4506 ltep.
1298 4447 1320 4495 t.
1345 4454 1369 4498 et

151 4503 211 4554 ltem
237 4505 324 4556 ibidem
341 4507 398 4569 lter.
418 4507 440 4558 l.
458 4515 481 4558 et
499 4507 597 4571 Segdcr.
617 4497 661 4556 ὅτι
677 4499 735 4562 ur‘o'r
784 4511 884 4574 Sessar.
902 4519 959 4576 pest
976 4504 1072 4578 ῥᾴδιον
1089 4513 1201 4562 omittunt
1217 4505 1283 4562 lore.
1364 4561 1368 4568 ,
