3014 5050
444 267 588 312 serasera
603 265 642 310 rr.
658 267 695 310 sn
710 263 905 310 surerenas.
1210 245 1270 310 789

64 425 114 507 qui
135 422 281 488 didicistis
303 417 410 482 Filium
430 435 491 480 non
514 437 582 481 esse
603 424 764 480 creaturam
790 417 856 497 (per
877 433 944 478 eum
972 431 1098 494 nemque
1125 419 1274 474 menturae
1282 425 1358 470 ecca

65 525 200 591 conditae
220 526 320 599 sunt),
341 521 543 600 interrogare:
564 519 653 582 Pater
673 537 743 598 ergo
766 529 811 581 est
830 515 947 580 Filius?
988 515 1045 578 dut
1066 513 1125 578 sic:
1147 512 1276 594 Spiritus

66 647 137 708 ergo
158 633 205 689 cst
224 623 326 696 Filius,
350 631 380 684 et
398 601 490 684 Filius
512 621 576 702 ipse
598 630 645 683 est
665 619 792 701 Spiritus
815 617 958 683 senatus?
1002 618 1074 680 Cum
1096 623 1194 680 numm
1210 614 1279 678 talia
1336 651 1345 674 .

65 730 203 810 cogitent,
226 733 256 788 et
276 733 356 787 entra
379 731 510 786 sancum
525 721 696 784 Trinitatem
712 729 798 782 erunt
812 728 842 782 et
861 719 939 782 athei
960 719 1174 794 iudicabuntur,
1196 719 1277 800 qnod
1350 797 1355 814 ι

65 834 221 895 immutent
240 845 349 890 nomen
370 824 466 888 Patris
488 833 517 887 et
537 824 602 885 Filii
624 831 655 885 et
675 822 803 902 Spiritus
826 821 929 895 sancti,
952 823 1184 904 transierantque
1203 821 1275 884 illud

67 952 121 994 suc
150 929 291 994 arbitratu
318 928 349 990 in
378 927 600 990 similitudinem
627 922 825 1002 generationis
851 923 1011 997 hnmanae,
1046 924 1123 1002 quod
1152 932 1276 1005 nepotes
1324 975 1332 994 ,

66 1051 194 1112 avosque
220 1031 389 1103 nominent,
417 1047 451 1091 ec
478 1029 601 1106 deorum
629 1024 848 1106 generationem
876 1024 1138 1106 quemadmodum.
1155 1027 1278 1108 gentiles

67 1135 214 1214 ellingant.
241 1133 323 1200 ‚Non
346 1115 393 1192 est
412 1139 510 1193 autem
532 1129 605 1192 haec
625 1127 774 1190 Ecclesiae
795 1127 885 1201 lides,
914 1125 983 1201 sed,
1014 1133 1049 1188 nt
1075 1126 1115 1189 ait
1136 1127 1276 1201 Salvator,

66 1235 97 1297 in
119 1235 234 1298 Patrem
267 1243 297 1296 et
316 1215 423 1294 silium
445 1240 474 1294 et
495 1231 637 1311 Spiritum
661 1237 811 1302 sanctum,
839 1229 955 1292 Patrem
982 1228 1108 1301 scilicet,
1141 1229 1190 1308 qui
1216 1247 1278 1290 non
1346 1259 1351 1270 ·

67 1339 256 1417 possituros
283 1334 399 1410 vocari,
426 1332 548 1408 Filium,
581 1333 632 1413 qui
658 1349 719 1394 non
747 1330 843 1411 possit
871 1329 928 1393 dici
953 1338 1051 1411 pater,
1086 1335 1116 1391 et
1137 1329 1280 1412 Spiritum

66 1447 203 1502 sanetum
230 1454 292 1498 nun
319 1435 376 1498 alio
404 1453 491 1514 qnam
504 1435 574 1500 ,hoc
597 1433 718 1496 nomine
743 1432 928 1513 appellatum.
976 1431 1020 1494 lle
1046 1433 1101 1494 hac
1129 1432 1187 1495 lide
1217 1451 1279 1494 non

66 1540 137 1600 licet
166 1538 246 1601 varie
277 1537 373 1617 loqui,
410 1536 463 1598 sed
495 1553 614 1616 semper
642 1535 730 1598 Pater
760 1544 844 1615 pater
876 1544 938 1608 est,
976 1542 1006 1595 et
1036 1533 1126 1598 Filius
1162 1551 1280 1616 semper

65 1641 161 1711 lilius,
198 1647 228 1701 et
256 1638 385 1718 Spiritus
417 1646 538 1701 sanctus
571 1655 690 1718 semper
720 1644 767 1698 est
796 1637 958 1716 diciturque
989 1635 1116 1716 Spiritus
1149 1645 1278 1700 sanmus.

65 1742 101 1804 ln
128 1741 219 1804 rebus
247 1740 327 1802 enim
348 1739 483 1802 humanis
511 1758 572 1820 non
598 1739 638 1801 ita
663 1757 697 1800 se
717 1757 767 1800 res
793 1737 896 1813 habet,
929 1737 1060 1818 quamvis
1086 1736 1186 1800 Ariani
1212 1737 1280 1800 talia

63 1843 338 1907 comminiscantur.
384 1841 457 1904 Nam
470 1883 475 1892 ·
489 1841 735 1921 quemadmodum
768 1841 909 1920 scriptum
941 1849 1001 1902 est:
1028 1839 1100 1918 Non
1126 1847 1159 1903 ut
1188 1840 1278 1902 homo

62 1946 161 2020 Deus,
195 1943 236 2006 ita
267 1943 372 2006 dixerit
403 1943 523 2024 aliquis:
556 1962 617 2006 non
650 1951 683 2006 ut
712 1942 791 2005 Deus
824 1942 971 2006 homines.
1024 1942 1108 2023 Apud
1142 1943 1279 2020 homines

65 2047 147 2108 enim
176 2053 260 2126 pater
285 2063 347 2107 non
375 2061 493 2124 semper
519 2054 603 2122 pater
630 2051 690 2116 est,
723 2031 819 2122 neque
839 2043 916 2106 filius
938 2061 1055 2123 semper
1077 2043 1174 2105 lilius:
1208 2045 1282 2108 Nam

65 2134 139 2226 ipse¹
162 2149 279 2227 quidem
304 2147 356 2208 lilii
382 2155 468 2225 pater
492 2145 631 2218 efficitur,
664 2143 715 2205 sed
749 2143 870 2205 alterius
898 2145 962 2224 ipse
985 2143 1062 2207 lilius
1088 2145 1191 2219 extitit
1242 2145 1281 2208 Et

65 2249 148 2312 filius
170 2267 236 2312 cum
258 2248 299 2310 eit
317 2247 410 2326 patris
432 2245 521 2318 filius,
544 2245 663 2306 alterius
678 2253 762 2323 pater
776 2244 910 2306 efficitur.
940 2245 1084 2308 noreham
1098 2247 1189 2326 igitur
1202 2247 1280 2324 lilius

7 2345 1355 2423 imfflmfflmmmeWQWM·

7 2463 10 2500 ι·
61 2452 217 2522 Abrahae,
245 2455 329 2527 pater
349 2446 404 2508 luit
423 2445 520 2508 Iacob.
564 2445 773 2524 Unusquisque
795 2445 873 2507 enim
903 2465 969 2509 curm
990 2448 1030 2509 sit
1049 2467 1118 2529 pars
1139 2452 1279 2530 parentis,

63 2551 202 2612 nascitur
222 2547 340 2628 quidem
356 2547 449 2620 lilius,
473 2547 598 2609 efficitur
619 2555 715 2609 autem
737 2555 767 2609 et
787 2546 851 2627 ipse
871 2547 991 2610 alterius
1013 2557 1104 2629 pater.
1147 2550 1182 2612 ln
1203 2551 1364 2622 diri-ntor.

63 2653 161 2715 nitate
182 2669 252 2714 sero
274 2668 334 2712 non
355 2650 408 2723 sic,
431 2651 569 2730 quoniam
591 2667 650 2710 non
673 2649 750 2711 sicut
770 2650 859 2711 homo
876 2650 964 2713 Deus.
1008 2651 1095 2714 Pater
1108 2653 1205 2733 itaque
1219 2673 1280 2718 non

60 2773 100 2817 ex
123 2759 210 2834 patre
231 2761 293 2824 cat,
321 2751 447 2831 ideoque
468 2769 528 2813 non
550 2751 642 2831 gignit
662 2768 745 2824 eum,
773 2751 821 2830 qui
848 2751 963 2814 iuturus
985 2753 1025 2814 sit
1045 2752 1165 2816 alterius
1181 2765 1279 2836 pater,

64 2873 170 2935 neque
189 2853 283 2916 Filius
306 2871 374 2932 pars
397 2860 443 2914 est
461 2851 570 2928 Patris,
593 2860 771 2932 quapropter
792 2870 853 2913 non
874 2861 921 2916 est
940 2855 1017 2916 letus
1032 2854 1068 2916 ad
1083 2857 1280 2935 generandum

61 2957 173 3018 litium.
218 2953 302 3018 Unde
329 2953 359 3014 in
386 2953 493 3015 deitate
521 2953 585 3016 sola
606 2953 693 3014 Pater
719 2953 839 3035 proprie
859 2955 1000 3034 solusque
1027 2965 1110 3036 pater
1138 2959 1280 3036 comsit,

61 3067 115 3120 est
140 3062 173 3116 et
194 3055 249 3117 luit
269 3063 299 3115 et
326 3072 444 3133 semper
465 3055 530 3116 erit.
573 3054 611 3116 Et
631 3054 721 3117 Filius
742 3056 862 3135 proprie
884 3066 913 3118 et
932 3057 1014 3134 solus
1034 3058 1126 3120 Filius
1148 3067 1203 3122 est
1246 3061 1281 3124 ln

63 3161 115 3223 his
139 3156 222 3220 enim
243 3163 359 3218 constm
379 3153 465 3229 illud,
494 3156 611 3218 Patrem
640 3174 758 3237 semper
778 3147 894 3219 Patrem
916 3157 1069 3220 etlilium
1090 3178 1208 3241 semper
1229 3161 1281 3224 si-
1313 3239 1315 3244 ι

62 3265 140 3326 lium
166 3277 234 3322 esse
255 3257 382 3332 ecdici,
410 3257 551 3337 Spiritum
579 3267 710 3322 sanctum
738 3275 856 3342 semper
877 3257 1019 3339 Spiritum
1045 3270 1179 3324 sanctum
1205 3257 1281 3340 esse,'

60 3373 95 3430 et
119 3363 209 3426 'hunc
235 3360 288 3424 Dei
316 3378 384 3422 esse
412 3366 442 3420 et
468 3360 592 3422 aPatre
618 3378 672 3439 per
698 3359 803 3424 Filium
832 3359 893 3422 dari
921 3361 1076 3424 credimus.
1127 3363 1175 3426 Sic
1202 3365 1280 3429 enim

60 3474 171 3532 sancta
194 3461 323 3535 Trinitas
343 3453 521 3524 invariabilis
543 3470 710 3556 permanct,
741 3461 772 3523 in
798 3480 855 3524 una
885 3462 992 3526 deitate
1013 3463 1137 3543 cognita.
1179 3466 1280 3547 ltaque

59 3571 117 3654 qui
140 3567 319 3643 interrogat:
342 3562 459 3643 Ergone
479 3563 571 3625 Filius
594 3570 642 3625 est
661 3561 813 3657 Spiritus?
833 3563 874 3625 ita
891 3563 938 3626 ille
953 3564 1184 3630 comminiscitur
1197 3561 1281 3649 qirasi

59 3685 182 3748 nomen
197 3663 312 3726 mutari
332 3664 445 3742 possit,
474 3673 560 3746 atque
588 3683 642 3728 sua
670 3673 776 3747 sponte
802 3665 920 3730 insanit.
964 3667 1001 3728 Et
1028 3667 1077 3747 qui
1104 3667 1280 3748 interrogat:

57 3775 188 3854 Ergone
211 3783 283 3826 arus
311 3773 358 3827 est
377 3764 486 3829 Pater?
514 3785 623 3832 nomen
644 3767 724 3830 Patri
751 3765 919 3846 excogitans
949 3775 1027 3832 errat
1048 3769 1147 3831 corde.
1192 3769 1279 3834 Cete-

54 3893 131 3960 rum
153 3865 287 3954 posthac
307 3865 343 3927 ad
364 3865 577 3956 haereticorum
597 3869 809 3952 impudentiam
829 3870 1011 3949 respondere
1032 3889 1093 3934 non
1114 3880 1161 3935 est
1174 3881 1279 3952 tntum,

93 4047 116 4080 a.
135 4012 342 4088 sagnerianded
357 4016 447 4068 τοῦτο.
483 4019 535 4070 idox
552 4021 614 4072 idem
631 4030 656 4073 et
738 4024 762 4072 l..
778 4022 818 4073 Sic
835 4022 890 4086 lleg.
909 4024 1040 4088 etSegner.
1074 4026 1136 4078 Editi
1153 4042 1208 4080 vcro
1225 4019 1279 4077 ἄλλ’
1317 4048 1319 4060 ·
1357 4035 1367 4063 ¹

55 4101 116 4160 geg,
138 4087 176 4143 τὰ
193 4083 309 4156 yerqrri.
346 4088 408 4138 notri
424 4079 460 4137 τὰ
476 4081 600 4152 rennuic
705 4081 746 4146 ori,
765 4089 834 4141 mule.
869 4091 919 4141 ilar
937 4092 992 4156 Reg.
1012 4093 1186 4158 etSegnerien.
1202 4095 1279 4161 γοῦν.

91 4169 116 4218 a.
137 4161 246 4215 center.
265 4163 289 4206 o
305 4155 409 4208 rernm.
421 4157 442 4206 1.
459 4155 589 4222 sereser.
702 4158 763 4208 noro
781 4143 837 4206 adr.
874 4155 912 4226 [m
930 4160 1048 4223 margine:
1067 4162 1194 4213 nemeaea
1211 4164 1282 4228 upra

93 4251 115 4284 ῃ,
135 4233 197 4293 [teg.
227 4225 325 4287 Segner.
350 4225 446 4277 uester.
466 4233 489 4277 et
506 4223 610 4274 Felnim.
630 4224 652 4274 i.
702 4227 798 4290 ponitur
827 4241 870 4292 pro
894 4228 970 4278 'lirare
987 4225 1102 4296 Nerion]
1135 4229 1208 4280 Panlo
1225 4236 1282 4294 post

50 4294 281 4422 {deg'nbfflnai
297 4284 402 4412 {ama
413 4369 437 4412 et
453 4359 548 4412 Peleius
568 4361 580 4412 i
703 4289 806 4425 &¹1:332
818 4287 993 4415 3⁶32ng
1009 4299 1034 4348 in
1048 4297 1126 4360 edim,
1140 4297 1182 4346 sed
1194 4295 1281 4359 mur

94 4455 117 4488 e.
137 4437 182 4485 Sic
208 4433 270 4492 lies.
288 4428 426 4493 Segnerisc.
445 4437 468 4481 et
485 4429 556 4480 lircil.
591 4429 652 4480 ilditi
736 4445 758 4492 g.
774 4425 873 4500 teupisse
905 4440 956 4484 esst
972 4434 995 4483 in
1012 4429 1281 4484 cettertsncersslri-

56 4493 270 4571 φαντᾶζθῖῐᾱῑ·
703 4499 783 4550 manni
801 4500 822 4552 i.
