3014 5050
437 253 582 300 neronom
596 255 635 301 rr.
650 257 686 332 ῥυ
702 256 897 302 ειωιοπιπ.
1026 227 1029 232 ’
1117 213 1121 228 ’
1198 245 1258 310 791

24 420 102 485 tur3
136 417 364 473 consectaneum
384 423 512 486 prorsus
534 415 596 482 est,
623 407 728 488 utqui
748 417 819 489 post
837 408 988 490 Baptioma
1009 412 1342 490 praevaricantuuraoe

24 515 60 576 in
89 520 223 575 sanctam
244 518 275 573 et
295 508 450 571 indivisam
472 508 646 572 Trinitatem
668 509 882 590 blasphement
925 511 964 572 Et
986 511 1045 574 hoc
1065 530 1191 593 aequum
1213 523 1259 576 est

25 617 71 678 ita
98 615 230 695 cogitare
252 619 281 675 et
302 610 475 690 intelligere.
519 610 605 672 Certe
628 610 654 672 si
675 610 712 686 ii,
743 629 818 691 pros
840 611 888 673 ille
909 613 1129 693 alloquebatur,
1151 615 1257 679 Phari-

25 716 99 779 saei
122 733 249 795 nempe,
271 713 417 774 lavacrum
438 713 673 792 regenerationis
695 713 880 793 accepissent
900 723 930 775 et
951 715 1022 776 doni
1044 716 1137 779 sancti
1160 715 1257 798 Spiri.

25 827 82 881 tus
114 817 172 878 iam
199 815 357 897 participes
386 814 530 889 luissent,
560 813 730 876 verisimilis
759 822 840 876 osset
866 815 1013 877 eiusmodi
1042 817 1257 897 interpretatio,

24 920 74 982 illi
100 918 212 999 qnippe
232 937 249 980 a
276 917 386 979 iustitia
408 915 603 978 descivissent
624 923 654 978 et
675 915 706 977 in
728 915 870 995 Spiritum
892 924 1025 978 sanctum
1047 917 1257 997 deliquissent;

26 1020 87 1084 sed
113 1037 181 1082 cunr
201 1020 347 1082 lavacrum
368 1035 429 1080 non
452 1017 627 1097 acceperint,
650 1017 703 1079 sed
724 1017 812 1079 etiam
833 1015 978 1097 baptisma
991 1017 1111 1080 loannis
1133 1018 1256 1099 vilipen·

25 1122 147 1196 derint,
170 1139 223 1183 cur
243 1119 310 1183 ilios
331 1118 495 1193 accusabat,
519 1129 551 1182 ut
572 1119 622 1199 qui
639 1117 897 1200 blasphemassent
908 1119 941 1181 in
956 1117 1098 1198 Spiritum
1113 1129 1257 1195 tanmem,

26 1223 122 1286 cuius
145 1224 276 1305 nondnnp
303 1222 463 1303 participes
492 1221 589 1283 ellecti
616 1219 753 1284 lucranti
796 1220 862 1283 Non
891 1220 969 1283 enim
997 1221 1170 1301 simpliciter
1200 1222 1257 1283 do-

24 1327 132 1390 cendo
156 1323 299 1389 Dominus
320 1323 393 1384 haec
413 1322 605 1402 loquebatur,
635 1340 730 1402 neque
751 1321 799 1397 iis,
822 1322 871 1402 qui
893 1321 982 1384 loturi
1010 1330 1111 1396 erant,
1141 1321 1258 1402 suppli-

26 1429 114 1492 cium
138 1425 399 1500 interminabatur,
429 1425 482 1486 sed
504 1423 723 1504 inpraesentia
744 1441 814 1486 rere
835 1423 1012 1486 Pharisaeos
1038 1425 1179 1487 incusans
1206 1431 1256 1486 ut-

25 1537 105 1610 pute
129 1533 228 1590 tantae
249 1525 447 1607 blasphemiae
469 1527 526 1589 iam
547 1544 618 1588 reos
647 1525 718 1588 illud
746 1525 861 1588 dicebat
887 1526 1044 1589 Dominus.
1087 1526 1257 1589 Pharisaeis

26 1630 126 1711 igitur
148 1628 189 1690 ita
210 1627 364 1703 accusatis,
387 1628 560 1709 priusquam
581 1627 727 1709 baptisma
745 1627 960 1708 percepissent,
982 1629 1040 1691 hoe
1053 1636 1132 1690 certe
1147 1621 1257 1690 dictum

25 1752 84 1794 eos
108 1728 234 1792 minime
256 1738 380 1810 spectat,
403 1730 453 1809 qni
474 1738 545 1810 post
566 1729 713 1792 lavacrum
732 1729 981 1809 praevaricantur.
1023 1729 1061 1791 Et
1080 1729 1256 1808 praesertim
1373 1791 1378 1812 ,

25 1832 100 1915 quia
131 1848 187 1893 eos
215 1846 276 1891 non
304 1830 341 1892 de
362 1829 542 1912 quibuslibet
569 1830 715 1911 peccatis,
749 1831 802 1892 sed
830 1830 866 1892 do
887 1829 1069 1910 blasphemia
1091 1829 1255 1893 accusabat

23 1937 111 1998 Haeo
133 1939 234 1994 autem
255 1930 333 1994 inter
354 1951 388 1994 se
409 1932 566 2006 differunt,
589 1932 667 2013 quud
690 1932 740 2012 qui
761 1939 873 2012 peccat,
894 1931 989 2012 legem
1012 1933 1255 2012 transgrediatur,
1314 1943 1318 1952 “

26 2037 81 2118 qui
105 2051 181 2097 vero
202 2031 396 2115 blasphemat,
419 2035 450 2096 in
471 2035 566 2114 ipsam
587 2035 727 2096 deitatem
748 2033 839 2114 impie
860 2044 936 2114 agat.
980 2035 1052 2096 Cum
1074 2045 1171 2098 autem
1187 2035 1255 2097 illos
1345 2071 1358 2089 ω

25 2139 65 2200 de
89 2135 195 2199 multis
218 2135 389 2198 criminibus
411 2134 495 2213 prius
519 2145 671 2195 accusaret
692 2129 841 2206 Salvator,
870 2135 948 2213 quod
972 2134 1083 2196 scilicet
1104 2135 1198 2214 legem
1220 2135 1257 2196 de

24 2238 209 2321 parentibus
230 2235 318 2298 latam
339 2241 462 2314 propter
482 2233 634 2311 pecuniam
663 2235 957 2313 transgrederentur,
985 2245 1015 2295 et
1041 2235 1256 2316 Prophetarum
1338 2285 1346 2294 .

24 2342 106 2404 dicta
128 2344 319 2416 respuerent,
342 2352 377 2396 ao
398 2333 518 2394 domum
533 2332 585 2394 lloi
601 2333 721 2394 domum
736 2336 867 2396 lacerent
886 2335 1106 2414 negotiationis,
1129 2345 1256 2399 attamen

24 2441 210 2506 hortabatur
231 2453 284 2496 eos
307 2443 340 2496 ut
358 2425 571 2514 poenitentiam
594 2439 722 2515 agerent
767 2435 874 2497 Verum
896 2434 946 2498 uhi
967 2436 1065 2516 ipsum
1080 2437 1211 2501 dicerent
1224 2439 1256 2501 in

24 2537 209 2605 Beelzehule
231 2534 338 2598 eiicere
360 2521 527 2610 daemonia,
549 2554 609 2598 non
631 2537 688 2599 hoc
708 2535 785 2600 ultra
806 2546 959 2617 peccatum
982 2539 1171 2619 simpliciter,
1201 2539 1255 2603 scd

25 2637 249 2722 blasphemiam
271 2636 345 2724 dixit
366 2655 434 2700 esse
457 2646 576 2713 urtam,
598 2648 631 2702 ut
652 2639 702 2719 qui
724 2639 791 2701 talia
811 2639 947 2719 prolerre
968 2641 1032 2703 ausi
1056 2651 1178 2718 essent,
1200 2660 1256 2706 noo

26 2761 159 2828 poenam
184 2741 314 2820 effugere
335 2759 391 2804 neo
410 2741 525 2804 veniam
547 2740 681 2804 obtinere
701 2749 836 2821 possent

118 3148 170 3212 13.
215 3143 331 3225 Alioqui
352 3146 380 3208 oi
403 3164 506 3208 eornm
527 3165 630 3219 musa,
660 3146 710 3226 qui
730 3155 801 3227 post
819 3147 966 3209 lavacrum
987 3153 1124 3226 peccant,
1153 3147 1184 3209 id
1205 3147 1252 3209 di-

28 3261 109 3315 ctum
132 3247 253 3321 luisset,
274 3255 305 3309 et
325 3247 365 3310 illi
387 3247 501 3310 veniam
522 3257 710 3328 peccatorum
732 3248 867 3310 obtinere
889 3265 950 3310 non
971 3255 1104 3327 possent,
1127 3267 1180 3311 our
1193 3249 1252 3312 ho-

27 3353 142 3416 minem
164 3349 241 3430 apud
265 3349 434 3413 Corinthios
456 3351 667 3432 poenitentem,
689 3350 719 3412 in
742 3349 862 3413 caritate
884 3349 1167 3426 confirmatl'aulus,
1190 3351 1251 3414 Ga-

26 3456 103 3517 latas
127 3469 201 3514 vero
223 3460 390 3516 retrorsum
412 3452 555 3515 abeuntes
576 3452 712 3532 parturit,
735 3454 828 3516 donec
848 3455 1004 3533 formetur
1023 3455 1135 3516 iterum
1154 3453 1185 3515 in
1207 3453 1252 3516 eis

30 3551 199 3620 Christus?
243 3553 316 3616 Cum
337 3562 435 3617 autem
457 3555 526 3617 dicit
547 3559 666 3628 iterum,
688 3553 845 3636 pristinam
867 3571 968 3618 eornm
990 3552 1021 3615 in
1044 3551 1157 3634 Spiritu
1178 3573 1249 3636 per-

27 3659 190 3720 lectionem
213 3654 349 3717 declarat.
394 3657 453 3718 Cur
472 3675 543 3719 vero
565 3657 709 3720 Nouatum
736 3657 886 3739 culpamus
907 3655 1120 3737 poenitentiam
1143 3657 1250 3719 tollen·
1339 3656 1342 3668 '

62 3813 78 3862 1.
98 3812 156 3873 lleg.
181 3817 206 3858 et
229 3800 451 3870 Sogueraurirorir.
487 3810 539 3860 lior
556 3812 613 3873 lleg.
664 3825 696 3860 ns
716 3803 871 3859 iNuoairoo
887 3805 1078 3878 πρεσβυτέρου,
1097 3805 1250 3876 Κορνηλίου

26 3881 127 3942 chuer.
153 3875 253 3928 Gobler.
277 3885 301 3925 et
324 3876 427 3928 letetur.
449 3877 470 3925 1.
488 3870 613 3941 ἐκβάλλει.
663 3892 713 3927 too
728 3871 829 3943 Ῥώμης
846 3869 1000 3927 ἐπισκόπου.
1034 3879 1125 3928 Similia
1150 3879 1251 3928 hahetur

26 3948 88 3996 Editi
107 3937 253 4010 ἐκβάλλειν.
289 3944 362 3994 Paulo
380 3952 436 4008 post
453 3945 508 3994 editi
528 3947 616 3996 habent
666 3947 734 3996 locus
761 3948 784 3996 in
811 3945 964 3995 Testimoniia
993 3946 1132 4010 Scripturas
1166 3962 1250 3998 sacrae

27 4009 74 4060 καί
87 4004 338 4084 ιπιόῥλαςφημίπν,
351 4027 412 4078 quau
422 4011 538 4076 particula
549 4014 617 4063 deest
666 4012 748 4078 [lom.
766 4013 810 4068 ΙΙ.Ι
838 4009 942 4076 ,2501
968 4011 1037 4063 ε1ίπ
1062 4015 1201 4072 Quaestion.
1220 4015 1250 4064 ad

28 4083 51 4130 in
71 4083 102 4131 lte
121 4121 127 4132 .
145 4083 247 4146 Seguer.
266 4080 362 4130 Gohler.
382 4089 405 4130 ot
423 4079 526 4129 Felcirm.
547 4080 569 4130 1.
666 4082 807 4131 Antiochum
817 4029 936 4147 flomll.
956 4097 979 4146 p.
990 4079 1039 4131 tet
1052 4081 1091 4144 s]
1103 4082 1164 4131 inira
1175 4081 1250 4132 oden·

62 4165 83 4208 g.
102 4166 118 4209 η
137 4151 206 4200 deest
225 4151 249 4199 in
266 4147 339 4198 Bacil.
377 4139 617 4212 Panlopostoa'arp'r
666 4149 711 4199 dis.
747 4149 798 4202 hlox
817 4149 872 4199 editi
890 4157 945 4198 anta
960 4141 1111 4214 μετάνοιαν
1122 4149 1249 4199 articulum

28 4217 96 4265 abest
114 4233 126 4266 a
145 4218 219 4269 basil.
667 4217 753 4272 habent
770 4209 829 4277 triv,
849 4219 888 4282 qui
907 4217 975 4267 deest
993 4219 1015 4266 in
1035 4218 1091 4280 lleg.
1109 4218 1250 4280 Segoorian.

62 4285 84 4334 h.
104 4285 200 4347 liegius,
218 4285 319 4347 Segvrer.
337 4283 457 4344 inglioan.
476 4269 573 4336 denter.
592 4291 615 4333 et
666 4285 762 4335 Gohler.
780 4285 870 4348 logiis.
886 4293 910 4334 et
927 4285 1030 4336 Felclm.
1042 4285 1064 4334 1.
1083 4285 1137 4334 etl.
1174 4281 1247 4332 Paulo

28 4351 133 4400 Felclm.
149 4353 170 4402 1.
188 4345 318 4417 Nuodrrp.
352 4353 413 4402 ilditi
432 4361 455 4402 et
472 4346 614 4401 aliiNoori-
666 4359 721 4416 post
748 4354 803 4414 lleg.
832 4361 855 4402 et
879 4353 977 4414 Segner.
996 4344 1162 4424 uopyvoippg
1178 4336 1249 4396 ciros

29 4427 76 4476 tp.
111 4417 183 4467 Basti.
202 4421 230 4470 ad
243 4421 374 4482 marginem
389 4413 610 4485 babetNooodrp.
663 4419 722 4473 τοῖς
769 4413 816 4469 trie
848 4415 879 4468 τὸ
907 4413 1023 4488 λουτρὸν
1050 4412 1246 4482 ἁμαρτανουσι.

28 4481 87 4543 ltsg.
98 4485 227 4548 etsegner.
237 4489 298 4538 baec
314 4487 345 4538 ed
361 4491 493 4552 marginum
510 4489 612 4541 habeut:
663 4489 729 4552 theg.
742 4481 961 4559 upapreivoms)
978 4479 1084 4554 εἴρηται
1099 4477 1132 4533 ri
1152 4477 1244 4551 ῥητόν.
