3102 5042
501 223 646 268 nsssrocs
662 224 682 267 s.
698 227 734 268 so
750 225 944 272 sanctonas.
1258 217 1317 280 681
1388 243 1417 290 ,·

99 379 142 440 ita
164 374 308 454 scriptum
331 355 417 434 vobis
441 382 585 436 occurret.
629 373 688 435 Sed
716 384 817 460 conus
844 376 875 438 in
888 376 1005 440 chnssi
1027 380 1167 464 scriptum
1189 393 1250 446 ost:
1282 385 1404 448 lituus.

100 480 238 560 Spiritus
260 475 320 536 Dei
339 475 499 554 serebatur
528 493 620 554 super
642 495 752 558 aquas,
775 485 804 538 st
824 478 912 556 paulo
933 487 1018 559 post:
1048 481 1116 544 Nan
1135 488 1321 564 permanebit
1372 559 1375 568 ¹

101 579 237 662 Spiritus
260 595 350 662 ,meus
379 579 411 637 iu
434 574 600 638 bominibus
623 575 686 649 bis,
719 581 789 658 quia
817 597 923 640 carnes
952 592 1033 643 sunt.
1077 582 1115 645 Et
1135 584 1166 644 in
1187 584 1320 648 Numerio

99 681 172 743 dicit
194 679 313 758 Moyses
335 675 371 738 ad
393 674 484 737 lilium
507 675 601 737 Nave:
624 676 668 739 Ne
688 677 763 740 mibi
781 679 953 768 aemuleris.
1001 682 1076 756 Quis
1099 687 1241 750 tribuerit
1262 687 1322 750 Po-

95 782 208 864 pulum
231 779 355 842 Dnmini
375 795 438 840 esse
461 775 645 859 Prophetae,
675 797 741 878 cuns
762 779 876 864 dederit
896 780 1044 846 Dominus
1065 781 1215 866 Spiritum
1236 807 1324 854 suum

100 901 197 964 super
220 878 293 968 cosi
335 878 374 940 Et
395 879 425 939 in
447 877 580 966 iudicum
602 878 686 942 libris
713 879 750 940 de
772 879 912 942 Othonia!
933 881 1054 946 dicitur:
1084 886 1122 948 tn
1148 887 1250 966 sactus
1279 901 1324 953 est

102 1003 199 1066 super
221 1001 285 1046 mss
305 979 443 1061 Spiritus
466 978 601 1052 Domini,
631 991 659 1042 ct
681 981 823 1044 issdicauit
844 982 961 1054 lsraib,
991 993 1020 1046 et
1040 987 1142 1066 sactus
1163 1001 1209 1051 est
1230 1010 1323 1072 super

104 1085 208 1166 lepbte
230 1083 365 1164 Spiritus
387 1080 519 1142 domim.
563 1081 600 1142 Et
621 1081 658 1142 dc
673 1081 834 1144 Samsone:
859 1083 967 1156 Crevit,
989 1085 1093 1165 inquit,
1113 1106 1202 1168 puer,
1226 1101 1254 1153 et
1269 1093 1406 1154 be-rssn

104 1187 220 1250 asana
241 1188 269 1248 ei
289 1183 445 1252 Dominus,
470 1186 620 1264 caepitque
642 1181 776 1264 Spiritus
792 1182 915 1248 Domini
933 1189 980 1248 ire
1003 1205 1067 1250 cum
1088 1189 1152 1260 illa,
1176 1200 1205 1251 ct
1219 1191 1322 1256 Irruit

101 1293 134 1350 in
156 1305 223 1350 eum
244 1285 381 1366 Spiritus
406 1283 538 1346 Domini.
581 1271 672 1345 David
694 1285 765 1346 itam
787 1286 898 1365 psallit:
921 1287 1069 1369 Spiritum
1088 1299 1223 1354 sanctum
1238 1305 1323 1356 tuum

103 1409 141 1452 ne
161 1388 288 1467 auferas
311 1405 330 1448 a
351 1403 406 1447 mc.
449 1383 486 1446 Et
507 1403 614 1448 sursus
636 1385 666 1447 in
688 1385 805 1448 Psalmo
834 1388 995 1450 centesimo
1024 1391 1246 1472 quadragesimo
1269 1413 1319 1456 se-

106 1489 218 1552 cando:
245 1487 382 1569 Spiritus
412 1495 483 1548 tuus
513 1487 609 1549 bonus
633 1488 755 1552 deducet
780 1507 826 1550 me
847 1493 880 1552 in
903 1502 1017 1553 terram
1036 1504 1163 1567 rectam,
1194 1506 1322 1576 propter

107 1609 212 1654 nomen
233 1601 333 1660 tuum,
356 1588 496 1659 Domine,
526 1587 691 1667 vivificabis
713 1607 767 1652 me.
811 1589 844 1650 ln
866 1589 953 1652 Esaia
974 1609 1090 1672 quoquc
1111 1595 1254 1675 scriptum
1275 1597 1320 1657 la-

105 1692 215 1772 gimus:
238 1690 373 1782 Spiritus
396 1687 519 1784 lipnu'ui
540 1707 632 1768 super
654 1707 716 1768 me,
740 1701 908 1770 propterea
935 1697 1027 1758 unnit
1054 1713 1108 1756 ms.
1150 1695 1225 1758 doto
1247 1715 1322 1777 quae

60 1797 63 1805 '
103 1793 191 1856 verbs
207 1792 316 1856 dictum
339 1800 416 1852 erat:
443 1790 498 1852 Vae
519 1790 581 1871 fita
601 1791 779 1854 desertores.
822 1791 903 1860 Haec
924 1795 994 1857 dicit
1014 1795 1175 1860 Dominus:
1200 1797 1322 1865 Fecistis

100 1894 263 1958 consilium
284 1913 346 1956 nan
364 1912 423 1974 per
443 1911 506 1964 me,
536 1904 565 1956 ct
582 1903 689 1971 pacta,
718 1894 771 1956 sed
798 1913 860 1956 nan
887 1915 946 1976 per
966 1895 1115 1977 Spiritum
1141 1918 1251 1972 areum,
1283 1902 1323 1964 ad

96 2006 227 2079 peccata
246 1999 375 2077 peccatis
397 1995 543 2058 addenda.
587 1993 624 2055 Et
646 1993 768 2056 iterum:
800 1997 908 2060 Audite
930 1997 1018 2060 baec:
1041 1998 1110 2062 Nan
1130 2019 1150 2061 a
1167 2006 1321 2085 principio

99 2103 135 2160 in
158 2098 332 2174 abscondito
356 2096 474 2158 loeutus
497 2114 573 2159 suns.
620 2095 692 2158 Cum
712 2096 808 2176 fieret,
831 2097 894 2159 illic
915 2117 1007 2170 eram,
1029 2111 1058 2162 et
1079 2119 1159 2162 nune
1173 2101 1321 2166 Dominus

98 2203 185 2262 misit
205 2218 257 2264 mc.
271 2209 299 2260 et
321 2198 457 2278 Spiritus
479 2200 553 2284 n'us.
598 2195 709 2258 Deinde
730 2197 831 2276 paucis
854 2197 1014 2260 interiectis
1041 2201 1136 2265 addit:
1169 2201 1233 2264 Hoc
1253 2206 1323 2285 soe-

100 2303 160 2364 dus
182 2318 280 2362 mcum
302 2319 367 2361 eum
388 2302 477 2380 rpss's,
508 2299 585 2360 discit
607 2289 771 2370 Domitium
801 2297 934 2377 Spiritus
956 2317 1055 2372 meus,
1084 2308 1136 2384 pui
1160 2314 1204 2365 eat
1230 2309 1262 2367 in
1285 2317 1322 2368 te.
1400 2363 1406 2376 ,

101 2401 141 2462 Et
162 2400 194 2460 in
216 2399 275 2472 his,
297 2417 371 2477 quas
392 2407 570 2480 sequuntur,
600 2415 703 2460 rursus
725 2399 778 2460 ait:
801 2398 870 2460 Non
893 2399 1005 2479 lepatus
1028 2421 1081 2466 nea
1103 2405 1248 2484 dnpeius,
1271 2409 1324 2470 sed

103 2508 171 2583 ipse
192 2500 340 2562 Dominus
364 2505 496 2565 seruauit
518 2519 578 2576 cos,
602 2505 671 2582 quia
693 2499 762 2562 ilios
785 2501 924 2580 diiipebat
945 2514 973 2564 et
990 2498 1063 2586 ipsis
1075 2509 1220 2586 parcebat
1227 2528 1236 2582 ς
1259 2514 1323 2590 ipse

105 2603 234 2666 redemit
255 2619 305 2664 eas
327 2612 355 2664 et
376 2607 518 2666 assumsit
531 2617 607 2678 'cos,
640 2614 668 2664 et
695 2601 821 2665 eleuauit
848 2622 898 2666 eos
927 2610 1042 2692 cunctis
1070 2609 1171 2671 diebus
1199 2611 1322 2674 saeculi.

102 2705 173 2786 ipsi
198 2722 270 2766 acro
300 2717 546 2786 repupuaverunt
574 2715 602 2766 et
635 2705 674 2766 ad
700 2705 889 2768 iracundiam
907 2719 1152 2786 provocaverunt
1173 2709 1324 2791 Spiritum

104 2817 244 2870 sanctum
266 2809 349 2878 eius,
373 2817 400 2869 ct
423 2825 601 2870 conuersum
623 2817 667 2868 eat
689 2810 731 2868 sis
754 2810 786 2867 in
807 2810 1000 2870 inimicitiam.
1044 2807 1122 2871 Haec
1143 2820 1213 2873 sunt
1235 2811 1322 2875 etiam

105 2907 268 2970 Ezechielis
290 2909 392 2970 verba:
421 2908 460 2970 dt
485 2909 594 2972 leuauit
615 2925 660 2970 mc
682 2906 815 2987 Spiritus
837 2909 1019 2989 adducitque
1040 2913 1072 2972 in
1094 2923 1210 2975 terram
1232 2913 1322 2976 ctat-

110 3091 200 3154 naas.
232 3093 295 3143 said
314 3105 466 3158 postoocesn
481 3090 582 3159 ψαλμῷ
601 3093 690 3142 addunt
739 3101 760 3142 et
780 3109 793 3142 a
811 3095 901 3145 Graeco
919 3094 1056 3158 Scripturas
1074 3103 1146 3156 texta,
1164 3099 1187 3146 io
1206 3099 1321 3161 qoaitsat

94 3155 193 3225 iiras,
216 3155 277 3216 nui,
303 3163 366 3226 qaod
387 3179 399 3210 s
418 3161 496 3223 llsplis
515 3177 570 3212 mss.
591 3161 688 3222 Segasa
740 3173 792 3208 mos
812 3169 834 3210 et
852 3162 874 3210 ia
895 3161 949 3222 lies,
962 3162 984 3210 1.
1004 3172 1026 3211 ot
1039 3165 1138 3224 Segosa
1155 3163 1242 3225 legitor
1259 3155 1322 3213 int-

107 3229 206 3282 Gobles.
229 3239 253 3278 st
277 3229 429 3280 rossemanni
446 3231 467 3279 1.
489 3232 563 3280 abest
599 3229 689 3277 ibidem
740 3223 831 3276 στειλε,
866 3226 1028 3280 lasliisrssa
1046 3238 1069 3279 ct
1087 3223 1321 3282 edistaintaeatse.

43 3337 48 3350 .
104 3311 192 3347 omnes
211 3309 269 3345 mss.
286 3296 321 3364 pp}
340 3287 447 3364 εὐθείᾳ,
467 3298 506 3346 obi
525 3296 581 3346 editi
599 3293 631 3361 cpi
650 3287 693 3344 sb·
773 3296 795 3344 h.
815 3289 1103 3357 uegsaaihnaaan.
1129 3299 1195 3350 ldens
1214 3302 1321 3352 mosba-

102 3365 170 3426 θείᾳ
194 3372 219 3413 at
247 3369 309 3428 spad
334 3353 399 3415 Lxlls
426 3366 518 3427 legitor.
562 3364 689 3427 Sequentia
712 3409 716 3417 ,
739 3364 779 3412 bet
796 3354 862 3422 αὕτη
880 3354 954 3411 iaris
972 3355 986 3423 ἦ
1005 3355 1066 3431 stap'
1086 3357 1219 3431 ipocrisis.
1246 3368 1320 3418 Paulo

101 3433 178 3484 verba
196 3445 273 3498 psqae
291 3433 320 3482 sd
338 3425 425 3492 ζήσεις
440 3445 475 3498 με
492 3433 578 3483 desunt
589 3432 611 3480 in
625 3431 692 3486 Gan:
738 3439 794 3494 post
812 3431 867 3494 fleg.
879 3431 900 3481 1.
918 3431 1017 3494 Segosa
1036 3433 1132 3484 Gobles.
1151 3435 1286 3488 etislclsns.
1299 3437 1321 3486 l.

103 3501 200 3551 loriano
219 3499 388 3550 eliciebat.
424 3501 487 3550 llaec
505 3500 585 3550 ultime
604 3491 690 3558 inistis
742 3507 764 3547 at
783 3500 886 3550 Graecas
905 3499 1042 3564 Scripturas
1065 3510 1141 3552 textus
1166 3495 1197 3550 rb
1215 3502 1323 3571 saraipta

102 3583 140 3636 με
161 3575 253 3618 enatam
271 3575 360 3618 tantam
379 3570 402 3618 io
422 3569 477 3631 llog.
494 3569 515 3618 l.
533 3577 556 3618 et
574 3567 672 3630 Scfluer.
741 3559 772 3613 τὸ
790 3557 857 3633 ἐμὸν
875 3557 889 3614 ὅ
907 3557 982 3616 ἔστιν
998 3561 1042 3616 ἐπὶ
1061 3565 1167 3620 caieta
1203 3571 1280 3622 Ceteri
1299 3581 1324 3622 et

140 3637 160 3686 i.
181 3630 335 3701 pipponem
362 3636 430 3686 deest
456 3637 479 3685 ia
506 3635 650 3686 Goblerisao
668 3642 691 3684 st
742 3635 798 3684 editi
816 3625 831 3682 ὅ
849 3637 968 3686 omittant.
1004 3637 1062 3688 lbid.
1082 3638 1179 3689 Goblcr.
1202 3633 1248 3688 nai
1273 3633 1323 3688 nai·

102 3705 214 3754 Felsina.
229 3705 249 3752 1.
285 3703 328 3753 lid.
342 3705 453 3755 amittant
469 3695 572 3782 ἐλέγετο
591 3697 620 3752 di
637 3695 690 3768 πρὸ
740 3698 798 3750 itu·
816 3694 848 3752 οὐ
864 3695 981 3768 πρεσρὐς
998 3714 1041 3755 etc.

104 3765 217 3826 τούτου,
238 3772 304 3822 coins
324 3771 376 3821 loco
396 3771 616 3834 past.nnclssbant
640 3772 692 3819 llos
776 3772 792 3819 i.
810 3771 849 3820 Sic
868 3773 922 3833 ling.
936 3772 1323 3833 l.Sagncr.Gobler.lielakm.l.

101 3833 156 3889 καί
178 3828 333 3888 octaedri
353 3832 419 3905 ἐμοῦ
444 3848 467 3889 ct
493 3829 524 3886 οὗ
543 3831 593 3885 διὰ
615 3830 692 3886 πνεύ-
743 3847 766 3888 et
776 3841 880 3889 Graecus
890 3839 1027 3902 Scripturas
1045 3848 1127 3892 textas.
1163 3843 1208 3892 atti
1226 3851 1249 3893 et
1266 3844 1323 3895 aditi
1386 3881 1389 3892 .

100 3898 197 3974 ματός
212 3919 267 3972 μου
285 3908 375 3958 addant
392 3908 481 3970 duplic.
499 3906 570 3956 Bssil.
588 3907 692 3956 isicium.
742 3907 854 3956 amittant
877 3900 922 3954 nai
948 3897 1075 3970 ἀνέλαβεν
1104 3899 1208 3963 αὐτούς.
1248 3911 1323 3962 Ptolo

103 3977 129 4026 2.
151 3983 175 4026 et
193 3975 257 4024 editi.
293 3976 352 4024 llsid.
371 3975 428 4036 lies.
447 3975 470 4026 2.
488 3965 521 4022 δι’
541 3966 596 4039 tpt.
742 3983 798 4036 post
816 3975 886 4024 iidem
904 3967 936 4021 rb
954 3963 1034 4038 ἅγιον
1052 3967 1143 4028 abaci.
1178 3980 1211 4028 ib
1229 3979 1283 4030 aliis
1300 3989 1325 4030 st

140 4043 451 4106 astoricensissine
472 4041 693 4093 stGrsscnsScri-
743 4042 877 4092 editicios
903 4033 1080 4094 obsedebant.
1115 4045 1206 4096 lbidam
1224 4047 1279 4112 llsp.
1299 4048 1323 4098 2.

103 4119 195 4177 ploras
212 4118 298 4160 textos.
325 4105 543 4178 Editis‘cpapriar.
576 4109 692 4170 blanden.
743 4099 909 4175 ἀνεστράφη.

107 4180 131 4228 1.
152 4179 252 4240 Segasa
276 4179 373 4229 Gobler.
402 4181 507 4229 Fclcltm.
526 4177 546 4227 1.
566 4177 644 4226 ottob.
669 4182 694 4224 et
777 4177 1086 4240 l.Sicllcg.l.etScsnas.
1121 4181 1147 4230 lo
1166 4180 1263 4232 Gobler.
1281 4195 1324 4230 sa-

103 4245 445 4310 testasScripturosGrseeas
454 4237 586 4294 ἀκούσατε
599 4241 691 4292 sarira.
742 4252 789 4294 teat
808 4245 944 4296 atiolclsns.
957 4247 978 4297 1,
996 4239 1042 4295 nai
1055 4237 1183 4314 Ἰεζεχιὴλ.
1212 4239 1324 4322 raisind-

103 4315 187 4364 Cetsri
206 4322 230 4363 et
256 4315 312 4364 editi
336 4306 469 4363 decianas
492 4306 581 4364 πάντα
599 4310 692 4362 ταῦτα.
742 4307 775 4359 λα
794 4325 805 4360 a
823 4320 868 4362 etc,
908 4315 952 4364 liii
977 4324 1000 4365 et
1025 4315 1082 4366 aditi
1106 4311 1152 4364 καὶ
1181 4306 1195 4362 ὁ
1224 4307 1324 4376 ἐζεχιηλ

103 4381 159 4431 lton
187 4383 243 4430 itant
275 4373 341 4447 ὑμῖν
373 4391 428 4447 post
453 4375 579 4440 λελάληιέα
605 4382 695 4431 addant
744 4391 814 4428 aurat
832 4375 955 4446 bipertita.
991 4379 1323 4433 seruabituaselctma.

104 4449 174 4511 editi,
192 4450 235 4500 ssd
253 4451 322 4502 abest
339 4467 353 4500 a
371 4465 430 4502 cass.
448 4451 527 4514 Regiis
545 4451 650 4514 usna.
669 4456 695 4499 nt
744 4439 873 4514 ἀνήγαγε.
910 4451 961 4500 llos
986 4451 1042 4501 item
1067 4450 1131 4512 liegii
1158 4460 1215 4495 mss.
1239 4453 1263 4496 st
1279 4445 1325 4498 Se·

239 4533 252 4562 Ο
