3176 5058
427 341 574 386 sntsrom
588 339 627 384 ne
643 340 784 384 necessus
800 339 944 384 nicasius
961 340 1077 385 sunem.
1323 331 1364 394 59

134 515 205 566 mim
226 496 428 575 proteruntur,
451 493 501 554 bis
524 491 663 564 indicant,
685 491 791 570 quibus
815 509 901 554 aures
925 511 1015 554 sanae
1038 500 1068 554 et
1088 492 1221 572 integrae
1244 503 1314 555 sunt
1335 495 1365 556 in
1375 511 1450 554 ιιιιι.

134 598 258 678 pietate.
301 596 333 657 ld
363 613 438 657 sano
466 603 496 654 et
523 593 576 656 tibi
598 593 744 674 inspicere
766 602 795 654 ct
817 593 963 674 imperitis
986 593 1043 655 illis
1065 593 1134 655 licet
1155 593 1265 656 audire.
1311 596 1365 657 Ni·

135 699 246 760 mirum
276 716 369 776 supra
397 703 550 757 ostensum
580 703 626 756 est
647 713 783 774 vereque·
796 694 940 767 creditur,
970 695 1095 758 Verbum
1119 713 1187 756 esse
1209 715 1244 756 ex
1266 697 1365 771 Patre,

136 799 269 878 illudque
299 797 398 860 solum
426 797 578 876 propitium
606 795 671 858 eius
701 805 731 856 et
759 805 862 858 natura
892 797 982 858 letum
1010 816 1086 857 esse.
1131 797 1173 857 Ex
1203 816 1262 876 quo
1286 800 1364 860 euim

137 901 197 962 alio
220 899 339 971 Filium,
361 898 412 976 qui
434 907 464 958 et
485 897 629 976 sapientia
650 906 697 958 est
718 906 748 958 et
770 897 909 970 Verbum,
933 897 963 958 in
985 917 1042 976 quo
1066 897 1163 960 omnia
1186 907 1257 960 sunt
1280 902 1363 974 lacta,

141 1019 228 1080 quam
253 1017 290 1060 ex
310 999 372 1060 lleo
395 1015 463 1060 esse
484 997 605 1076 intelligi
628 996 741 1076 queat?
784 997 892 1058 Verum
916 997 985 1058 illud
1007 1017 1122 1076 quoque
1144 1019 1179 1060 ex
1201 1001 1362 1080 Scripturis

141 1099 310 1162 didicimus.
352 1099 441 1160 Pater
462 1099 540 1160 enim
561 1117 616 1180 per
637 1098 727 1160 Dauid
751 1099 836 1160 dicit:
865 1099 1025 1160 Eructavit
1049 1117 1102 1160 cor
1123 1119 1217 1161 meam
1240 1103 1364 1166 verdum

140 1204 261 1274 bonum,
285 1210 328 1262 et:
350 1200 399 1262 tte
419 1211 506 1262 utero
528 1212 599 1262 cote
622 1201 784 1280 lucr'serttm
804 1205 898 1280 penui
917 1211 955 1262 te.
999 1199 1091 1260 titius
1113 1199 1181 1260 item
1205 1201 1240 1262 de
1263 1204 1362 1283 seipse
1393 1255 1399 1268 .

138 1303 179 1365 ita
202 1303 239 1364 ad
262 1301 388 1364 ludaeos
410 1301 556 1380 loquitur:
579 1301 617 1363 Si
637 1302 719 1364 Deos
739 1313 830 1382 poter
853 1311 953 1364 vester
975 1311 1062 1372 esset,
1086 1301 1249 1380 diligeretis
1265 1307 1365 1382 otr'poe

140 1424 196 1466 me.
242 1403 304 1482 Epo
334 1407 411 1466 enim
438 1421 477 1464 em
497 1403 591 1465 Putre
615 1407 710 1479 ccclvi,
745 1413 775 1465 et
806 1403 929 1465 iterum:
965 1401 1033 1464 Noa
1056 1406 1125 1483 puio
1147 1401 1268 1464 Putrem
1291 1405 1365 1464 uidit

140 1509 310 1586 perbonam,
333 1508 396 1566 nt'sr'
414 1508 468 1586 pul
488 1517 533 1568 est
556 1523 575 1564 c
598 1503 676 1576 Deo,
701 1505 746 1568 bic
768 1507 843 1569 or'de't
865 1503 996 1568 Patrem.
1043 1503 1114 1565 ltem
1138 1503 1224 1565 illud:
1253 1503 1314 1582 Epo
1337 1514 1365 1565 et

89 1629 94 1636 ·
137 1607 230 1668 Pater
256 1625 352 1666 ιιιιιιιιι
380 1623 501 1676 sumes,
531 1611 575 1665 et:
603 1605 665 1684 Epo
696 1610 729 1666 ιἰι
752 1605 842 1668 Putre
864 1617 893 1668 et
915 1605 1006 1668 Peter
1027 1611 1060 1667 ιἰι
1080 1625 1140 1676 me,
1164 1605 1241 1665 idem
1265 1616 1312 1666 est
1332 1624 1366 1666 ac

136 1708 160 1768 si
184 1707 312 1768 diceret:
335 1705 398 1784 Ego
423 1725 458 1766 ex
472 1705 560 1766 Patre
582 1725 648 1766 sum
671 1707 783 1767 neceb
806 1725 842 1767 oo
864 1725 989 1786 possum
1005 1706 1105 1768 dividi.
1139 1706 1266 1768 loannes
1286 1725 1363 1785 quo-

133 1827 191 1888 que
214 1807 300 1870 dicit:
335 1806 512 1887 Unr'peoittcs
536 1806 649 1878 Filius,
678 1811 730 1887 pol
752 1818 797 1868 est
820 1811 852 1870 ιἰι
874 1813 945 1870 sinc
966 1807 1085 1877 Petris,
1109 1811 1172 1888 lpse
1194 1813 1364 1869 cnorrcor't.

133 1909 256 1970 Scilicet
276 1907 351 1968 baec
371 1909 437 1987 ipse
460 1907 644 1970 aSalratore
666 1907 815 1970 didicerat.
859 1909 932 1970 Nam
954 1907 1023 1988 quid
1046 1907 1124 1970 aliud
1146 1907 1217 1968 illutl
1241 1914 1271 1970 ιἰι
1294 1913 1364 1970 ιιίιιι

136 2009 293 2090 significat,
317 2027 404 2088 quam
426 2027 525 2071 veram
546 2008 612 2070 Filii
634 2029 669 2071 ex
691 2009 777 2070 Patro
800 2007 1044 2088 generationem?

222 2316 274 2377 22.
320 2312 352 2374 Si
380 2313 447 2392 quis
470 2331 542 2392 ergo
564 2313 659 2374 Deum
682 2312 880 2390 compositum
903 2329 969 2372 esse
994 2310 1158 2383 existimat,
1181 2319 1215 2371 ut
1236 2311 1266 2371 in
1290 2311 1363 2370 sub-

132 2413 246 2476 stantia
275 2413 426 2488 accidens,
456 2414 564 2476 velita
587 2423 618 2476 ut
640 2415 768 2493 aliquem
792 2411 975 2472 extrinsecus
997 2410 1135 2470 amictum
1158 2410 1278 2484 habeat,
1306 2430 1365 2488 quo

135 2523 334 2592 contegatur,
366 2522 418 2575 aut
448 2517 590 2596 quaedam
625 2517 736 2577 circum
764 2533 832 2575 enm
862 2512 939 2584 sint,
974 2530 1049 2590 quae
1079 2511 1140 2573 eius
1169 2511 1364 2572 substantiam

135 2614 321 2695 compleant,
351 2615 424 2676 adeo
451 2624 483 2678 ut
505 2636 572 2678 cum
593 2617 685 2680 Deum
709 2616 833 2676 dicimus
857 2613 902 2674 vel
923 2612 1042 2674 Patrem
1065 2613 1269 2685 nominamus,
1303 2631 1363 2674 non

133 2717 201 2778 cius
224 2717 430 2792 substantiam,
454 2737 530 2798 quae
553 2737 607 2779 nec
627 2718 718 2779 videri
741 2736 796 2778 nec
818 2712 1028 2794 comprehendi
1049 2721 1158 2792 potest,
1181 2715 1233 2776 sed
1256 2713 1363 2792 aliquid

136 2835 254 2890 corum,
277 2837 351 2895 queo
374 2819 484 2880 circum
507 2819 602 2897 ipsam
624 2827 710 2892 seint,
734 2819 949 2898 significemus3
978 2814 1128 2894 Synodum
1150 2834 1205 2894 per
1227 2835 1274 2876 me
1297 2815 1365 2876 licet

138 2917 297 2986 incusant,
319 2935 393 2994 quae
414 2917 468 2977 liei
491 2917 598 2977 Filium
620 2937 654 2978 ex
676 2919 739 2980 eius
762 2917 926 2980 substantia
949 2935 1018 2978 esse
1041 2915 1203 2994 scripserit.
1248 2915 1360 2978 Intelli-

141 3022 217 3093 gant
242 3023 357 3088 tamen,
385 3035 419 3075 se
440 3016 481 3076 ita
503 3015 657 3076 sentiendo
681 3017 824 3096 duplicem
847 3018 1027 3096 impietatem
1049 3017 1244 3079 committere.
1289 3017 1362 3076 Nam

139 3113 290 3196 quendam
312 3115 406 3176 Deum
428 3133 606 3194 corporeum
627 3116 776 3188 inducunt,
799 3125 829 3178 et
848 3117 1005 3179 Dominum
1027 3137 1088 3180 non
1111 3117 1158 3178 sui
1181 3117 1287 3186 Patris,
1311 3117 1363 3178 sed

135 3235 252 3290 rerum,
276 3235 350 3296 quac
374 3214 485 3278 circum
507 3215 605 3296 ipsum
628 3225 706 3290 sunt,
729 3217 821 3278 lilium
845 3237 911 3279 esse
932 3219 1124 3282 mentiuntur.
1169 3217 1226 3278 Sed
1243 3217 1269 3276 si
1286 3215 1363 3278 Deus

134 3317 249 3399 aliquid
272 3317 397 3398 simplex
419 3327 484 3392 est,
509 3317 551 3378 uti
570 3337 672 3380 revera
696 3327 757 3392 est,
780 3317 871 3398 liquet
892 3319 963 3382 nibil
985 3340 1061 3394 nos,
1091 3318 1169 3399 quod
1192 3317 1278 3380 veluti
1302 3319 1361 3378 cir-

132 3441 205 3484 cum
230 3421 324 3500 ipsum
348 3420 404 3493 sit,
427 3404 598 3492 nominare,
621 3439 687 3482 cum
708 3419 800 3482 [lenm
824 3420 949 3482 dicimus
972 3429 1001 3482 et
1023 3422 1143 3482 Patrem
1163 3419 1361 3492 nominamus,

132 3523 190 3585 sed
222 3519 316 3598 ipsam
346 3522 411 3581 eius
437 3521 633 3583 substantiam
663 3521 838 3602 significare.
885 3521 1027 3594 Quamvis
1050 3525 1127 3585 enim
1151 3521 1360 3601 comprehendi

132 3641 197 3684 non
221 3620 336 3700 possit,
358 3617 427 3702 quid
451 3623 566 3684 andem
590 3623 630 3684 sit
650 3623 703 3684 [tei
726 3623 908 3696 substantia,
932 3632 1060 3684 attamen
1084 3625 1109 3685 si
1133 3623 1230 3685 solum
1252 3623 1358 3684 intelli·

130 3741 240 3805 gamus
263 3722 356 3784 Deum
378 3743 455 3798 esse,
478 3743 603 3804 cumque
626 3725 778 3805 Scriptura
802 3724 883 3786 illum
906 3724 1076 3786 huiusmodi
1100 3724 1220 3786 vocibus
1242 3722 1361 3798 indicet,

127 3827 177 3888 sic
200 3843 261 3886 nos
285 3823 373 3885 etiam
395 3845 461 3886 cum
481 3825 575 3887 Deum
597 3834 627 3886 et
648 3826 765 3890 Patrem
788 3833 819 3886 et
839 3825 997 3886 Dominum
1020 3825 1162 3898 dicimus,
1192 3843 1252 3884 non
1274 3824 1360 3886 alium

125 3929 273 4010 prolecto
301 3925 427 4006 aliquem
455 3945 542 4006 quam
569 3926 666 4007 ipsum
690 3929 787 3988 solum
809 3925 944 3986 volumus
967 3925 1135 4005 significari.
1180 3924 1251 3986 Com
1273 3925 1362 4004 igitur

124 4029 216 4094 dicit:
241 4025 306 4105 Epo
328 4045 395 4088 aum
417 4031 469 4108 pati
489 4048 572 4098 som,
596 4037 638 4088 et:
662 4027 723 4107 Epo
747 4027 984 4089 snmbomr'ous
1006 4026 1105 4102 neos,
1129 4045 1163 4087 ac
1185 4025 1360 4105 ubicumque
1370 4049 1446 4096 ona.

122 4131 288 4212 Scriptura
317 4127 388 4189 dicit
409 4128 507 4202 Deus,
539 4147 606 4188 cum
634 4145 691 4187 nos
720 4127 777 4188 ista
805 4127 945 4207 legimus,
974 4126 1047 4187 nibil
1070 4126 1148 4188 aliud
1168 4125 1359 4204 intelligimus

122 4227 304 4316 significati,
328 4246 416 4307 quam
438 4227 532 4306 ipsam
555 4229 620 4290 eius
640 4227 916 4308 incomprehensam
939 4227 1143 4302 substantiam,
1167 4235 1196 4289 et
1218 4227 1296 4307 quod
1312 4227 1360 4286 ille

121 4338 172 4412 sit,
197 4347 292 4414 quem
317 4347 387 4390 esse
409 4336 564 4390 testantur.
607 4329 700 4391 Nemo
724 4329 813 4410 igitur
837 4329 1038 4410 obstupescat.
1061 4349 1128 4392 cum
1150 4329 1232 4391 audit
1253 4327 1360 4388 Filium

158 4507 180 4540 ιι.
202 4487 245 4537 Sic
264 4483 325 4543 lleg.
339 4489 376 4558 'nt
400 4489 429 4560 ⁰².
448 4481 535 4543 legitur
552 4481 617 4531 loen.
636 4481 661 4545 d,
679 4481 720 4532 lb.
807 4483 830 4532 b.
849 4483 889 4532 Sic
900 4483 956 4560 lter:
982 4482 1050 4560 'Editi
1069 4497 1124 4532 raro
1144 4490 1168 4530 et
1185 4480 1225 4530 elii
1243 4467 1354 4541 πατρός·

120 4557 170 4610 Alii
190 4562 215 4606 et
233 4552 296 4604 editt
315 4561 365 4596 τον
382 4555 502 4599 cmtltttul.
807 4567 828 4600 c.
847 4550 903 4613 lieg.
922 4563 1015 4598 antor.
