3176 5058
419 287 562 332 sersaoni
578 287 616 329 on
630 283 773 330 nscssrrs
790 285 933 332 morsare
949 287 1067 332 sruoor.
1319 277 1358 340 73

132 443 216 508 sons
239 439 325 504 huus
348 447 467 502 nesure
489 435 666 500 delectionis
683 445 768 518 pater
784 445 811 498 et
828 445 932 498 auctor
946 438 1051 513 extitit,
1074 439 1220 520 vobisque
1234 445 1446 523 primumnraa.

130 543 312 624 impietatem
335 541 411 604 hanc
434 537 639 612 insufflavit,
669 558 703 600 ac
723 537 812 602 etiam
834 557 914 602 auno
935 540 1056 614 suadet,
1087 549 1120 602 ut
1141 546 1361 608 oecumenicam

131 648 284 728 Spnodum
305 641 417 706 reatris
438 640 601 704 maledictis
624 640 820 716 insectemini,
847 641 915 720 qnia
938 641 1072 704 videlicet
1093 661 1153 704 noo
1177 655 1284 722 vesus,
1308 648 1362 710 sed

131 751 180 814 itta
202 743 368 816 definierit,
398 761 473 822 quae
495 741 531 804 ab
552 743 638 804 initio
662 743 809 804 tradidere
831 751 923 804 testes
947 744 1069 819 cerdati,
1102 747 1152 826 qui
1180 755 1209 808 et
1231 749 1361 812 ministri

130 850 223 912 Verbi
245 849 341 910 luere.
384 843 458 906 Nam
480 844 564 916 fides,
588 861 675 923 quam
691 845 825 924 Synodus
844 845 954 924 scripto
976 847 1111 910 couiessa
1134 857 1189 924 est,
1211 849 1276 930 ipsa
1291 869 1360 913 rere

133 959 182 1012 est
203 946 370 1010 Catholicae
391 945 549 1018 Ecclesiae,
573 963 660 1024 quam
681 953 717 1008 ut
737 953 898 1022 tuerentur,
920 947 1030 1026 placuit
1049 948 1142 1012 beatis
1164 950 1301 1014 Patribus
1319 955 1360 1016 ita

136 1049 269 1112 scrihere
291 1049 485 1128 arianumque
514 1047 661 1110 haeresim
689 1047 895 1110 condemnare.
939 1049 1015 1112 Hinc
1041 1049 1082 1111 illi
1110 1051 1298 1130 potissimum
1320 1055 1359 1118 oh

134 1153 213 1214 hano
233 1169 352 1214 mnsam
374 1149 525 1230 synodum
547 1148 717 1211 calumniari
738 1159 891 1214 conantur.
934 1149 1007 1212 Naro
1030 1169 1091 1212 non
1112 1161 1170 1214 tarn
1190 1153 1360 1220 huiusmodi

134 1252 317 1318 dictionibus
339 1252 514 1325 uariantur,
537 1269 624 1332 quam
647 1252 727 1331 quod
749 1252 818 1314 inde
841 1252 968 1314 convicti
995 1260 1146 1314 suntuna
1168 1255 1265 1318 solum
1287 1258 1359 1320 hae·

133 1355 219 1418 retici
242 1373 319 1427 esse,
342 1353 395 1416 aad
416 1352 481 1414 aliis
505 1353 593 1416 etiarn
615 1353 774 1416 haereticis
797 1353 980 1444 audaciores.

217 1459 269 1546 28.
313 1456 414 1535 ltaqrw
436 1473 503 1517 curn
525 1473 594 1516 snas
617 1453 681 1516 illas
704 1455 824 1518 voculas
848 1455 945 1518 iuh'les
961 1473 1027 1518 esse
1043 1463 1114 1516 tunc
1127 1467 1251 1536 pateret,
1275 1478 1359 1522 orru-

131 1577 188 1640 que
211 1566 268 1619 tant
289 1557 373 1620 facile
396 1574 499 1618 eornm
520 1557 658 1638 impietas
675 1575 796 1636 semper
816 1557 1050 1631 convinceretur,
1074 1576 1177 1620 rocem
1192 1550 1357 1643 ἀγενήτου,

128 1660 158 1722 id
181 1668 228 1722 est
249 1657 426 1731 non-lacti,
455 1677 472 1718 a
494 1657 615 1720 Graecis
638 1677 692 1720 seu
714 1659 879 1721 Gentilibus
901 1667 971 1722 suut
993 1659 1095 1722 mutati
1103 1707 1111 1732 ‚
1135 1669 1167 1722 ut
1187 1661 1443 1724 huiusmodiraar.
1538 1643 1549 1664 ⁸

127 1762 220 1824 innixi
241 1759 385 1823 vocabulo
407 1777 515 1822 rursus
538 1760 614 1821 inter
638 1778 688 1821 res
710 1761 802 1822 lactas
825 1769 938 1823 creatas
960 1761 1013 1822 oet
1036 1759 1179 1836 Verbum,
1201 1781 1256 1842 per
1276 1764 1358 1844 quod

128 1881 180 1924 res
202 1863 287 1941 ipsae
307 1863 399 1924 lactas
420 1870 506 1936 arant,
530 1871 736 1936 numerarent;
760 1871 839 1924 tanta
862 1881 966 1925 eorum
989 1863 1085 1925 estin
1107 1865 1227 1944 propria
1250 1865 1357 1946 impie-

130 1971 190 2026 tate
213 1963 373 2038 asseronda
393 1962 590 2043 impudentia,
617 1971 734 2026 tentare
762 1964 922 2042 pertinacia
948 1965 980 2026 in
1001 1965 1193 2044 blasphemiis
1215 1967 1358 2029 adversus

130 2063 291 2126 Dominum
312 2063 510 2144 proferendis.
556 2063 589 2126 Si
623 2063 713 2143 igitur
735 2071 844 2124 tautanr
866 2081 938 2143 prae
960 2083 993 2125 se
1015 2067 1113 2126 tonant
1134 2065 1357 2145 impudentiam.

128 2166 196 2246 quia
218 2163 308 2228 huius
331 2165 413 2228 nocis
436 2165 683 2246 significationem
706 2163 853 2243 ignorant,
877 2183 948 2226 sane
969 2164 999 2225 id
1022 2165 1058 2228 ah
1080 2167 1128 2227 his
1152 2167 1235 2246 ipsis,
1258 2167 1357 2246 aqui-

126 2268 184 2330 hus
213 2285 278 2329 eam
306 2285 463 2348 accepere,
494 2266 686 2328 ediscendum
717 2274 790 2326 erat.
834 2265 871 2328 lli
900 2283 1007 2346 nempe
1034 2274 1180 2338 mentem,
1214 2285 1301 2344 quam
1323 2285 1359 2328 er

126 2369 220 2444 hono,
244 2376 275 2429 et
295 2369 433 2441 animam,
453 2387 543 2447 quarn
564 2387 599 2430 ox
622 2375 722 2429 mente
745 2385 813 2428 esse
835 2367 933 2440 aiunt,
956 2367 1090 2445 quamvis
1112 2367 1192 2427 undc
1213 2367 1279 2428 illae
1300 2366 1360 2430 siut

130 2469 176 2530 eis
198 2487 261 2530 non
282 2468 386 2540 lateat,
415 2477 512 2530 umen
533 2470 719 2532 non-iactos
741 2467 840 2530 dicere
863 2465 935 2529 nihil
957 2477 1028 2528 stant
1049 2465 1148 2540 veriti,
1181 2485 1243 2528 nou
1264 2468 1357 2548 ignari

131 2568 256 2642 sedicet,
280 2587 314 2630 se
335 2567 393 2632 hoc
414 2571 555 2633 uocabulo
576 2571 648 2634 nihil
670 2571 826 2652 deprimo
849 2568 1013 2650 principio,
1036 2587 1071 2632 ex
1093 2588 1152 2648 quo
1173 2569 1256 2649 ipsae
1278 2589 1355 2650 quo-

129 2689 189 2752 que
211 2678 329 2734 exortae
351 2681 437 2746 sunl,
464 2673 630 2735 detrahere.
674 2673 716 2735 lta
743 2673 860 2754 inquam
889 2673 957 2734 illos
980 2689 1099 2752 quoque
1120 2671 1200 2750 loqui
1224 2671 1353 2747 decehat,

130 2779 182 2835 ant
203 2779 282 2834 certe
303 2771 386 2834 nullo
409 2774 498 2835 modo
521 2775 558 2834 de
580 2774 638 2845 his,
660 2793 733 2853 quae
755 2774 903 2854 ignorant,
926 2773 1086 2836 disserere.
1131 2773 1218 2845 Quod
1240 2773 1357 2853 siquid

131 2872 207 2932 hacc
226 2889 284 2932 rox
307 2871 462 2950 significet,
485 2893 519 2934 ae
541 2873 703 2952 intelligere
725 2883 838 2952 putant,
860 2891 983 2938 ueoesse
1006 2873 1127 2936 omnino
1144 2884 1199 2948 est,
1222 2885 1254 2937 ut
1273 2875 1356 2956 ipsos

134 2971 374 3048 inoenogemus,
397 2971 523 3032 maxime
543 2989 611 3031 cum
633 2991 667 3032 ea
688 2991 724 3034 ex
745 2973 850 3036 divinis
872 2975 978 3036 litteris
1000 2993 1060 3036 non
1083 2976 1123 3036 sit
1143 2975 1280 3049 collecta,
1303 2976 1357 3036 sed

134 3069 217 3132 nulla
239 3067 281 3130 illi
304 3068 474 3146 Scripturae
495 3069 667 3132 auctoritate
689 3071 752 3134 lulli
773 3091 828 3152 pro
850 3075 915 3154 ipsa
936 3084 1075 3154 pugnent.
1119 3077 1276 3138 Enirnrero
1302 3093 1357 3154 ego

134 3171 256 3252 quidem
277 3171 441 3232 memorari
449 3217 457 3247 ‚
484 3189 542 3252 qua
570 3171 607 3233 de
637 3189 724 3234 causa
746 3191 840 3252 qarove
861 3191 953 3240 seusu
974 3175 1108 3258 synodus
1131 3177 1184 3240 has
1207 3195 1296 3238 voces
1320 3194 1358 3238 en

132 3274 308 3337 rodatoatr‘o
329 3281 361 3334 et
384 3273 651 3338 consubstantialia
673 3283 871 3354 congruenter
889 3275 952 3353 hie,
983 3297 1057 3359 quae
1079 3297 1114 3342 ex
1136 3277 1297 3359 scripturis
1320 3275 1357 3340 de

131 3420 240 3506 8⁰⁸¹?ss
258 3439 307 3506 roo
326 3417 395 3492 appr}
413 3426 554 3506 yiyrorto.
575 3417 623 3508 03³1ae
641 3419 676 3476 ἃν
692 3422 722 3506 ἐξ
770 3433 820 3493 fieri
838 3447 909 3492 omne,
930 3435 993 3498 qood
1008 3437 1041 3497 fit,
1063 3435 1137 3497 iprum
1155 3440 1229 3484 mrtem
1247 3449 1276 3483 rc
1291 3433 1355 3484 oolla

132 3488 721 3644 tettttttttlaitt‘lcl..tt‘tgtt
768 3501 880 3630 titt}
892 3504 1357 3634 ,ttttttt’'ttltlttttltttlt

132 3641 189 3678 rna.
228 3627 255 3678 Et
280 3631 362 3694 paucis
387 3631 533 3680 interiectis:
559 3623 583 3680 εἶ
605 3627 625 3679 d
660 3645 719 3681 sorr
769 3642 810 3695 ert,
838 3652 880 3686 rrec
906 3639 967 3686 idem
983 3651 1053 3701 pom
1072 3637 1186 3699 corrumpi
1203 3653 1295 3687 necesse
1313 3643 1355 3686 est.

132 3694 215 3746 τοῦτο
234 3687 321 3752 οὕτως
337 3690 411 3763 ἔχων,
429 3692 467 3764 μὴ
487 3690 551 3746 cii-lo
570 3687 716 3750 arslrorrd
768 3703 955 3768 Etpaulopost:
973 3703 1077 3754 Parrasi
1091 3703 1356 3754 domaerlalioderrr

132 3755 200 3814 αὐτὸ
219 3757 285 3812 αὑτὸ
303 3757 544 3832 κινοῦνῆψυχὴν·
563 3757 718 3833 ἒξϊὶνιίγκης
768 3773 807 3831 id,
836 3773 899 3836 quod
922 3773 1024 3834 reipsum
1041 3777 1127 3830 moret,
1156 3785 1224 3836 poam
1246 3772 1354 3830 calmum,

131 3823 268 3897 ἇγένητόν
284 3845 312 3882 τε
326 3825 372 3880 καὶ
382 3823 525 3881 ἀθάνατον
536 3829 610 3900 ψυχὴ
621 3827 655 3883 ἂν
666 3829 715 3896 εἴη.
770 3853 862 3888 narrare
879 3843 981 3902 profecto
999 3838 1071 3902 suerit
1089 3839 1188 3886 animum
1207 3853 1257 3886 rrae
1266 3843 1286 3887 et
1297 3851 1356 3906 noo-

132 3901 158 3950 ld
178 3907 229 3950 este
249 3901 329 3950 dalaia
345 3904 421 3952 aalma
439 3905 626 3955 ertimmortolta.
653 3907 718 3962 Quod
769 3908 853 3968 [ortam
871 3913 893 3954 et
910 3904 1069 3954 maceratam.
1098 3903 1356 3965 ltacteonrl’tato,qoi

132 3970 192 4019 eoin
211 3981 298 4031 seroper
315 3975 424 4030 moretur,
443 3973 570 4021 immortale
589 3978 637 4033 ert,·
656 3975 717 4036 quod
770 3973 864 4022 runaut
892 3973 939 4022 hoc
962 3973 987 4020 in
1013 3971 1067 4020 loco
1092 3971 1195 4020 animaru
1213 3976 1356 4038 coa-[oetam

132 4041 208 4086 autem
224 4041 299 4084 moret
317 4036 450 4087 olindelad
462 4037 509 4087 olio
523 4045 631 4100 ororetur,
644 4055 717 4104 quao—
769 4053 824 4089 ersa
842 4039 938 4098 asserit,
957 4037 1014 4087 alchi
1032 4045 1121 4096 tamen,
1141 4037 1163 4087 in
1175 4038 1271 4089 Timaeo
1290 4037 1355 4086 ride-

132 4103 257 4168 dopur'deor
273 4104 340 4166 fissas
358 4105 424 4155 latet
441 4111 531 4166 motor,
550 4108 610 4156 ritae
627 4119 717 4170 qnoque
770 4105 835 4165 licet,
854 4119 866 4154 a
885 4117 981 4154 sommo
992 4103 1042 4153 ileo
1061 4111 1166 4154 creatam
1177 4106 1252 4156 luisse
1265 4105 1355 4154 diserte

130 4173 199 4235 ficara
215 4171 291 4220 lohet.
327 4171 405 4222 Solum
422 4174 495 4233 ipitor
511 4173 579 4234 illud,
600 4175 661 4238 quod
679 4189 717 4222 re·
771 4173 850 4223 docet.
1031 4227 1032 4234 p

129 4239 207 4302 ipram
223 4244 303 4299 moret,
324 4240 379 4304 quic
396 4242 496 4304 reipsum
513 4255 560 4290 ooo
577 4241 669 4300 deserit,
689 4255 717 4289 oe
803 4237 1093 4301 esternacensi.
1130 4239 1157 4291 ht
1175 4239 1247 4290 editio
1261 4237 1354 4286 Comun.

129 4307 217 4356 moseri
234 4305 326 4370 quidm
342 4321 444 4371 sapum
462 4307 563 4368 desierim
581 4307 717 4372 quinetiam
768 4297 838 4354 adro
856 4296 908 4356 dre.
1288 4365 1293 4376 ¹

131 4373 221 4434 catena,
241 4387 287 4438 ooo
303 4381 428 4434 moratur,
448 4376 485 4425 tric
502 4378 571 4439 soar,
590 4377 633 4424 loe
649 4375 715 4438 prlo-
802 4373 826 4424 d.
844 4363 892 4421 οὐκ
910 4373 978 4425 deest
996 4375 1018 4425 in
1035 4375 1140 4425 editione
1151 4367 1354 4422 commaticum:

131 4441 218 4504 &piam
239 4445 273 4490 est
296 4446 380 4492 maroc
414 4442 555 4506 Principium
581 4447 656 4491 autem
682 4447 716 4490 ert
767 4441 810 4491 red
835 4441 938 4492 habetur
955 4443 980 4492 tn
999 4457 1057 4493 nass.
1075 4443 1133 4502 lies.
1152 4447 1176 4488 ot
1193 4433 1265 4486 ilarii.
1283 4437 1355 4506 utana

129 4512 284 4572 coopertam.
319 4507 486 4574 &peropto
504 4509 565 4558 esim
581 4513 716 4558 arcesserat
767 4507 798 4557 lta
817 4507 929 4572 legarunt
947 4504 1179 4561 oneraremur.
1198 4499 1354 4550 atilanum·
