3220 5046
537 267 703 314 omnnones
718 269 833 314 ennom
848 268 985 314 munos.
1190 237 1206 250 ⁸
1312 257 1370 320 143

147 419 256 508 πάσης
274 414 447 504 Ἀρειανῆς
468 413 693 502 παρατάξεως.
723 417 777 482 καί
801 415 834 484 εί
852 441 904 496 τις
925 415 983 484 τὸν
1004 415 1167 503 θεολόγον
1190 415 1456 504 Γρηγόριοννεα.

146 519 202 588 καί
215 521 273 588 τὸν
287 525 386 588 θεῖον
401 516 581 583 Βασίλειον
596 515 631 582 ἐκ
650 515 771 604 ταύτης
793 511 902 604 ὥςπερ
927 520 1035 606 πηγῆς
1049 512 1275 606 ἆρυσαμίνους
1290 525 1372 606 φαίη

146 625 203 710 τῆς
232 621 350 706 βίβλου
379 616 457 694 τοὺς
484 614 603 695 καλοὺς
632 616 773 696 ἐκείνους
793 622 847 685 καί
871 619 1006 698 &aedeis
1026 624 1091 686 τῶν
1114 621 1243 690 οἰκείων
1266 620 1373 706 λόγων

145 722 230 790 κατὰ
250 723 308 807 τῆς
330 717 458 804 πλάνης
480 717 596 804 ῥεῦσαι
617 717 798 804 ποταμούς,
823 713 880 784 οὐκ
895 714 934 785 ἂν
950 715 1044 803 οἶμαι
1060 724 1199 812 σφαλείη
1222 725 1282 790 τοῦ
1305 747 1373 797 πα-

146 824 374 908 ραδείγματος.
418 821 456 884 la
483 834 544 884 est:
588 821 672 882 Lecti
700 829 771 881 sunt
802 821 935 882 eiusdem
969 821 1069 884 Sancti
1100 827 1272 905 (Athanasii)
1304 827 1372 890 iihri

149 925 279 1004 quinque
302 931 403 984 eontra
424 922 526 983 Arium
550 929 579 983 et
601 921 666 984 eius
688 919 834 999 dogmata.
878 921 912 982 ln
933 920 982 982 his
1005 931 1037 982 ut
1058 932 1087 984 et
1105 925 1134 986 in
1148 929 1286 990 omnihus
1308 930 1372 992 eius

151 1023 299 1103 Operibus
322 1023 410 1084 dietio
425 1021 517 1084 nitida
533 1031 588 1094 est,
612 1021 749 1102 simplex,
772 1039 828 1082 nen
842 1022 1020 1082 redundans.
1056 1025 1159 1086 herem
1173 1029 1221 1089 hio
1235 1047 1269 1089 se
1284 1047 1371 1110 prae-

147 1123 200 1186 het
221 1133 251 1186 et
263 1123 440 1203 protundum
457 1125 720 1202 vehementemque
735 1122 765 1184 in
782 1121 1025 1201 argumentando,
1049 1131 1185 1204 tantaque
1202 1128 1267 1188 eins
1282 1129 1371 1190 nher-

147 1235 193 1286 tas
216 1234 264 1286 est
290 1242 377 1304 qnam
406 1233 435 1286 et
462 1223 642 1286 admirando.
687 1223 807 1302 Loginis
835 1233 935 1286 autem
961 1224 1113 1286 methodis
1142 1225 1181 1286 ita
1204 1227 1314 1300 utitur,
1342 1241 1375 1291 ut

146 1344 208 1387 nnn
230 1325 308 1388 nude
331 1343 387 1386 neo
408 1325 437 1386 in
461 1325 535 1406 ipsis
558 1324 680 1386 vocihns
697 1333 842 1398 versetur,
866 1321 909 1386 uti
924 1326 1009 1406 pueri
1026 1335 1055 1387 et
1070 1325 1184 1386 tirones
1200 1325 1374 1389 adnleseen-

145 1435 202 1500 tes‚
225 1427 275 1507 qni
297 1426 376 1488 denti
398 1425 490 1488 videri
514 1427 643 1506 cupiunt,
667 1426 768 1488 solent
789 1445 886 1506 agere,
910 1425 964 1488 sed
985 1427 1192 1508 philosophice
1208 1435 1238 1488 et
1258 1428 1374 1506 magni-

145 1529 210 1600 iiee,
233 1527 364 1607 solisque
387 1527 545 1588 verborum
569 1527 725 1590 sententiis
748 1527 855 1607 hisque
878 1527 995 1589 diverse
1015 1528 1160 1589 innititur.
1204 1529 1374 1608 Scriptores

147 1629 283 1690 similiter
304 1627 483 1690 testimoniis
507 1636 538 1691 et
557 1628 783 1708 probationibus
807 1628 978 1691 firmissime
993 1647 1026 1690 se
1042 1629 1211 1690 communit.
1241 1629 1373 1710 Denique

144 1730 224 1793 istud
247 1728 330 1810 Opus
353 1727 494 1791 adsensus
517 1729 686 1792 universam
706 1729 882 1791 Arianomm
905 1729 997 1792 aciem
1019 1729 1118 1810 possit
1139 1712 1284 1794 shiiioere.
1317 1731 1371 1792 tt-

146 1850 203 1911 que
225 1831 252 1892 si
275 1831 342 1910 quis
365 1849 401 1891 ex
430 1850 466 1892 eo
495 1830 573 1893 iihrn
601 1839 748 1911 tamquam
779 1832 918 1893 exiente
941 1830 1123 1910 Theolognm
1146 1831 1320 1912 Gregorinm
1343 1844 1372 1895 et

147 1932 278 1994 divinum
300 1931 440 1993 Basilium
468 1931 607 1994 hausisse
634 1931 740 1994 dixerit
767 1931 885 2012 polenos
915 1932 982 1994 illos
1007 1941 1037 1994 et
1057 1932 1227 2012 perlucidos
1251 1953 1369 1997 snorum

146 2043 248 2096 eontm
270 2051 403 2094 errorem
426 2032 745 2106 mantuanensem,
775 2034 853 2096 hune
879 2051 934 2114 ego
956 2051 1017 2096 non
1038 2043 1139 2112 putem
1161 2052 1178 2096 e
1199 2035 1262 2096 veri
1284 2035 1369 2096 simi-

145 2133 267 2200 litudine
289 2135 502 2196 aberraturum.
546 2133 629 2196 Haeo
650 2134 786 2197 Photim.
