<?xml version="1.0" encoding="UTF-8"?>
<!DOCTYPE html PUBLIC "-//W3C//DTD XHTML 1.0 Transitional//EN"
    "http://www.w3.org/TR/xhtml1/DTD/xhtml1-transitional.dtd">
<html xmlns="http://www.w3.org/1999/xhtml" xml:lang="en" lang="en">
 <head>
  <title>
</title>
<meta http-equiv="Content-Type" content="text/html;charset=utf-8" />
  <meta name='ocr-system' content='tesseract 3.04.00' />
  <meta name='ocr-capabilities' content='ocr_page ocr_carea ocr_par ocr_line ocrx_word'/>
</head>
<body>
  <div class='ocr_page' id='page_1' title='image "./sanctiathanasii03athagoog_0132.png"; bbox 0 0 3176 5058; ppageno 0'>
   <div class='ocr_carea' id='block_1_1' title="bbox 242 273 1077 338">
    <p class='ocr_par' dir='ltr' id='par_1_1' title="bbox 242 273 1077 338">
     <span class='ocr_line' id='line_1_1' title="bbox 242 273 1077 338; baseline -0.008 -1"><span class='ocrx_word' id='word_1_1' title='bbox 242 273 283 338; x_wconf 81' lang='lat'><strong><em>84</em></strong></span> <span class='ocrx_word' id='word_1_2' title='bbox 642 286 667 332; x_wconf 85' lang='grc' dir='ltr'><strong><em>ε.</em></strong></span> <span class='ocrx_word' id='word_1_3' title='bbox 683 285 838 330; x_wconf 69' lang='lat' dir='ltr'><strong><em>numu</em></strong></span> <span class='ocrx_word' id='word_1_4' title='bbox 853 283 1077 332; x_wconf 78' lang='grc' dir='ltr'><strong><em>ιυευιεειεεονι</em></strong></span> 
     </span>
    </p>
   </div>
   <div class='ocr_carea' id='block_1_2' title="bbox 153 426 1464 2546">
    <p class='ocr_par' dir='ltr' id='par_1_2' title="bbox 153 426 1464 1836">
     <span class='ocr_line' id='line_1_2' title="bbox 153 426 1461 522; baseline 0.001 -24"><span class='ocrx_word' id='word_1_5' title='bbox 153 454 231 500; x_wconf 69' lang='grc' dir='ltr'><strong><em>επεν.</em></strong></span> <span class='ocrx_word' id='word_1_6' title='bbox 242 432 344 522; x_wconf 70' lang='grc' dir='ltr'><strong><em>ύίγιοις</em></strong></span> <span class='ocrx_word' id='word_1_7' title='bbox 367 433 493 502; x_wconf 88' lang='grc' dir='ltr'><strong><em>τούτων</em></strong></span> <span class='ocrx_word' id='word_1_8' title='bbox 516 433 651 502; x_wconf 73' lang='grc' dir='ltr'><strong><em>ἕκαστον</em></strong></span> <span class='ocrx_word' id='word_1_9' title='bbox 674 426 759 502; x_wconf 79' lang='grc' dir='ltr'><strong><em>εἶναι</em></strong></span> <span class='ocrx_word' id='word_1_10' title='bbox 772 435 826 501; x_wconf 84' lang='grc' dir='ltr'><strong><em>καί</em></strong></span> <span class='ocrx_word' id='word_1_11' title='bbox 842 428 999 520; x_wconf 80' lang='grc' dir='ltr'><strong><em>ὑπάρχειν</em></strong></span> <span class='ocrx_word' id='word_1_12' title='bbox 1014 433 1227 512; x_wconf 72' lang='grc' dir='ltr'><strong><em>πιστεύοντες</em></strong></span> <span class='ocrx_word' id='word_1_13' title='bbox 1241 439 1369 519; x_wconf 80' lang='grc' dir='ltr'><em>πατέρα</em></span> <span class='ocrx_word' id='word_1_14' title='bbox 1383 431 1461 522; x_wconf 85' lang='grc' dir='ltr'><strong><em>ἀλη-</em></strong></span> 
     </span>
     <span class='ocr_line' id='line_1_3' title="bbox 240 528 1463 622; baseline -0.005 -14"><span class='ocrx_word' id='word_1_15' title='bbox 240 541 315 616; x_wconf 82' lang='grc' dir='ltr'><strong><em>θῶς</em></strong></span> <span class='ocrx_word' id='word_1_16' title='bbox 336 541 467 621; x_wconf 78' lang='grc' dir='ltr'><strong><em>πατέρα</em></strong></span> <span class='ocrx_word' id='word_1_17' title='bbox 488 537 542 602; x_wconf 85' lang='grc' dir='ltr'><strong><em>καί</em></strong></span> <span class='ocrx_word' id='word_1_18' title='bbox 565 533 636 601; x_wconf 89' lang='grc' dir='ltr'><strong><em>υίὸν</em></strong></span> <span class='ocrx_word' id='word_1_19' title='bbox 659 528 794 622; x_wconf 82' lang='grc' dir='ltr'><strong><em>ἀληθῶς</em></strong></span> <span class='ocrx_word' id='word_1_20' title='bbox 816 534 888 603; x_wconf 85' lang='grc' dir='ltr'><strong><em>υίὸν</em></strong></span> <span class='ocrx_word' id='word_1_21' title='bbox 902 534 959 602; x_wconf 80' lang='grc' dir='ltr'><strong><em>καί</em></strong></span> <span class='ocrx_word' id='word_1_22' title='bbox 972 538 1102 620; x_wconf 86' lang='grc' dir='ltr'><strong><em>πνεῦμα</em></strong></span> <span class='ocrx_word' id='word_1_23' title='bbox 1113 531 1207 622; x_wconf 84' lang='grc' dir='ltr'><strong><em>ἀγιον</em></strong></span> <span class='ocrx_word' id='word_1_24' title='bbox 1219 529 1356 622; x_wconf 82' lang='grc' dir='ltr'><strong><em>άληθῶς</em></strong></span> <span class='ocrx_word' id='word_1_25' title='bbox 1369 530 1463 620; x_wconf 77' lang='grc' dir='ltr'><strong><em>ἅγιον</em></strong></span> 
     </span>
     <span class='ocr_line' id='line_1_4' title="bbox 240 630 1464 724; baseline -0.002 -18"><span class='ocrx_word' id='word_1_26' title='bbox 240 641 387 723; x_wconf 84' lang='grc' dir='ltr'><strong><em>πνεῦμα,</em></strong></span> <span class='ocrx_word' id='word_1_27' title='bbox 423 634 538 715; x_wconf 81' lang='grc' dir='ltr'><strong><em>καθὼς</em></strong></span> <span class='ocrx_word' id='word_1_28' title='bbox 565 638 617 703; x_wconf 81' lang='grc' dir='ltr'><strong><em>καί</em></strong></span> <span class='ocrx_word' id='word_1_29' title='bbox 647 630 665 702; x_wconf 85' lang='grc' dir='ltr'>ὁ</span> <span class='ocrx_word' id='word_1_30' title='bbox 694 635 805 723; x_wconf 90' lang='grc' dir='ltr'><strong><em>κύριος</em></strong></span> <span class='ocrx_word' id='word_1_31' title='bbox 832 632 923 722; x_wconf 81' lang='grc' dir='ltr'><strong><em>ήμῶν</em></strong></span> <span class='ocrx_word' id='word_1_32' title='bbox 954 631 1167 704; x_wconf 75' lang='grc' dir='ltr'><strong><em>ἀποστέλλων</em></strong></span> <span class='ocrx_word' id='word_1_33' title='bbox 1190 635 1238 716; x_wconf 87' lang='grc' dir='ltr'><strong><em>είς</em></strong></span> <span class='ocrx_word' id='word_1_34' title='bbox 1257 635 1297 702; x_wconf 87' lang='grc' dir='ltr'><strong><em>τὸ</em></strong></span> <span class='ocrx_word' id='word_1_35' title='bbox 1317 634 1464 724; x_wconf 85' lang='grc' dir='ltr'><strong><em>κήρυγμα</em></strong></span> 
     </span>
     <span class='ocr_line' id='line_1_5' title="bbox 240 731 1464 826; baseline -0.001 -20"><span class='ocrx_word' id='word_1_36' title='bbox 240 739 319 817; x_wconf 89' lang='grc' dir='ltr'><strong><em>τοῦς</em></strong></span> <span class='ocrx_word' id='word_1_37' title='bbox 347 738 464 806; x_wconf 80' lang='grc' dir='ltr'><strong><em>ἑαυτοῦ</em></strong></span> <span class='ocrx_word' id='word_1_38' title='bbox 492 735 647 825; x_wconf 86' lang='grc' dir='ltr'><strong><em>μαθητάς</em></strong></span> <span class='ocrx_word' id='word_1_39' title='bbox 675 731 765 804; x_wconf 85' lang='grc' dir='ltr'><strong><em>ελπε·</em></strong></span> <span class='ocrx_word' id='word_1_40' title='bbox 793 743 1014 824; x_wconf 85' lang='grc' dir='ltr'><strong><em>πορευθέντες</em></strong></span> <span class='ocrx_word' id='word_1_41' title='bbox 1035 736 1268 826; x_wconf 74' lang='grc' dir='ltr'><strong><em>μαθητεύσατε</em></strong></span> <span class='ocrx_word' id='word_1_42' title='bbox 1288 735 1401 804; x_wconf 89' lang='grc' dir='ltr'><strong><em>πάντα</em></strong></span> <span class='ocrx_word' id='word_1_43' title='bbox 1420 735 1464 805; x_wconf 84' lang='grc' dir='ltr'><strong><em>τά</em></strong></span> 
     </span>
     <span class='ocr_line' id='line_1_6' title="bbox 242 833 1462 926; baseline -0.002 -19"><span class='ocrx_word' id='word_1_44' title='bbox 242 840 342 926; x_wconf 80' lang='grc' dir='ltr'><strong><em>ἐ’θνη,</em></strong></span> <span class='ocrx_word' id='word_1_45' title='bbox 370 837 585 923; x_wconf 78' lang='grc' dir='ltr'><strong><em>βαπτίζοντες</em></strong></span> <span class='ocrx_word' id='word_1_46' title='bbox 607 833 725 918; x_wconf 87' lang='grc' dir='ltr'><strong><em>αύτούς</em></strong></span> <span class='ocrx_word' id='word_1_47' title='bbox 747 839 793 918; x_wconf 84' lang='grc' dir='ltr'><strong><em>εἰς</em></strong></span> <span class='ocrx_word' id='word_1_48' title='bbox 814 838 853 904; x_wconf 87' lang='grc' dir='ltr'><strong><em>τὸ</em></strong></span> <span class='ocrx_word' id='word_1_49' title='bbox 875 837 980 923; x_wconf 79' lang='grc' dir='ltr'><strong><em>ὄνομα</em></strong></span> <span class='ocrx_word' id='word_1_50' title='bbox 1002 842 1061 906; x_wconf 89' lang='grc' dir='ltr'><strong><em>τοῦ</em></strong></span> <span class='ocrx_word' id='word_1_51' title='bbox 1082 837 1210 926; x_wconf 89' lang='grc' dir='ltr'><strong><em>πατρὸς</em></strong></span> <span class='ocrx_word' id='word_1_52' title='bbox 1231 842 1286 905; x_wconf 83' lang='grc' dir='ltr'><strong><em>καί</em></strong></span> <span class='ocrx_word' id='word_1_53' title='bbox 1308 841 1366 905; x_wconf 87' lang='grc' dir='ltr'><strong><em>τοῦ</em></strong></span> <span class='ocrx_word' id='word_1_54' title='bbox 1389 838 1462 904; x_wconf 82' lang='grc' dir='ltr'><strong><em>υῖοῦ</em></strong></span> 
     </span>
     <span class='ocr_line' id='line_1_7' title="bbox 242 929 1462 1028; baseline -0.004 -20"><span class='ocrx_word' id='word_1_55' title='bbox 242 943 297 1008; x_wconf 85' lang='grc' dir='ltr'><strong><em>καί</em></strong></span> <span class='ocrx_word' id='word_1_56' title='bbox 326 937 384 1006; x_wconf 89' lang='grc' dir='ltr'><strong><em>τοῦ</em></strong></span> <span class='ocrx_word' id='word_1_57' title='bbox 414 933 507 1025; x_wconf 86' lang='grc' dir='ltr'><strong><em>ἆγίου</em></strong></span> <span class='ocrx_word' id='word_1_58' title='bbox 534 937 721 1023; x_wconf 86' lang='grc' dir='ltr'><strong><em>πνεύματος</em></strong></span> <span class='ocrx_word' id='word_1_59' title='bbox 729 943 759 1020; x_wconf 85' lang='lat'><strong><em>¹).</em></strong></span> <span class='ocrx_word' id='word_1_60' title='bbox 805 943 883 1026; x_wconf 83' lang='grc' dir='ltr'><strong><em>περὶ</em></strong></span> <span class='ocrx_word' id='word_1_61' title='bbox 906 929 952 1008; x_wconf 85' lang='grc' dir='ltr'><strong><em>ὧν</em></strong></span> <span class='ocrx_word' id='word_1_62' title='bbox 974 943 1028 1008; x_wconf 84' lang='grc' dir='ltr'><strong><em>καὶ</em></strong></span> <span class='ocrx_word' id='word_1_63' title='bbox 1050 940 1335 1028; x_wconf 74' lang='grc' dir='ltr'><strong><em>διαβεβαιούμεθα</em></strong></span> <span class='ocrx_word' id='word_1_64' title='bbox 1356 935 1462 1018; x_wconf 86' lang='grc' dir='ltr'><strong><em>σῦτως</em></strong></span> 
     </span>
     <span class='ocr_line' id='line_1_8' title="bbox 243 1036 1463 1130; baseline -0.002 -21"><span class='ocrx_word' id='word_1_65' title='bbox 243 1041 326 1126; x_wconf 74' lang='grc' dir='ltr'><strong><em>ἔχειν</em></strong></span> <span class='ocrx_word' id='word_1_66' title='bbox 348 1043 401 1108; x_wconf 82' lang='grc' dir='ltr'><strong><em>καὶ</em></strong></span> <span class='ocrx_word' id='word_1_67' title='bbox 424 1036 528 1120; x_wconf 87' lang='grc' dir='ltr'><strong><em>οῦτως</em></strong></span> <span class='ocrx_word' id='word_1_68' title='bbox 549 1051 684 1130; x_wconf 81' lang='grc' dir='ltr'><strong><em>φρονεῖν</em></strong></span> <span class='ocrx_word' id='word_1_69' title='bbox 706 1043 760 1108; x_wconf 79' lang='grc' dir='ltr'><strong><em>καί</em></strong></span> <span class='ocrx_word' id='word_1_70' title='bbox 781 1041 889 1108; x_wconf 85' lang='grc' dir='ltr'><strong><em>πάλαι</em></strong></span> <span class='ocrx_word' id='word_1_71' title='bbox 911 1037 1015 1121; x_wconf 85' lang='grc' dir='ltr'><strong><em>οῦτως</em></strong></span> <span class='ocrx_word' id='word_1_72' title='bbox 1037 1040 1204 1130; x_wconf 73' lang='grc' dir='ltr'><strong><em>ἐσχηκέναι</em></strong></span> <span class='ocrx_word' id='word_1_73' title='bbox 1218 1044 1271 1108; x_wconf 83' lang='grc' dir='ltr'><strong><em>καί</em></strong></span> <span class='ocrx_word' id='word_1_74' title='bbox 1286 1045 1381 1127; x_wconf 84' lang='grc' dir='ltr'><strong><em>μέχρι</em></strong></span> <span class='ocrx_word' id='word_1_75' title='bbox 1394 1045 1463 1106; x_wconf 89' lang='grc' dir='ltr'><strong><em>θα-</em></strong></span> 
     </span>
     <span class='ocr_line' id='line_1_9' title="bbox 242 1137 1462 1229; baseline -0.002 -18"><span class='ocrx_word' id='word_1_76' title='bbox 242 1142 342 1211; x_wconf 89' lang='grc' dir='ltr'><strong><em>νάτου</em></strong></span> <span class='ocrx_word' id='word_1_77' title='bbox 375 1138 478 1229; x_wconf 80' lang='grc' dir='ltr'><strong><em>Ιύπὲρ</em></strong></span> <span class='ocrx_word' id='word_1_78' title='bbox 510 1141 629 1229; x_wconf 83' lang='grc' dir='ltr'><strong><em>ταύτης</em></strong></span> <span class='ocrx_word' id='word_1_79' title='bbox 657 1141 857 1209; x_wconf 77' lang='grc' dir='ltr'><strong><em>ἐνίστασθαι</em></strong></span> <span class='ocrx_word' id='word_1_80' title='bbox 882 1143 940 1228; x_wconf 84' lang='grc' dir='ltr'><strong><em>τῆς</em></strong></span> <span class='ocrx_word' id='word_1_81' title='bbox 967 1148 1131 1225; x_wconf 85' lang='grc' dir='ltr'><strong><em>πίστεως,</em></strong></span> <span class='ocrx_word' id='word_1_82' title='bbox 1165 1137 1462 1227; x_wconf 88' lang='grc' dir='ltr'><strong><em>ἀναθεματίζοντες</em></strong></span> 
     </span>
     <span class='ocr_line' id='line_1_10' title="bbox 240 1237 1461 1331; baseline -0.002 -19"><span class='ocrx_word' id='word_1_83' title='bbox 240 1247 353 1312; x_wconf 81' lang='grc' dir='ltr'><strong><em>πᾶσαν</em></strong></span> <span class='ocrx_word' id='word_1_84' title='bbox 381 1243 485 1312; x_wconf 87' lang='grc' dir='ltr'><strong><em>ἀθεον</em></strong></span> <span class='ocrx_word' id='word_1_85' title='bbox 514 1243 651 1331; x_wconf 75' lang='grc' dir='ltr'><strong><em>αἵρεσιν.</em></strong></span> <span class='ocrx_word' id='word_1_86' title='bbox 695 1246 799 1310; x_wconf 91' lang='grc' dir='ltr'><strong><em>ταῦτα</em></strong></span> <span class='ocrx_word' id='word_1_87' title='bbox 827 1237 897 1310; x_wconf 89' lang='grc' dir='ltr'><strong><em>ἀπὸ</em></strong></span> <span class='ocrx_word' id='word_1_88' title='bbox 924 1245 1060 1329; x_wconf 76' lang='grc' dir='ltr'><strong><em>καρδίας</em></strong></span> <span class='ocrx_word' id='word_1_89' title='bbox 1086 1245 1140 1310; x_wconf 81' lang='grc' dir='ltr'><strong><em>καὶ</em></strong></span> <span class='ocrx_word' id='word_1_90' title='bbox 1167 1248 1275 1330; x_wconf 79' lang='grc' dir='ltr'><strong><em>ψυχῆς</em></strong></span> <span class='ocrx_word' id='word_1_91' title='bbox 1296 1241 1461 1310; x_wconf 75' lang='grc' dir='ltr'><strong><em>Ι’πάντοτε</em></strong></span> 
     </span>
     <span class='ocr_line' id='line_1_11' title="bbox 239 1334 1462 1436; baseline -0.004 -23"><span class='ocrx_word' id='word_1_92' title='bbox 239 1352 491 1436; x_wconf 77' lang='grc' dir='ltr'><strong><em>πεφρονηκέναι,</em></strong></span> <span class='ocrx_word' id='word_1_93' title='bbox 515 1344 551 1425; x_wconf 78' lang='grc' dir='ltr'><strong><em>ἐξ</em></strong></span> <span class='ocrx_word' id='word_1_94' title='bbox 571 1334 674 1430; x_wconf 87' lang='grc' dir='ltr'><strong><em>οῦπερ</em></strong></span> <span class='ocrx_word' id='word_1_95' title='bbox 697 1345 793 1428; x_wconf 83' lang='grc' dir='ltr'><strong><em>ἰ’σμεν</em></strong></span> <span class='ocrx_word' id='word_1_96' title='bbox 816 1343 960 1424; x_wconf 77' lang='grc' dir='ltr'><strong><em>ἑαυτούς,</em></strong></span> <span class='ocrx_word' id='word_1_97' title='bbox 983 1345 1039 1412; x_wconf 86' lang='grc' dir='ltr'><strong><em>καὶ</em></strong></span> <span class='ocrx_word' id='word_1_98' title='bbox 1060 1348 1116 1412; x_wconf 86' lang='grc' dir='ltr'><strong><em>νῦν</em></strong></span> <span class='ocrx_word' id='word_1_99' title='bbox 1139 1354 1273 1432; x_wconf 77' lang='grc' dir='ltr'><strong><em>φρονεῖν</em></strong></span> <span class='ocrx_word' id='word_1_100' title='bbox 1288 1362 1323 1411; x_wconf 85' lang='grc' dir='ltr'><strong><em>τε</em></strong></span> <span class='ocrx_word' id='word_1_101' title='bbox 1338 1346 1392 1410; x_wconf 85' lang='grc' dir='ltr'><strong><em>καί</em></strong></span> <span class='ocrx_word' id='word_1_102' title='bbox 1407 1341 1462 1409; x_wconf 84' lang='grc' dir='ltr'><strong><em>λέ-</em></strong></span> 
     </span>
     <span class='ocr_line' id='line_1_12' title="bbox 238 1441 1461 1535; baseline -0.002 -20"><span class='ocrx_word' id='word_1_103' title='bbox 238 1473 306 1535; x_wconf 87' lang='grc' dir='ltr'><strong><em>γειν</em></strong></span> <span class='ocrx_word' id='word_1_104' title='bbox 330 1447 366 1528; x_wconf 87' lang='grc' dir='ltr'><strong><em>έξ</em></strong></span> <span class='ocrx_word' id='word_1_105' title='bbox 386 1441 556 1534; x_wconf 87' lang='grc' dir='ltr'><strong><em>ἀληθείας,</em></strong></span> <span class='ocrx_word' id='word_1_106' title='bbox 581 1446 637 1514; x_wconf 76' lang='grc' dir='ltr'><strong><em>ἐπὶ</em></strong></span> <span class='ocrx_word' id='word_1_107' title='bbox 659 1449 718 1512; x_wconf 87' lang='grc' dir='ltr'><strong><em>τοῦ</em></strong></span> <span class='ocrx_word' id='word_1_108' title='bbox 740 1449 824 1512; x_wconf 86' lang='grc' dir='ltr'><strong><em>θεοῦ</em></strong></span> <span class='ocrx_word' id='word_1_109' title='bbox 846 1449 905 1512; x_wconf 91' lang='grc' dir='ltr'><strong><em>τοῦ</em></strong></span> <span class='ocrx_word' id='word_1_110' title='bbox 927 1443 1192 1534; x_wconf 83' lang='grc' dir='ltr'><strong><em>παντοκράτορος</em></strong></span> <span class='ocrx_word' id='word_1_111' title='bbox 1206 1448 1260 1512; x_wconf 86' lang='grc' dir='ltr'><strong><em>καί</em></strong></span> <span class='ocrx_word' id='word_1_112' title='bbox 1275 1447 1333 1512; x_wconf 89' lang='grc' dir='ltr'><strong><em>τοῦ</em></strong></span> <span class='ocrx_word' id='word_1_113' title='bbox 1348 1450 1461 1531; x_wconf 86' lang='grc' dir='ltr'><strong><em>κυρίου</em></strong></span> 
     </span>
     <span class='ocr_line' id='line_1_13' title="bbox 238 1539 1462 1638; baseline -0.003 -23"><span class='ocrx_word' id='word_1_114' title='bbox 238 1543 332 1638; x_wconf 82' lang='grc' dir='ltr'><strong><em>ήμιῦν</em></strong></span> <span class='ocrx_word' id='word_1_115' title='bbox 350 1543 455 1636; x_wconf 81' lang='grc' dir='ltr'><strong><em>Ἰησοῦ</em></strong></span> <span class='ocrx_word' id='word_1_116' title='bbox 478 1551 627 1632; x_wconf 83' lang='grc' dir='ltr'><strong><em>Χριστοῦ</em></strong></span> <span class='ocrx_word' id='word_1_117' title='bbox 653 1545 908 1634; x_wconf 70' lang='grc' dir='ltr'><strong><em>μαρτυρόμεθα,</em></strong></span> <span class='ocrx_word' id='word_1_118' title='bbox 942 1547 1105 1616; x_wconf 82' lang='grc' dir='ltr'><strong><em>δεικνύναι</em></strong></span> <span class='ocrx_word' id='word_1_119' title='bbox 1135 1547 1261 1632; x_wconf 67' lang='grc' dir='ltr'><strong><em>ἔχοντες</em></strong></span> <span class='ocrx_word' id='word_1_120' title='bbox 1282 1539 1347 1612; x_wconf 66' lang='lat' dir='ltr'><strong><em>‘dc&#39;</em></strong></span> <span class='ocrx_word' id='word_1_121' title='bbox 1372 1539 1462 1612; x_wconf 89' lang='grc' dir='ltr'><strong><em>ἀπο-</em></strong></span> 
     </span>
     <span class='ocr_line' id='line_1_14' title="bbox 241 1642 1462 1736; baseline -0.002 -20"><span class='ocrx_word' id='word_1_122' title='bbox 241 1649 373 1728; x_wconf 82' lang='grc' dir='ltr'><strong><em>δείξεων</em></strong></span> <span class='ocrx_word' id='word_1_123' title='bbox 400 1651 455 1715; x_wconf 88' lang='grc' dir='ltr'><strong><em>καί</em></strong></span> <span class='ocrx_word' id='word_1_124' title='bbox 482 1653 618 1716; x_wconf 89' lang='grc' dir='ltr'><strong><em>πείθειν</em></strong></span> <span class='ocrx_word' id='word_1_125' title='bbox 647 1642 747 1732; x_wconf 79' lang='grc' dir='ltr'><strong><em>ὑμᾶς,</em></strong></span> <span class='ocrx_word' id='word_1_126' title='bbox 776 1643 830 1715; x_wconf 81' lang='grc' dir='ltr'><strong><em>ότι</em></strong></span> <span class='ocrx_word' id='word_1_127' title='bbox 856 1651 908 1715; x_wconf 82' lang='grc' dir='ltr'><strong><em>καὶ</em></strong></span> <span class='ocrx_word' id='word_1_128' title='bbox 931 1647 1008 1728; x_wconf 85' lang='grc' dir='ltr'><strong><em>τοὺς</em></strong></span> <span class='ocrx_word' id='word_1_129' title='bbox 1029 1647 1305 1736; x_wconf 85' lang='grc' dir='ltr'><strong><em>παρεληλυθότας</em></strong></span> <span class='ocrx_word' id='word_1_130' title='bbox 1322 1645 1462 1734; x_wconf 80' lang='grc' dir='ltr'><strong><em>χρόνους</em></strong></span> 
     </span>
     <span class='ocr_line' id='line_1_15' title="bbox 241 1745 963 1836; baseline 0.001 -21"><span class='ocrx_word' id='word_1_131' title='bbox 241 1745 345 1827; x_wconf 84' lang='grc' dir='ltr'><strong><em>οῦτως</em></strong></span> <span class='ocrx_word' id='word_1_132' title='bbox 368 1745 582 1831; x_wconf 77' lang='grc' dir='ltr'><strong><em>ἔπιστεύομέν</em></strong></span> <span class='ocrx_word' id='word_1_133' title='bbox 602 1773 639 1816; x_wconf 87' lang='grc' dir='ltr'><strong><em>τε</em></strong></span> <span class='ocrx_word' id='word_1_134' title='bbox 660 1751 714 1815; x_wconf 87' lang='grc' dir='ltr'><strong><em>καί</em></strong></span> <span class='ocrx_word' id='word_1_135' title='bbox 737 1747 963 1836; x_wconf 76' lang='grc' dir='ltr'><strong><em>ἓκηρύσσομεν.</em></strong></span> 
     </span>
    </p>

    <p class='ocr_par' dir='ltr' id='par_1_3' title="bbox 232 1843 1463 2240">
     <span class='ocr_line' id='line_1_16' title="bbox 325 1843 1460 1938; baseline 0 -22"><span class='ocrx_word' id='word_1_136' title='bbox 325 1857 355 1916; x_wconf 80' lang='grc'><strong><em>4.</em></strong></span> <span class='ocrx_word' id='word_1_137' title='bbox 401 1846 530 1934; x_wconf 87' lang='grc' dir='ltr'><strong><em>Ταύτης</em></strong></span> <span class='ocrx_word' id='word_1_138' title='bbox 551 1843 605 1936; x_wconf 78' lang='grc' dir='ltr'><strong><em>ὑφ’</em></strong></span> <span class='ocrx_word' id='word_1_139' title='bbox 629 1844 721 1936; x_wconf 86' lang='grc' dir='ltr'><strong><em>ήμιῦν</em></strong></span> <span class='ocrx_word' id='word_1_140' title='bbox 743 1849 930 1938; x_wconf 74' lang='grc' dir='ltr'><strong><em>έιτεθείσης</em></strong></span> <span class='ocrx_word' id='word_1_141' title='bbox 952 1853 1010 1936; x_wconf 78' lang='grc' dir='ltr'><strong><em>τῆς</em></strong></span> <span class='ocrx_word' id='word_1_142' title='bbox 1031 1857 1184 1930; x_wconf 88' lang='grc' dir='ltr'><strong><em>πίστεως,</em></strong></span> <span class='ocrx_word' id='word_1_143' title='bbox 1208 1845 1336 1916; x_wconf 68' lang='grc' dir='ltr'><strong><em>ιιοῦδενὶ</em></strong></span> <span class='ocrx_word' id='word_1_144' title='bbox 1351 1853 1460 1937; x_wconf 80' lang='grc' dir='ltr'><strong><em>παρῆν</em></strong></span> 
     </span>
     <span class='ocr_line' id='line_1_17' title="bbox 242 1943 1461 2038; baseline 0.002 -22"><span class='ocrx_word' id='word_1_145' title='bbox 242 1943 428 2036; x_wconf 76' lang='grc' dir='ltr'><strong><em>ἀντιλογίας</em></strong></span> <span class='ocrx_word' id='word_1_146' title='bbox 454 1947 574 2029; x_wconf 88' lang='grc' dir='ltr'><strong><em>τόπος,</em></strong></span> <span class='ocrx_word' id='word_1_147' title='bbox 607 1943 676 2015; x_wconf 79' lang='grc' dir='ltr'><strong><em>ἀλλ’</em></strong></span> <span class='ocrx_word' id='word_1_148' title='bbox 700 1945 798 2030; x_wconf 88' lang='grc' dir='ltr'><strong><em>αύτός</em></strong></span> <span class='ocrx_word' id='word_1_149' title='bbox 825 1977 860 2018; x_wconf 89' lang='grc' dir='ltr'><strong><em>τε</em></strong></span> <span class='ocrx_word' id='word_1_150' title='bbox 887 1955 1020 2038; x_wconf 87' lang='grc' dir='ltr'><strong><em>πριῦτος</em></strong></span> <span class='ocrx_word' id='word_1_151' title='bbox 1043 1945 1060 2016; x_wconf 85' lang='grc' dir='ltr'><strong><em>ό</em></strong></span> <span class='ocrx_word' id='word_1_152' title='bbox 1083 1950 1347 2038; x_wconf 79' lang='grc' dir='ltr'><strong><em>θεοφιλέστατος</em></strong></span> <span class='ocrx_word' id='word_1_153' title='bbox 1368 1945 1461 2038; x_wconf 83' lang='grc' dir='ltr'><strong><em>ἡμῶν</em></strong></span> 
     </span>
     <span class='ocr_line' id='line_1_18' title="bbox 232 2043 1462 2143; baseline 0 -23"><span class='ocrx_word' id='word_1_154' title='bbox 232 2047 395 2143; x_wconf 26' lang='grc' dir='ltr'><strong><em>,βασιλεύς</em></strong></span> <span class='ocrx_word' id='word_1_155' title='bbox 416 2043 587 2136; x_wconf 82' lang='grc' dir='ltr'><strong><em>ὀρθότατα</em></strong></span> <span class='ocrx_word' id='word_1_156' title='bbox 608 2055 770 2137; x_wconf 82' lang='grc' dir='ltr'><strong><em>περιέχειν</em></strong></span> <span class='ocrx_word' id='word_1_157' title='bbox 793 2046 892 2138; x_wconf 82' lang='grc' dir='ltr'><strong><em>αύτήν</em></strong></span> <span class='ocrx_word' id='word_1_158' title='bbox 914 2049 1142 2138; x_wconf 76' lang='grc' dir='ltr'><strong><em>ἐμαρτύρησεν,</em></strong></span> <span class='ocrx_word' id='word_1_159' title='bbox 1166 2047 1253 2118; x_wconf 84' lang='grc' dir='ltr'><strong><em>οῦτω</em></strong></span> <span class='ocrx_word' id='word_1_160' title='bbox 1268 2054 1369 2119; x_wconf 80' lang='grc' dir='ltr'><strong><em>τεκαὶ</em></strong></span> <span class='ocrx_word' id='word_1_161' title='bbox 1386 2051 1462 2120; x_wconf 78' lang='grc' dir='ltr'><strong><em>ἑαυ-</em></strong></span> 
     </span>
     <span class='ocr_line' id='line_1_19' title="bbox 238 2149 1463 2240; baseline 0.003 -22"><span class='ocrx_word' id='word_1_162' title='bbox 238 2152 297 2218; x_wconf 87' lang='grc' dir='ltr'><strong><em>τὸν</em></strong></span> <span class='ocrx_word' id='word_1_163' title='bbox 326 2161 460 2240; x_wconf 84' lang='grc' dir='ltr'><strong><em>φρονεῖν</em></strong></span> <span class='ocrx_word' id='word_1_164' title='bbox 488 2151 770 2240; x_wconf 49' lang='grc' dir='ltr'><strong><em>’συνωμολόγησε</em></strong></span> <span class='ocrx_word' id='word_1_165' title='bbox 799 2156 852 2220; x_wconf 84' lang='grc' dir='ltr'><strong><em>καὶ</em></strong></span> <span class='ocrx_word' id='word_1_166' title='bbox 884 2151 985 2240; x_wconf 77' lang='grc' dir='ltr'><strong><em>ταύτῃ</em></strong></span> <span class='ocrx_word' id='word_1_167' title='bbox 1008 2150 1084 2232; x_wconf 82' lang='grc' dir='ltr'><strong><em>τοὺς</em></strong></span> <span class='ocrx_word' id='word_1_168' title='bbox 1106 2149 1234 2231; x_wconf 85' lang='grc' dir='ltr'><strong><em>πάντας</em></strong></span> <span class='ocrx_word' id='word_1_169' title='bbox 1256 2159 1463 2239; x_wconf 86' lang='grc' dir='ltr'><strong><em>συγκαταθέ-</em></strong></span> 
     </span>
    </p>

    <p class='ocr_par' dir='ltr' id='par_1_4' title="bbox 176 2249 1462 2546">
     <span class='ocr_line' id='line_1_20' title="bbox 176 2249 1462 2341; baseline 0 -20"><span class='ocrx_word' id='word_1_170' title='bbox 176 2315 184 2328; x_wconf 87' lang='grc'><strong><em>,</em></strong></span> <span class='ocrx_word' id='word_1_171' title='bbox 239 2259 342 2335; x_wconf 89' lang='grc' dir='ltr'><strong><em>σθαι,</em></strong></span> <span class='ocrx_word' id='word_1_172' title='bbox 364 2249 571 2341; x_wconf 79' lang='grc' dir='ltr'><strong><em>ἀπογράφειν</em></strong></span> <span class='ocrx_word' id='word_1_173' title='bbox 593 2278 629 2321; x_wconf 88' lang='grc' dir='ltr'><strong><em>τε</em></strong></span> <span class='ocrx_word' id='word_1_174' title='bbox 650 2265 721 2332; x_wconf 86' lang='grc' dir='ltr'><strong><em>τοῖς</em></strong></span> <span class='ocrx_word' id='word_1_175' title='bbox 744 2253 886 2340; x_wconf 76' lang='grc' dir='ltr'><strong><em>δόγμασι</em></strong></span> <span class='ocrx_word' id='word_1_176' title='bbox 906 2255 960 2320; x_wconf 82' lang='grc' dir='ltr'><strong><em>καὶ</em></strong></span> <span class='ocrx_word' id='word_1_177' title='bbox 983 2264 1172 2341; x_wconf 87' lang='grc' dir='ltr'><strong><em>συμφωνεῖν</em></strong></span> <span class='ocrx_word' id='word_1_178' title='bbox 1193 2253 1325 2333; x_wconf 87' lang='grc' dir='ltr'><strong><em>τούτοις</em></strong></span> <span class='ocrx_word' id='word_1_179' title='bbox 1347 2249 1462 2336; x_wconf 77' lang='grc' dir='ltr'><strong><em>αὐτοῖς</em></strong></span> 
     </span>
     <span class='ocr_line' id='line_1_21' title="bbox 237 2350 1459 2443; baseline 0 -21"><span class='ocrx_word' id='word_1_180' title='bbox 237 2353 481 2443; x_wconf 82' lang='grc' dir='ltr'><strong><em>παρεκελεύετο,</em></strong></span> <span class='ocrx_word' id='word_1_181' title='bbox 503 2353 580 2434; x_wconf 78' lang='grc' dir='ltr'><strong><em>’ἑνὸς</em></strong></span> <span class='ocrx_word' id='word_1_182' title='bbox 600 2353 703 2439; x_wconf 90' lang='grc' dir='ltr'><strong><em>μόνου</em></strong></span> <span class='ocrx_word' id='word_1_183' title='bbox 719 2359 1022 2443; x_wconf 83' lang='grc' dir='ltr'><strong><em>προςεγγραφέντος</em></strong></span> <span class='ocrx_word' id='word_1_184' title='bbox 1037 2353 1181 2440; x_wconf 79' lang='grc' dir='ltr'><strong><em>ῥήματος</em></strong></span> <span class='ocrx_word' id='word_1_185' title='bbox 1195 2358 1254 2422; x_wconf 92' lang='grc' dir='ltr'><strong><em>τοῦ</em></strong></span> <span class='ocrx_word' id='word_1_186' title='bbox 1267 2350 1459 2439; x_wconf 85' lang='grc' dir='ltr'><strong><em>ύμοουσίου,</em></strong></span> 
     </span>
     <span class='ocr_line' id='line_1_22' title="bbox 239 2451 1459 2546; baseline 0.002 -25"><span class='ocrx_word' id='word_1_187' title='bbox 239 2453 256 2521; x_wconf 83' lang='grc' dir='ltr'>ὃ</span> <span class='ocrx_word' id='word_1_188' title='bbox 284 2459 338 2526; x_wconf 84' lang='grc' dir='ltr'><strong><em>καί</em></strong></span> <span class='ocrx_word' id='word_1_189' title='bbox 368 2451 448 2522; x_wconf 80' lang='grc' dir='ltr'><strong><em>αὐτὸ</em></strong></span> <span class='ocrx_word' id='word_1_190' title='bbox 471 2453 667 2544; x_wconf 73' lang='grc' dir='ltr'><strong><em>’ἡρμήνευσε</em></strong></span> <span class='ocrx_word' id='word_1_191' title='bbox 689 2458 805 2544; x_wconf 89' lang='grc' dir='ltr'><strong><em>λέγων,</em></strong></span> <span class='ocrx_word' id='word_1_192' title='bbox 836 2453 888 2522; x_wconf 84' lang='grc' dir='ltr'><strong><em>ότι</em></strong></span> <span class='ocrx_word' id='word_1_193' title='bbox 915 2454 959 2542; x_wconf 88' lang='grc' dir='ltr'><strong><em>μὴ</em></strong></span> <span class='ocrx_word' id='word_1_194' title='bbox 982 2453 1065 2522; x_wconf 84' lang='grc' dir='ltr'><strong><em>κατὰ</em></strong></span> <span class='ocrx_word' id='word_1_195' title='bbox 1085 2459 1152 2524; x_wconf 83' lang='grc' dir='ltr'><strong><em>τῶν</em></strong></span> <span class='ocrx_word' id='word_1_196' title='bbox 1175 2455 1337 2544; x_wconf 84' lang='grc' dir='ltr'><strong><em>σωμάτων</em></strong></span> <span class='ocrx_word' id='word_1_197' title='bbox 1360 2455 1459 2546; x_wconf 89' lang='grc' dir='ltr'><strong><em>πάθη</em></strong></span> 
     </span>
    </p>
   </div>
   <div class='ocr_carea' id='block_1_3' title="bbox 235 2547 1462 3255">
    <p class='ocr_par' dir='ltr' id='par_1_5' title="bbox 235 2547 1462 3255">
     <span class='ocr_line' id='line_1_23' title="bbox 239 2547 1462 2646; baseline 0.003 -26"><span class='ocrx_word' id='word_1_198' title='bbox 239 2557 386 2646; x_wconf 62' lang='grc' dir='ltr'><strong><em>*λέγοιτο</em></strong></span> <span class='ocrx_word' id='word_1_199' title='bbox 410 2551 597 2638; x_wconf 88' lang='grc' dir='ltr'><strong><em>ὁμοούσιον,</em></strong></span> <span class='ocrx_word' id='word_1_200' title='bbox 622 2550 686 2622; x_wconf 77' lang='grc' dir='ltr'><strong><em>ούτ’</em></strong></span> <span class='ocrx_word' id='word_1_201' title='bbox 714 2547 770 2624; x_wconf 87' lang='grc' dir='ltr'><strong><em>οῦν</em></strong></span> <span class='ocrx_word' id='word_1_202' title='bbox 792 2554 1058 2644; x_wconf 14' lang='grc' dir='ltr'><strong><em>κατάηδιαίρεσιν</em></strong></span> <span class='ocrx_word' id='word_1_203' title='bbox 1081 2555 1157 2626; x_wconf 84' lang='grc' dir='ltr'><strong><em>οῦτε</em></strong></span> <span class='ocrx_word' id='word_1_204' title='bbox 1178 2559 1261 2625; x_wconf 87' lang='grc' dir='ltr'><strong><em>κατά</em></strong></span> <span class='ocrx_word' id='word_1_205' title='bbox 1282 2584 1357 2626; x_wconf 89' lang='grc' dir='ltr'><strong><em>τινα</em></strong></span> <span class='ocrx_word' id='word_1_206' title='bbox 1371 2553 1462 2625; x_wconf 89' lang='grc' dir='ltr'><strong><em>ἀπο-</em></strong></span> 
     </span>
     <span class='ocr_line' id='line_1_24' title="bbox 238 2651 1460 2746; baseline 0.006 -27"><span class='ocrx_word' id='word_1_207' title='bbox 238 2654 341 2742; x_wconf 85' lang='grc' dir='ltr'><strong><em>τομὴν</em></strong></span> <span class='ocrx_word' id='word_1_208' title='bbox 370 2654 404 2722; x_wconf 73' lang='grc' dir='ltr'><strong><em>ἐκ</em></strong></span> <span class='ocrx_word' id='word_1_209' title='bbox 433 2658 491 2721; x_wconf 90' lang='grc' dir='ltr'><strong><em>τοῦ</em></strong></span> <span class='ocrx_word' id='word_1_210' title='bbox 519 2655 646 2741; x_wconf 90' lang='grc' dir='ltr'><strong><em>πατρὸς</em></strong></span> <span class='ocrx_word' id='word_1_211' title='bbox 673 2651 873 2744; x_wconf 83' lang='grc' dir='ltr'><strong><em>ύποστήναι·</em></strong></span> <span class='ocrx_word' id='word_1_212' title='bbox 901 2656 1066 2746; x_wconf 79' lang='grc' dir='ltr'><strong><em>μηδὲγὰρ</em></strong></span> <span class='ocrx_word' id='word_1_213' title='bbox 1090 2657 1257 2728; x_wconf 90' lang='grc' dir='ltr'><strong><em>δύνασθαι</em></strong></span> <span class='ocrx_word' id='word_1_214' title='bbox 1278 2660 1334 2746; x_wconf 79' lang='grc' dir='ltr'><strong><em>τὴν</em></strong></span> <span class='ocrx_word' id='word_1_215' title='bbox 1356 2657 1460 2726; x_wconf 84' lang='grc' dir='ltr'><strong><em>ἀῦλον</em></strong></span> 
     </span>
     <span class='ocr_line' id='line_1_25' title="bbox 238 2750 1455 2852; baseline 0.002 -30"><span class='ocrx_word' id='word_1_216' title='bbox 238 2757 292 2822; x_wconf 88' lang='grc' dir='ltr'><strong><em>καί</em></strong></span> <span class='ocrx_word' id='word_1_217' title='bbox 315 2754 430 2840; x_wconf 87' lang='grc' dir='ltr'><strong><em>νοεράν</em></strong></span> <span class='ocrx_word' id='word_1_218' title='bbox 451 2754 507 2822; x_wconf 87' lang='grc' dir='ltr'><strong><em>καὶ</em></strong></span> <span class='ocrx_word' id='word_1_219' title='bbox 529 2750 704 2840; x_wconf 86' lang='grc' dir='ltr'><strong><em>ἀσώματον</em></strong></span> <span class='ocrx_word' id='word_1_220' title='bbox 727 2757 827 2848; x_wconf 86' lang='grc' dir='ltr'><strong><em>φύσιν</em></strong></span> <span class='ocrx_word' id='word_1_221' title='bbox 850 2757 1035 2844; x_wconf 88' lang='grc' dir='ltr'><strong><em>σωματικόν</em></strong></span> <span class='ocrx_word' id='word_1_222' title='bbox 1050 2786 1084 2826; x_wconf 92' lang='grc' dir='ltr'><strong><em>τι</em></strong></span> <span class='ocrx_word' id='word_1_223' title='bbox 1106 2759 1222 2840; x_wconf 91' lang='grc' dir='ltr'><strong><em>πάθος</em></strong></span> <span class='ocrx_word' id='word_1_224' title='bbox 1235 2757 1455 2852; x_wconf 80' lang='grc' dir='ltr'><strong><em>ἀφίστασθαι,</em></strong></span> 
     </span>
     <span class='ocr_line' id='line_1_26' title="bbox 238 2851 1457 2948; baseline 0.004 -26"><span class='ocrx_word' id='word_1_225' title='bbox 238 2862 349 2935; x_wconf 88' lang='grc' dir='ltr'><strong><em>θείοις</em></strong></span> <span class='ocrx_word' id='word_1_226' title='bbox 371 2857 407 2923; x_wconf 77' lang='grc' dir='ltr'><strong><em>δέ,</em></strong></span> <span class='ocrx_word' id='word_1_227' title='bbox 428 2859 481 2924; x_wconf 85' lang='grc' dir='ltr'><strong><em>καί</em></strong></span> <span class='ocrx_word' id='word_1_228' title='bbox 505 2851 707 2946; x_wconf 79' lang='grc' dir='ltr'><strong><em>ἀπορρήτοις</em></strong></span> <span class='ocrx_word' id='word_1_229' title='bbox 729 2859 838 2945; x_wconf 86' lang='grc' dir='ltr'><strong><em>λόγοις</em></strong></span> <span class='ocrx_word' id='word_1_230' title='bbox 862 2861 1054 2948; x_wconf 76' lang='grc' dir='ltr'><strong><em>ΙΙπροςήκειν</em></strong></span> <span class='ocrx_word' id='word_1_231' title='bbox 1070 2860 1263 2930; x_wconf 84' lang='grc' dir='ltr'><strong><em>τὰτοιαῦτα</em></strong></span> <span class='ocrx_word' id='word_1_232' title='bbox 1279 2871 1372 2929; x_wconf 91' lang='grc' dir='ltr'><strong><em>νοεῖν.</em></strong></span> <span class='ocrx_word' id='word_1_233' title='bbox 1401 2863 1457 2927; x_wconf 84' lang='grc' dir='ltr'><strong><em>καί</em></strong></span> 
     </span>
     <span class='ocr_line' id='line_1_27' title="bbox 236 2954 1458 3054; baseline 0.004 -29"><span class='ocrx_word' id='word_1_234' title='bbox 236 2954 258 3044; x_wconf 76' lang='grc' dir='ltr'><strong><em>ό</em></strong></span> <span class='ocrx_word' id='word_1_235' title='bbox 284 2959 344 3042; x_wconf 80' lang='grc' dir='ltr'><strong><em>μέν</em></strong></span> <span class='ocrx_word' id='word_1_236' title='bbox 374 2957 569 3048; x_wconf 88' lang='grc' dir='ltr'><strong><em>σοφιύτατος</em></strong></span> <span class='ocrx_word' id='word_1_237' title='bbox 590 2955 681 3046; x_wconf 84' lang='grc' dir='ltr'><strong><em>ήμῶν</em></strong></span> <span class='ocrx_word' id='word_1_238' title='bbox 703 2966 756 3028; x_wconf 85' lang='grc' dir='ltr'><strong><em>καὶ</em></strong></span> <span class='ocrx_word' id='word_1_239' title='bbox 780 2957 1013 3047; x_wconf 68' lang='grc' dir='ltr'><strong><em>εὐσεβέστατος</em></strong></span> <span class='ocrx_word' id='word_1_240' title='bbox 1032 2963 1187 3048; x_wconf 79' lang='grc' dir='ltr'><strong><em>βασιλεῦς</em></strong></span> <span class='ocrx_word' id='word_1_241' title='bbox 1208 2965 1321 3032; x_wconf 87' lang='grc' dir='ltr'><strong><em>τοίαδε</em></strong></span> <span class='ocrx_word' id='word_1_242' title='bbox 1343 2962 1458 3054; x_wconf 78' lang='grc' dir='ltr'><strong><em>ἐφιλο-</em></strong></span> 
     </span>
     <span class='ocr_line' id='line_1_28' title="bbox 239 3059 1457 3154; baseline 0.003 -28"><span class='ocrx_word' id='word_1_243' title='bbox 239 3059 353 3150; x_wconf 87' lang='grc' dir='ltr'><strong><em>σόφει,</em></strong></span> <span class='ocrx_word' id='word_1_244' title='bbox 384 3061 417 3127; x_wconf 81' lang='grc' dir='ltr'><strong><em>οἱ</em></strong></span> <span class='ocrx_word' id='word_1_245' title='bbox 450 3062 484 3128; x_wconf 82' lang='grc' dir='ltr'><strong><em>δέ</em></strong></span> <span class='ocrx_word' id='word_1_246' title='bbox 514 3061 685 3152; x_wconf 85' lang='grc' dir='ltr'><strong><em>προφάσει</em></strong></span> <span class='ocrx_word' id='word_1_247' title='bbox 707 3067 765 3150; x_wconf 75' lang='grc' dir='ltr'><strong><em>τῆς</em></strong></span> <span class='ocrx_word' id='word_1_248' title='bbox 787 3067 845 3132; x_wconf 89' lang='grc' dir='ltr'><strong><em>τοῦ</em></strong></span> <span class='ocrx_word' id='word_1_249' title='bbox 869 3059 1047 3148; x_wconf 87' lang='grc' dir='ltr'><strong><em>ύμοουοίου</em></strong></span> <span class='ocrx_word' id='word_1_250' title='bbox 1070 3065 1260 3154; x_wconf 86' lang='grc' dir='ltr'><strong><em>προςθήκης</em></strong></span> <span class='ocrx_word' id='word_1_251' title='bbox 1282 3065 1378 3151; x_wconf 85' lang='grc' dir='ltr'><strong><em>τήνδε</em></strong></span> <span class='ocrx_word' id='word_1_252' title='bbox 1400 3063 1457 3150; x_wconf 82' lang='grc' dir='ltr'><strong><em>τήν</em></strong></span> 
     </span>
     <span class='ocr_line' id='line_1_29' title="bbox 235 3157 988 3255; baseline 0.007 -26"><span class='ocrx_word' id='word_1_253' title='bbox 235 3159 364 3255; x_wconf 84' lang='grc' dir='ltr'><strong><em>γραφήν</em></strong></span> <span class='ocrx_word' id='word_1_254' title='bbox 388 3162 621 3250; x_wconf 88' lang='grc' dir='ltr'><strong><em>πεποιήκασιν.</em></strong></span> <span class='ocrx_word' id='word_1_255' title='bbox 985 3157 988 3164; x_wconf 48' lang='grc'>’</span> 
     </span>
    </p>
   </div>
   <div class='ocr_carea' id='block_1_4' title="bbox 436 3347 1266 3408">
    <p class='ocr_par' dir='ltr' id='par_1_6' title="bbox 436 3347 1266 3408">
     <span class='ocr_line' id='line_1_30' title="bbox 436 3347 1266 3408; baseline 0.01 -11"><span class='ocrx_word' id='word_1_256' title='bbox 436 3349 463 3397; x_wconf 82' lang='grc' dir='ltr'><strong><em>Η</em></strong></span> <span class='ocrx_word' id='word_1_257' title='bbox 481 3349 534 3396; x_wconf 82' lang='grc' dir='ltr'><strong><em>ΕΝ</em></strong></span> <span class='ocrx_word' id='word_1_258' title='bbox 552 3349 614 3398; x_wconf 80' lang='grc' dir='ltr'><strong><em>ΤΗΙ</em></strong></span> <span class='ocrx_word' id='word_1_259' title='bbox 630 3349 796 3398; x_wconf 70' lang='lat' dir='ltr'><strong><em>mom</em></strong></span> <span class='ocrx_word' id='word_1_260' title='bbox 815 3347 1117 3402; x_wconf 78' lang='grc' dir='ltr'><em>ῩΠΑΓΟΡΕΥΘΕῘΣΑ</em></span> <span class='ocrx_word' id='word_1_261' title='bbox 1137 3355 1266 3408; x_wconf 68' lang='lat' dir='ltr'><strong><em>mm.</em></strong></span> 
     </span>
    </p>
   </div>
   <div class='ocr_carea' id='block_1_5' title="bbox 299 3459 1457 3861">
    <p class='ocr_par' dir='ltr' id='par_1_7' title="bbox 299 3459 1457 3861">
     <span class='ocr_line' id='line_1_31' title="bbox 364 3459 1457 3558; baseline 0.008 -31"><span class='ocrx_word' id='word_1_262' title='bbox 364 3459 569 3544; x_wconf 88' lang='grc' dir='ltr'><strong><em>Πιστεύομεν</em></strong></span> <span class='ocrx_word' id='word_1_263' title='bbox 599 3461 645 3538; x_wconf 89' lang='grc' dir='ltr'><strong><em>είς</em></strong></span> <span class='ocrx_word' id='word_1_264' title='bbox 673 3462 729 3528; x_wconf 74' lang='grc' dir='ltr'><strong><em>ἕνα</em></strong></span> <span class='ocrx_word' id='word_1_265' title='bbox 750 3463 847 3544; x_wconf 90' lang='grc' dir='ltr'><strong><em>θεόν,</em></strong></span> <span class='ocrx_word' id='word_1_266' title='bbox 872 3471 1000 3553; x_wconf 89' lang='grc' dir='ltr'><strong><em>πατέρα</em></strong></span> <span class='ocrx_word' id='word_1_267' title='bbox 1021 3469 1287 3558; x_wconf 82' lang='grc' dir='ltr'><strong><em>παντοκράτορα,</em></strong></span> <span class='ocrx_word' id='word_1_268' title='bbox 1321 3470 1457 3538; x_wconf 87' lang='grc' dir='ltr'><strong><em>πάντων</em></strong></span> 
     </span>
     <span class='ocr_line' id='line_1_32' title="bbox 302 3553 1456 3660; baseline 0.012 -38"><span class='ocrx_word' id='word_1_269' title='bbox 302 3553 428 3643; x_wconf 82' lang='grc' dir='ltr'><strong><em>ὁρατῶν</em></strong></span> <span class='ocrx_word' id='word_1_270' title='bbox 453 3584 489 3649; x_wconf 85' lang='grc' dir='ltr'><strong><em>τε</em></strong></span> <span class='ocrx_word' id='word_1_271' title='bbox 522 3559 577 3626; x_wconf 86' lang='grc' dir='ltr'><strong><em>καὶ</em></strong></span> <span class='ocrx_word' id='word_1_272' title='bbox 609 3554 758 3647; x_wconf 88' lang='grc' dir='ltr'><strong><em>ἀοράτων</em></strong></span> <span class='ocrx_word' id='word_1_273' title='bbox 791 3565 947 3655; x_wconf 83' lang='grc' dir='ltr'><strong><em>ποιητήν,</em></strong></span> <span class='ocrx_word' id='word_1_274' title='bbox 981 3570 1032 3634; x_wconf 84' lang='grc' dir='ltr'><strong><em>καὶ</em></strong></span> <span class='ocrx_word' id='word_1_275' title='bbox 1058 3569 1104 3649; x_wconf 89' lang='grc' dir='ltr'><strong><em>είς</em></strong></span> <span class='ocrx_word' id='word_1_276' title='bbox 1127 3571 1183 3638; x_wconf 74' lang='grc' dir='ltr'><strong><em>ἕνα</em></strong></span> <span class='ocrx_word' id='word_1_277' title='bbox 1204 3569 1314 3657; x_wconf 86' lang='grc' dir='ltr'><strong><em>κύριον</em></strong></span> <span class='ocrx_word' id='word_1_278' title='bbox 1334 3567 1456 3660; x_wconf 78' lang='grc' dir='ltr'><strong><em>Ἰησοῦν</em></strong></span> 
     </span>
     <span class='ocr_line' id='line_1_33' title="bbox 299 3657 1456 3758; baseline 0.013 -34"><span class='ocrx_word' id='word_1_279' title='bbox 299 3657 456 3742; x_wconf 88' lang='grc' dir='ltr'><strong><em>Χριστόν,</em></strong></span> <span class='ocrx_word' id='word_1_280' title='bbox 480 3657 537 3726; x_wconf 86' lang='grc' dir='ltr'><strong><em>τὸν</em></strong></span> <span class='ocrx_word' id='word_1_281' title='bbox 559 3661 629 3730; x_wconf 79' lang='grc' dir='ltr'><strong><em>υἱὸν</em></strong></span> <span class='ocrx_word' id='word_1_282' title='bbox 651 3666 708 3730; x_wconf 91' lang='grc' dir='ltr'><strong><em>τοῦ</em></strong></span> <span class='ocrx_word' id='word_1_283' title='bbox 731 3668 824 3746; x_wconf 91' lang='grc' dir='ltr'><strong><em>θεοῦ,</em></strong></span> <span class='ocrx_word' id='word_1_284' title='bbox 846 3674 1046 3756; x_wconf 89' lang='grc' dir='ltr'><strong><em>γεννηθέντα</em></strong></span> <span class='ocrx_word' id='word_1_285' title='bbox 1069 3669 1102 3736; x_wconf 82' lang='grc' dir='ltr'><strong><em>έκ</em></strong></span> <span class='ocrx_word' id='word_1_286' title='bbox 1125 3673 1182 3738; x_wconf 89' lang='grc' dir='ltr'><strong><em>τοῦ</em></strong></span> <span class='ocrx_word' id='word_1_287' title='bbox 1204 3671 1332 3758; x_wconf 89' lang='grc' dir='ltr'><strong><em>πατρὸς</em></strong></span> <span class='ocrx_word' id='word_1_288' title='bbox 1353 3696 1456 3757; x_wconf 90' lang='grc' dir='ltr'><strong><em>μονο-</em></strong></span> 
     </span>
     <span class='ocr_line' id='line_1_34' title="bbox 299 3762 1457 3861; baseline 0.012 -35"><span class='ocrx_word' id='word_1_289' title='bbox 299 3762 382 3848; x_wconf 81' lang='grc' dir='ltr'><strong><em>γενῆ,</em></strong></span> <span class='ocrx_word' id='word_1_290' title='bbox 405 3766 573 3830; x_wconf 86' lang='grc' dir='ltr'><strong><em>τουτέστιν</em></strong></span> <span class='ocrx_word' id='word_1_291' title='bbox 597 3763 630 3830; x_wconf 77' lang='grc' dir='ltr'><strong><em>ἐκ</em></strong></span> <span class='ocrx_word' id='word_1_292' title='bbox 651 3767 709 3852; x_wconf 78' lang='grc' dir='ltr'><strong><em>τῆς</em></strong></span> <span class='ocrx_word' id='word_1_293' title='bbox 731 3762 845 3846; x_wconf 85' lang='grc' dir='ltr'><strong><em>ούοίας</em></strong></span> <span class='ocrx_word' id='word_1_294' title='bbox 866 3771 924 3834; x_wconf 89' lang='grc' dir='ltr'><strong><em>τοῦ</em></strong></span> <span class='ocrx_word' id='word_1_295' title='bbox 947 3769 1082 3858; x_wconf 89' lang='grc' dir='ltr'><strong><em>πατρός,</em></strong></span> <span class='ocrx_word' id='word_1_296' title='bbox 1107 3772 1188 3838; x_wconf 87' lang='grc' dir='ltr'><strong><em>θεὸν</em></strong></span> <span class='ocrx_word' id='word_1_297' title='bbox 1210 3771 1244 3840; x_wconf 83' lang='grc' dir='ltr'><strong><em>ίκ</em></strong></span> <span class='ocrx_word' id='word_1_298' title='bbox 1265 3776 1358 3854; x_wconf 85' lang='grc' dir='ltr'><strong><em>θεοῦ,</em></strong></span> <span class='ocrx_word' id='word_1_299' title='bbox 1383 3777 1457 3861; x_wconf 84' lang='grc' dir='ltr'><strong><em>φῶς</em></strong></span> 
     </span>
    </p>
   </div>
   <div class='ocr_carea' id='block_1_6' title="bbox 306 3949 546 4008">
    <p class='ocr_par' dir='ltr' id='par_1_8' title="bbox 306 3949 546 4008">
     <span class='ocr_line' id='line_1_35' title="bbox 306 3949 546 4008; baseline 0.017 -10"><span class='ocrx_word' id='word_1_300' title='bbox 306 3951 328 4006; x_wconf 69' lang='lat'><strong><em>15</em></strong></span> <span class='ocrx_word' id='word_1_301' title='bbox 348 3950 428 3999; x_wconf 73' lang='grc' dir='ltr'><strong><em>Μειιο.</em></strong></span> <span class='ocrx_word' id='word_1_302' title='bbox 447 3949 488 4008; x_wconf 83' lang='grc'><strong><em>28,</em></strong></span> <span class='ocrx_word' id='word_1_303' title='bbox 510 3951 546 4002; x_wconf 84' lang='grc'><strong><em>19.</em></strong></span> 
     </span>
    </p>
   </div>
   <div class='ocr_carea' id='block_1_7' title="bbox 234 4078 1457 4299">
    <p class='ocr_par' dir='ltr' id='par_1_9' title="bbox 234 4078 1457 4299">
     <span class='ocr_line' id='line_1_36' title="bbox 269 4078 1453 4160; baseline 0.009 -29"><span class='ocrx_word' id='word_1_304' title='bbox 269 4099 289 4132; x_wconf 84' lang='grc' dir='ltr'><strong><em>ε.</em></strong></span> <span class='ocrx_word' id='word_1_305' title='bbox 309 4085 422 4134; x_wconf 69' lang='lat' dir='ltr'><strong><em>Socrates</em></strong></span> <span class='ocrx_word' id='word_1_306' title='bbox 442 4078 512 4133; x_wconf 86' lang='grc' dir='ltr'><strong><em>τύτω</em></strong></span> <span class='ocrx_word' id='word_1_307' title='bbox 531 4079 642 4152; x_wconf 78' lang='grc' dir='ltr'><strong><em>σχήσειν</em></strong></span> <span class='ocrx_word' id='word_1_308' title='bbox 658 4081 819 4156; x_wconf 71' lang='grc' dir='ltr'><strong><em>καλέναύτη·</em></strong></span> <span class='ocrx_word' id='word_1_309' title='bbox 904 4107 924 4142; x_wconf 80' lang='grc' dir='ltr'><strong><em>α.</em></strong></span> <span class='ocrx_word' id='word_1_310' title='bbox 944 4092 1064 4143; x_wconf 82' lang='grc' dir='ltr'><strong><em>Τίνεσδοτ.</em></strong></span> <span class='ocrx_word' id='word_1_311' title='bbox 1083 4101 1106 4142; x_wconf 76' lang='grc' dir='ltr'><strong><em>ελ</em></strong></span> <span class='ocrx_word' id='word_1_312' title='bbox 1125 4093 1204 4144; x_wconf 75' lang='lat' dir='ltr'><strong>Gelas.</strong></span> <span class='ocrx_word' id='word_1_313' title='bbox 1222 4085 1331 4160; x_wconf 75' lang='grc' dir='ltr'><strong><em>ἔχοντες</em></strong></span> <span class='ocrx_word' id='word_1_314' title='bbox 1346 4088 1393 4142; x_wconf 78' lang='grc' dir='ltr'><strong><em>καὶ</em></strong></span> <span class='ocrx_word' id='word_1_315' title='bbox 1411 4085 1453 4142; x_wconf 86' lang='grc' dir='ltr'><strong><em>δι’</em></strong></span> 
     </span>
     <span class='ocr_line' id='line_1_37' title="bbox 234 4143 1455 4218; baseline 0.011 -20"><span class='ocrx_word' id='word_1_316' title='bbox 234 4143 398 4200; x_wconf 75' lang='grc' dir='ltr'><strong><em>ἐνίστασθαι</em></strong></span> <span class='ocrx_word' id='word_1_317' title='bbox 423 4151 456 4218; x_wconf 78' lang='grc' dir='ltr'><strong><em>τῇ</em></strong></span> <span class='ocrx_word' id='word_1_318' title='bbox 479 4149 576 4206; x_wconf 85' lang='grc' dir='ltr'><strong><em>πίστει.</em></strong></span> <span class='ocrx_word' id='word_1_319' title='bbox 616 4156 736 4207; x_wconf 81' lang='grc' dir='ltr'><strong><em>Τίιεοδοε.</em></strong></span> <span class='ocrx_word' id='word_1_320' title='bbox 761 4159 818 4207; x_wconf 82' lang='lat' dir='ltr'>ibid.</span> <span class='ocrx_word' id='word_1_321' title='bbox 871 4149 1041 4215; x_wconf 82' lang='grc' dir='ltr'><strong><em>ἀποδείξεων.</em></strong></span> <span class='ocrx_word' id='word_1_322' title='bbox 1071 4161 1131 4212; x_wconf 85' lang='lat' dir='ltr'><strong>lbid.</strong></span> <span class='ocrx_word' id='word_1_323' title='bbox 1150 4156 1197 4208; x_wconf 85' lang='grc' dir='ltr'><strong><em>καί</em></strong></span> <span class='ocrx_word' id='word_1_324' title='bbox 1214 4171 1269 4212; x_wconf 72' lang='lat' dir='ltr'><strong><em>ante</em></strong></span> <span class='ocrx_word' id='word_1_325' title='bbox 1286 4157 1394 4212; x_wconf 82' lang='grc' dir='ltr'><strong><em>πείθειν</em></strong></span> <span class='ocrx_word' id='word_1_326' title='bbox 1410 4163 1455 4211; x_wconf 71' lang='grc' dir='ltr'><strong><em>εῦ-</em></strong></span> 
     </span>
     <span class='ocr_line' id='line_1_38' title="bbox 234 4214 1457 4299; baseline 0.01 -33"><span class='ocrx_word' id='word_1_327' title='bbox 234 4219 304 4268; x_wconf 72' lang='lat' dir='ltr'>habe!</span> <span class='ocrx_word' id='word_1_328' title='bbox 324 4214 515 4271; x_wconf 84' lang='grc' dir='ltr'><strong><em>συνίστασθαι.</em></strong></span> <span class='ocrx_word' id='word_1_329' title='bbox 870 4235 907 4277; x_wconf 82' lang='grc' dir='ltr'><strong><em>εει</em></strong></span> <span class='ocrx_word' id='word_1_330' title='bbox 924 4243 936 4278; x_wconf 84' lang='grc' dir='ltr'><strong><em>ε</em></strong></span> <span class='ocrx_word' id='word_1_331' title='bbox 956 4227 1064 4286; x_wconf 73' lang='lat' dir='ltr'><strong><em>Socrate,</em></strong></span> <span class='ocrx_word' id='word_1_332' title='bbox 1082 4231 1122 4292; x_wconf 80' lang='lat' dir='ltr'><strong><em>qui</em></strong></span> <span class='ocrx_word' id='word_1_333' title='bbox 1142 4243 1196 4278; x_wconf 84' lang='lat' dir='ltr'><strong><em>mox</em></strong></span> <span class='ocrx_word' id='word_1_334' title='bbox 1213 4245 1258 4294; x_wconf 82' lang='lat' dir='ltr'><strong><em>pro</em></strong></span> <span class='ocrx_word' id='word_1_335' title='bbox 1271 4222 1457 4299; x_wconf 73' lang='grc' dir='ltr'><strong><em>παρεληλυθό-</em></strong></span> 
     </span>
    </p>
   </div>
   <div class='ocr_carea' id='block_1_8' title="bbox 232 4282 1457 4429">
    <p class='ocr_par' dir='ltr' id='par_1_10' title="bbox 232 4282 1457 4429">
     <span class='ocr_line' id='line_1_39' title="bbox 266 4282 1457 4372; baseline 0.011 -37"><span class='ocrx_word' id='word_1_336' title='bbox 266 4287 289 4336; x_wconf 86' lang='lat' dir='ltr'><strong><em>b.</em></strong></span> <span class='ocrx_word' id='word_1_337' title='bbox 309 4287 428 4341; x_wconf 82' lang='grc' dir='ltr'><strong><em>ΤΙιεοιίοτ.</em></strong></span> <span class='ocrx_word' id='word_1_338' title='bbox 448 4289 534 4368; x_wconf 74' lang='grc' dir='ltr'><strong><em>οτηίιιίι</em></strong></span> <span class='ocrx_word' id='word_1_339' title='bbox 550 4282 681 4370; x_wconf 78' lang='grc' dir='ltr'><strong><em>πάντοτε,</em></strong></span> <span class='ocrx_word' id='word_1_340' title='bbox 706 4307 751 4356; x_wconf 80' lang='lat' dir='ltr'><strong><em>pro</em></strong></span> <span class='ocrx_word' id='word_1_341' title='bbox 770 4307 817 4372; x_wconf 74' lang='lat' dir='ltr'><strong><em>quo</em></strong></span> <span class='ocrx_word' id='word_1_342' title='bbox 868 4307 917 4347; x_wconf 85' lang='grc' dir='ltr'><strong><em>ταε</em></strong></span> <span class='ocrx_word' id='word_1_343' title='bbox 935 4297 1007 4345; x_wconf 71' lang='lat' dir='ltr'>habet</span> <span class='ocrx_word' id='word_1_344' title='bbox 1023 4288 1219 4364; x_wconf 75' lang='grc' dir='ltr'><strong><em>παρελθόντος.</em></strong></span> <span class='ocrx_word' id='word_1_345' title='bbox 1257 4299 1323 4348; x_wconf 82' lang='lat' dir='ltr'>Idem</span> <span class='ocrx_word' id='word_1_346' title='bbox 1342 4307 1457 4363; x_wconf 69' lang='lat' dir='ltr'>posm-</span> 
     </span>
     <span class='ocr_line' id='line_1_40' title="bbox 232 4353 1218 4429; baseline 0.008 -27"><span class='ocrx_word' id='word_1_347' title='bbox 232 4353 346 4404; x_wconf 73' lang='lat' dir='ltr'><strong><em>Socrates</em></strong></span> <span class='ocrx_word' id='word_1_348' title='bbox 365 4355 545 4412; x_wconf 81' lang='grc' dir='ltr'><strong><em>ίιεΙνειπανια,</em></strong></span> <span class='ocrx_word' id='word_1_349' title='bbox 559 4359 669 4408; x_wconf 76' lang='grc' dir='ltr'><strong><em>θείεεισε</em></strong></span> <span class='ocrx_word' id='word_1_350' title='bbox 681 4375 737 4409; x_wconf 69' lang='lat' dir='ltr'><strong><em>vtro</em></strong></span> <span class='ocrx_word' id='word_1_351' title='bbox 748 4373 817 4408; x_wconf 80' lang='grc' dir='ltr'><strong><em>σαν·</em></strong></span> <span class='ocrx_word' id='word_1_352' title='bbox 869 4355 1006 4429; x_wconf 85' lang='grc' dir='ltr'><strong><em>ρύσσομεν</em></strong></span> <span class='ocrx_word' id='word_1_353' title='bbox 1024 4364 1089 4414; x_wconf 69' lang='lat' dir='ltr'><strong><em>adda</em></strong></span> <span class='ocrx_word' id='word_1_354' title='bbox 1107 4357 1122 4412; x_wconf 85' lang='grc' dir='ltr'><strong><em>ύ</em></strong></span> <span class='ocrx_word' id='word_1_355' title='bbox 1145 4358 1218 4417; x_wconf 81' lang='grc' dir='ltr'><strong><em>σι’ωε.</em></strong></span> 
     </span>
    </p>
   </div>
   <div class='ocr_carea' id='block_1_9' title="bbox 230 4419 1456 4580">
    <p class='ocr_par' dir='ltr' id='par_1_11' title="bbox 230 4419 1456 4580">
     <span class='ocr_line' id='line_1_41' title="bbox 230 4419 1178 4492; baseline 0.014 -25"><span class='ocrx_word' id='word_1_356' title='bbox 230 4432 302 4477; x_wconf 74' lang='grc' dir='ltr'><strong><em>τως,</em></strong></span> <span class='ocrx_word' id='word_1_357' title='bbox 331 4424 371 4486; x_wconf 81' lang='lat' dir='ltr'><strong><em>qui</em></strong></span> <span class='ocrx_word' id='word_1_358' title='bbox 399 4433 522 4488; x_wconf 72' lang='lat' dir='ltr'>praeterea</span> <span class='ocrx_word' id='word_1_359' title='bbox 558 4441 603 4489; x_wconf 81' lang='lat' dir='ltr'><strong><em>pro</em></strong></span> <span class='ocrx_word' id='word_1_360' title='bbox 636 4419 716 4492; x_wconf 77' lang='grc' dir='ltr'><strong><em>ἴσμεν</em></strong></span> <span class='ocrx_word' id='word_1_361' title='bbox 746 4429 817 4479; x_wconf 71' lang='lat' dir='ltr'>habet</span> <span class='ocrx_word' id='word_1_362' title='bbox 902 4432 925 4481; x_wconf 88' lang='lat' dir='ltr'><strong><em>d.</em></strong></span> <span class='ocrx_word' id='word_1_363' title='bbox 944 4431 994 4481; x_wconf 78' lang='lat' dir='ltr'><strong><em>The</em></strong></span> <span class='ocrx_word' id='word_1_364' title='bbox 1012 4431 1064 4482; x_wconf 80' lang='lat' dir='ltr'><strong>dor.</strong></span> <span class='ocrx_word' id='word_1_365' title='bbox 1083 4423 1115 4480; x_wconf 83' lang='grc' dir='ltr'><strong><em>ού</em></strong></span> <span class='ocrx_word' id='word_1_366' title='bbox 1133 4427 1178 4484; x_wconf 75' lang='grc' dir='ltr'><strong><em>εἰς.</em></strong></span> 
     </span>
     <span class='ocr_line' id='line_1_42' title="bbox 230 4479 1456 4580; baseline -0.004 -28"><span class='ocrx_word' id='word_1_367' title='bbox 230 4479 362 4555; x_wconf 58' lang='lat' dir='ltr'>‘mm&#39;-</span> <span class='ocrx_word' id='word_1_368' title='bbox 706 4573 711 4580; x_wconf 22' lang='lat'><em>⁶</em></span> <span class='ocrx_word' id='word_1_369' title='bbox 897 4513 917 4548; x_wconf 81' lang='grc' dir='ltr'><strong><em>ε.</em></strong></span> <span class='ocrx_word' id='word_1_370' title='bbox 937 4499 987 4549; x_wconf 75' lang='lat' dir='ltr'><strong><em>Tho</em></strong></span> <span class='ocrx_word' id='word_1_371' title='bbox 1022 4514 1058 4550; x_wconf 82' lang='grc' dir='ltr'><strong><em>σε.</em></strong></span> <span class='ocrx_word' id='word_1_372' title='bbox 1072 4493 1303 4566; x_wconf 84' lang='grc' dir='ltr'><strong><em>συνωμολογήτει.</em></strong></span> <span class='ocrx_word' id='word_1_373' title='bbox 1340 4499 1456 4550; x_wconf 74' lang='lat' dir='ltr'><strong><em>Soerntes</em></strong></span> 
     </span>
    </p>
   </div>
   <div class='ocr_carea' id='block_1_10' title="bbox 0 0 1592 5058">
    <p class='ocr_par' dir='ltr' id='par_1_12' title="bbox 0 0 1592 5058">
     <span class='ocr_line' id='line_1_43' title="bbox 0 0 1592 5058; baseline 0 2"><span class='ocrx_word' id='word_1_374' title='bbox 0 0 1592 5058; x_wconf 95' lang='lat' dir='ltr'><strong><em> </em></strong></span> 
     </span>
    </p>
   </div>
  </div>
 </body>
</html>
