3212 5060
517 311 521 319 ,
550 271 656 316 oarrro
672 272 715 315 nr.
733 272 846 318 cournn
860 273 995 316 soranos.
1314 263 1375 324 573
1410 321 1414 328 .

157 429 302 512 prolicere
333 445 396 488 non
428 423 572 504 significet
603 421 698 502 ipsam
732 424 926 504 Sapientiam¹
944 427 1104 506 proficere,
1136 427 1189 489 sed
1219 429 1375 490 humanam
1385 441 1460 488 aaut.

142 541 270 596 tantun
291 538 425 592 naturam
447 527 477 587 in
502 545 533 586 ea
557 525 710 604 proficere.
747 527 898 606 Siquidem
922 527 1006 591 lesos
1026 529 1208 611 proficiebat
1229 536 1377 610 sapientia

159 648 187 698 ct
212 637 328 716 pretio,
351 630 396 691 vel
430 626 549 709 potius,
577 633 611 686 ut
639 628 775 706 apposite
804 629 892 689 simul
921 637 950 688 et
971 649 1039 692 vere
1060 631 1230 712 loquamur,
1260 632 1376 711 ipsein

159 737 259 816 seipso
282 729 464 813 proficiebat.
507 727 580 789 Nam
603 726 759 807 Sapientia
783 729 953 808 aedificavit
975 732 1033 792 sibi
1046 735 1171 805 domum,
1195 733 1321 812 fecitque
1343 742 1377 796 ut

158 837 265 898 domus
287 834 318 895 in
340 831 439 910 seipsa
461 831 627 910 proficeret.

243 941 294 1003 53.
338 935 475 996 Ceterum
498 949 641 1011 quaenam
664 929 712 991 illa
734 937 779 990 est
799 929 989 1009 progressio,
1012 934 1108 1010 quam,
1131 935 1173 994 uti
1196 937 1376 1015 supradixi,

158 1038 249 1118 gratia
272 1044 302 1097 et
323 1035 458 1098 divinitas
481 1031 650 1094 bominibus
673 1051 689 1094 a
713 1030 861 1111 Sapientia
889 1029 1051 1111 impartita,
1080 1035 1229 1096 destructo
1258 1038 1288 1098 in
1316 1037 1376 1098 illis

157 1147 277 1218 peccato
300 1145 330 1199 et
352 1136 542 1215 corruptione
563 1142 685 1213 propter
707 1133 839 1212 ipsorum
862 1151 927 1194 cum
943 1150 1030 1194 carne
1045 1133 1134 1195 Verbi
1155 1135 1377 1199 similitudinem

158 1251 188 1304 et
215 1237 446 1320 cognationem?
483 1237 526 1298 lta
558 1236 636 1298 enirn
670 1253 795 1313 corpore
826 1243 921 1296 aetate
949 1244 1100 1297 crescente
1127 1237 1158 1296 in
1186 1236 1236 1298 illo
1259 1255 1377 1316 quoque

158 1343 309 1405 crescebat
323 1341 418 1402 maior
433 1337 592 1400 divinitatis
608 1337 772 1416 explicatio,
789 1337 985 1417 omnibusque
1001 1338 1219 1411 ostendebatur,
1237 1338 1377 1418 templum

158 1444 211 1504 Dei
237 1444 336 1522 ipsum
365 1461 433 1503 esse
462 1448 492 1502 et
518 1439 609 1500 Deum
638 1457 704 1500 esse
733 1438 763 1498 in
786 1457 921 1518 corpore.
967 1439 1054 1512 Quod
1076 1440 1103 1502 si
1125 1440 1214 1501 rixari
1235 1440 1325 1502 veiint
1345 1440 1375 1500 in

158 1563 204 1618 eo,
228 1545 308 1623 quod
333 1543 458 1606 Verbum
479 1559 551 1604 coro
573 1542 688 1620 suctum
711 1540 794 1622 lesus
817 1540 856 1603 sit
883 1541 1060 1622 appellatus,
1090 1541 1126 1602 ad
1156 1561 1283 1623 eumque
1305 1542 1375 1602 illud
1385 1562 1461 1608 roca

157 1645 266 1708 dictum
295 1645 476 1726 proficiebat
503 1643 647 1716 reserant,
682 1643 803 1704 audiant
828 1662 923 1723 neque
952 1662 1047 1705 ea1re
1070 1642 1203 1704 imminui
1225 1653 1376 1722 paternam

154 1748 266 1820 lucem,
297 1765 371 1826 quae
393 1745 485 1806 Filius
507 1745 571 1823 ipse
593 1753 648 1804 est.
691 1744 799 1805 Verum
821 1743 851 1806 id
872 1765 977 1808 rursus
1000 1746 1144 1817 ostendit,
1166 1743 1294 1806 Verbum
1316 1745 1381 1818 bo·,

153 1849 264 1924 minem
287 1867 356 1909 esse
377 1848 486 1909 ledum
507 1865 666 1926 veramque
689 1865 805 1908 manem
827 1845 977 1909 babuisse.
1011 1848 1104 1920 Unde,
1127 1846 1377 1926 quemadmodum

153 1950 282 2012 diximus
305 1968 371 2011 eum
394 1967 481 2010 carne
502 1965 627 2028 passum
650 1966 733 2022 esse,
764 1967 852 2010 carne
881 1951 1041 2024 esuriisse,
1070 1967 1157 2011 carne
1187 1949 1376 2026 defatigatum

154 2070 233 2126 essa,
254 2051 295 2112 ila
317 2059 347 2112 ct
368 2051 475 2112 merito
499 2050 617 2129 quidem
640 2051 785 2111 affirmare
801 2050 870 2111 lieet
884 2069 950 2112 eum
967 2069 1054 2113 οοιιιο
1068 2050 1243 2128 proiecisse.
1274 2051 1377 2129 Neque

154 2153 233 2215 enim
256 2153 303 2215 illa
325 2154 567 2233 qualemcumque
590 2150 716 2212 diximus
739 2152 911 2230 progressio
934 2151 1037 2224 debat,
1066 2151 1151 2231 quasi
1173 2150 1299 2211 Verbum
1323 2169 1376 2210 en-

152 2255 302 2316 trinsecus
326 2255 475 2327 existeret,
502 2252 554 2314 sed
577 2252 606 2312 in
630 2252 678 2313 illo
702 2259 765 2312 erat
786 2259 815 2312 et
837 2253 902 2312 eius
926 2251 1032 2313 dicitur
1054 2269 1123 2313 caro
1144 2245 1320 2330 proficiens,
1342 2257 1376 2311 ut

154 2357 266 2420 scilicet
293 2356 446 2418 bominum
473 2371 652 2434 progressus
683 2361 806 2432 propter
835 2353 969 2433 ipsorum
997 2370 1068 2413 cum
1085 2352 1182 2414 Verbo
1205 2351 1376 2413 societatem

154 2457 269 2520 stabilis
298 2467 403 2536 posset
431 2473 630 2536 perseverare.
674 2455 737 2517 Neo
758 2473 827 2534 ergo
852 2455 978 2518 Verbum
1006 2453 1194 2535 proficiebat,
1223 2472 1279 2515 nec
1307 2471 1375 2514 caro

154 2567 218 2622 erat
238 2557 405 2638 Sapientia,
435 2556 488 2618 sed
517 2576 586 2619 caro
615 2557 690 2618 lacta
718 2564 763 2618 est
785 2556 950 2636 Sapientiae
979 2575 1097 2637 corpus.
1142 2555 1303 2630 Quocirca,
1332 2555 1375 2616 uti

43 2736 44 2739 Ἴ
153 2659 320 2734 docuimus,
342 2677 404 2720 non
426 2658 574 2740 Sapientia
596 2667 742 2739 quatenus
759 2668 806 2720 est
820 2657 967 2738 Sapientia
989 2660 1052 2738 ipsa
1074 2677 1128 2739 per
1150 2659 1278 2737 seipsam
1301 2675 1375 2736 pro-

154 2761 278 2834 ficiebat,
304 2761 357 2822 sed
380 2760 444 2823 sola
466 2760 634 2823 humanitas
650 2761 681 2822 in
696 2761 844 2840 Sapientia
860 2760 1040 2840 proficiebat,
1062 2761 1220 2822 humanam
1235 2756 1374 2839 paulatim

153 2863 365 2924 transcendens
396 2871 550 2934 naturam,
584 2860 681 2924 divina
713 2862 828 2923 reddita
860 2862 1014 2942 ipsiusque
1043 2861 1209 2940 Sapientiae
1241 2863 1316 2922 lacta
1346 2867 1376 2922 et

154 2959 294 3024 omnibus
317 2979 461 3039 apparens
483 2963 728 3035 instrumentum,
756 2979 820 3041 quo·
842 2961 878 3024 ad
900 2963 1043 3042 agendum
1065 2971 1095 3024 et
1117 2963 1287 3024 elucendum
1309 2963 1375 3041 ipsa

152 3069 288 3123 uteretur
316 3059 460 3122 divinitas.
504 3061 581 3123 Hinc
612 3080 795 3143 nequaquam
824 3063 911 3124 dixit:
944 3062 1071 3125 Verbum
1098 3062 1285 3142 proficiebat,
1320 3061 1373 3122 sed

153 3163 256 3234 lesus,
290 3161 370 3242 quod
400 3162 518 3241 quidem
540 3181 649 3229 nomen
672 3165 814 3226 Dominus
837 3166 929 3227 lactus
951 3165 1041 3226 bomo
1063 3163 1190 3244 aceepit3
1222 3163 1260 3224 ita
1283 3169 1315 3224 ut
1336 3162 1393 3223 ad=

151 3265 310 3328 humanam
340 3272 473 3326 naturam
501 3284 693 3346 progressus·
713 3267 762 3330 ille
789 3267 936 3347 pertineat
962 3286 997 3328 eo
1024 3285 1082 3346 quo
1103 3283 1193 3345 sopra
1215 3263 1373 3344 explicavi-

151 3385 219 3429 mus
242 3365 342 3430 modo.
974 3387 978 3398 *

187 3555 202 3603 l.
221 3553 262 3603 Sic
281 3569 338 3604 mss.
373 3553 400 3604 lo
418 3555 523 3605 editione
542 3565 621 3606 autem
641 3556 733 3606 Comm.
821 3557 842 3606 b.
862 3557 917 3618 neq.
938 3555 959 3605 1.
978 3563 1003 3606 et
1019 3555 1159 3619 Sequerian.
1177 3547 1223 3602 aab
1240 3546 1316 3604 τοῦθ’
1336 3547 1374 3610 ὥς

151 3622 220 3672 deest
237 3612 288 3671 ὅτι.
323 3622 373 3672 blcx
399 3623 453 3684 lleg.
474 3624 496 3672 l.
520 3624 619 3686 Sequar.
638 3626 734 3675 Gobler.
785 3623 926 3692 προεῖπον.

151 3697 174 3740 at
197 3689 303 3738 Vela-tm.
323 3691 343 3739 t.
370 3681 382 3738 t
409 3683 487 3768 o'peoe
514 3686 608 3757 σάρκα.
643 3692 694 3742 dlii·
711 3699 734 3741 et
819 3695 834 3742 i.
852 3695 892 3742 Sic
910 3701 1009 3756 uterque
1031 3691 1088 3753 aeg.
1113 3691 1304 3752 successsit.
1323 3691 1372 3740 bn-

150 3757 222 3807 editio
242 3757 359 3808 Commal.
392 3769 475 3823 φοριο
492 3752 587 3823 σάρκα.
785 3761 839 3823 glic.
859 3761 956 3811 Gobler.
974 3768 998 3809 et
1014 3759 1118 3809 Felelm.
1132 3759 1153 3808 l.
1189 3763 1217 3808 tt
1235 3761 1257 3808 in
1276 3760 1329 3808 aliis
1348 3765 1373 3810 et

785 3830 855 3879 editis
865 3830 932 3878 deest
941 3819 998 3892 asir.
1029 3827 1079 3876 llos
1091 3834 1145 3890 pest
1160 3817 1281 3894 ὄργανον
1289 3819 1373 3887 αὐτῆς

783 3896 839 3959 lieg.
861 3897 882 3945 l.
910 3904 933 3945 et
956 3897 1054 3956 Sequar.
1077 3897 1190 3944 omittunt
1210 3887 1366 3961 γινόμενον,

784 3965 847 4027 qood
872 3963 911 4012 bic
935 3963 975 4012 alil
999 3971 1022 4013 et
1040 3963 1095 4011 editi
1117 3963 1218 4020 babent,
1245 3965 1288 4012 sed
1308 3965 1370 4013 inira

783 4039 943 4094 transponant
967 4037 1023 4094 post
1044 4023 1180 4096 ἔκλαμψιν
1198 4023 1297 4089 αὐτῆς,
1324 4033 1370 4080 ibi·

785 4098 887 4161 demqua
915 4098 1003 4148 babent
1026 4092 1070 4146 aral
1095 4091 1267 4164 perciperes
1289 4097 1369 4154 πᾶσι,

785 4166 825 4214 ubi
844 4165 884 4214 elii
903 4176 926 4214 et
944 4167 1000 4216 editi
1019 4166 1122 4232 φαῖνον
1135 4159 1165 4216 ἐν
1181 4163 1257 4216 πᾶσι.

818 4233 841 4282 k.
859 4234 973 4296 Siolteq.
994 4235 1014 4284 l.
1042 4235 1141 4284 Gobler.
1170 4243 1193 4284 ot
1219 4234 1324 4307 Falqlm.
1347 4234 1369 4282 l.

182 3872 206 3920 q·
225 3858 328 3922 Uterque
346 3858 442 3920 Regios,
466 3859 564 3922 Seqoen
588 3859 685 3910 Gobler.
711 3869 734 3910 et

148 3925 252 3975 Feleltm.
274 3925 294 3973 l.
314 3925 404 3975 addunt
420 3919 481 3982 aral,
508 3928 571 3990 quod
595 3927 619 3976 in
638 3929 691 3976 aliis
710 3936 734 3978 el

150 3993 313 4043 editis'deest.
349 3993 438 4042 ibidem
464 3995 520 4056 Req.
541 3995 562 4043 t.
586 4002 609 4044 et
632 3995 731 4057 Segner.

149 4053 272 4110 ἔπείναοε
289 4069 312 4110 οι
329 4051 431 4110 ἐκοπία.
467 4061 525 4111 ltem
551 4062 621 4112 iidem
641 4069 664 4110 et
683 4063 732 4114 Go-

91 4165 93 4172 .
148 4129 249 4178 blerian.
268 4143 296 4178 ec
314 4127 416 4178 l'elelrm.
431 4123 508 4180 1.καί
525 4128 606 4178 τοῦτο
624 4121 734 4183 εἰκότως

148 4187 183 4244 ἂν
199 4192 316 4262 λέγοιτο,
335 4190 415 4267 σαρκὶ
432 4193 609 4264 apotactitas.⁴
643 4197 733 4250 Ibidem

147 4257 732 4390 latibula.&tiliiillabili
784 4299 908 4431 ³²,qu
920 4310 951 4418 a
961 4303 1017 4420 ‘21¹³
1025 4293 1235 4433 ,mm
1259 4360 1305 4414 ,αι
1329 4357 1368 4416 a.

148 4391 420 4482 oddd*pdp,e'5mdsv.
457 4403 535 4453 Editio
560 4403 675 4454 Commel.
701 4393 732 4450 οὗ
784 4435 880 4486 ὓοωεῐ·
898 4446 922 4486 οι
939 4438 1043 4488 ΝΜ.
1064 4442 1085 4488 ¹·
1104 4429 1189 4501 ,pm
1208 4430 1244 4486 p„
1278 4434 1323 4483 pm
1342 4441 1366 4482 ,ι

145 4482 200 4537 7⁰²9
219 4465 281 4522 ⁰⁰⁶⁶
299 4467 407 4526 ‘ww'
556 4557 560 4572 Ι
783 4503 840 4554 editi
858 4495 895 4558 uls
911 4497 949 4554 lv.
1261 4515 1262 4520 ’
