3176 5058
493 321 691 368 emeremus
706 319 1029 369 sunrnnrmnrorrsn.
1310 307 1371 372 lll'l

146 477 242 542 ileum
269 475 352 538 illum
378 491 479 555 neque
499 472 629 536 Verbum
658 491 775 536 earnem
797 474 904 536 laetum
927 491 995 535 osse
1017 471 1189 536 eredebant.
1235 472 1457 555 Quapro-eoes

146 587 215 660 pter
245 577 323 640 beati
345 573 483 656 Apostoli
511 574 648 654 prudenti
677 573 835 636 admodum
856 573 983 636 oonsilio
1004 574 1133 653 primum
1156 573 1285 636 bumana
1308 575 1375 638 Sal-

146 679 261 742 ratoris
289 675 407 740 ludaeis
435 691 627 749 enarravero,
656 683 689 736 ut
714 693 768 737 eos
795 693 831 736 ar
859 675 946 736 editis
975 675 1203 756 conspicuisque
1224 675 1375 740 miramlis

148 779 210 842 iam
231 777 389 842 aduenisse
403 775 554 838 Christum
575 775 662 854 plane
682 792 843 854 persuasos
864 775 933 836 hine
953 775 991 836 ad
1013 777 1187 838 credendam
1210 777 1274 840 elus
1297 776 1374 838 diri-

149 881 274 943 nitatem
296 877 486 949 delumens,
508 875 752 948 demonstrando,
774 891 874 954 opera,
896 889 971 953 quae
993 875 1068 937 edita
1089 879 1215 951 luerent,
1236 895 1299 940 nou
1313 879 1373 940 bo-

150 978 242 1042 minis
276 977 328 1039 sed
359 976 412 1038 llei
440 993 518 1038 esee.
564 974 650 1038 Certe
677 975 785 1036 Petrus
813 991 880 1036 eum
907 973 1044 1048 dixisset,
1076 976 1172 1038 sirum
1204 979 1374 1058 passibilem

154 1079 306 1142 Christum
328 1093 407 1150 esse,
429 1075 508 1138 illico
529 1075 696 1138 subiunxit:
718 1075 776 1138 llio
797 1085 907 1137 auctor
929 1078 1009 1140 uitae
1031 1085 1084 1148 ert,
1106 1076 1227 1156 ipseque
1241 1081 1270 1142 in
1286 1099 1374 1143 evan·

151 1181 231 1261 pelio
254 1179 428 1242 oonlitetur:
453 1175 494 1238 Tu
517 1195 548 1238 es
573 1176 713 1240 Christus
735 1176 821 1256 filius
843 1175 903 1239 Dor·
921 1177 993 1246 odoi,
1017 1183 1047 1237 et
1067 1175 1098 1236 in
1121 1176 1242 1255 epistola
1257 1199 1311 1241 sua
1324 1182 1374 1255 ait,

151 1283 251 1362 ipsum
274 1279 456 1361 Episcopum
483 1280 655 1340 onrbtorrm
681 1283 769 1356 atque
789 1276 954 1366 Dominum
979 1293 1064 1338 suum
1092 1294 1147 1340 nee
1168 1295 1228 1338 nou
1249 1279 1378 1360 Appole-

152 1401 225 1446 rum
247 1391 278 1444 et
299 1379 484 1443 Potestotuoa
506 1395 585 1440 esse.
627 1376 737 1439 Paulus
759 1375 846 1450 item,
870 1376 920 1456 qui
942 1375 998 1450 ait,
1021 1375 1173 1439 Christum
1195 1395 1262 1440 esse
1284 1379 1380 1442 ulrum

152 1503 190 1548 ex
211 1481 325 1546 semine
346 1478 452 1554 llavid,
487 1475 665 1559 iu'epistola
693 1475 730 1538 ad
751 1477 906 1540 Hebraeos
928 1479 1002 1540 haee
1021 1477 1125 1540 babet:
1158 1479 1221 1553 Qui
1246 1497 1313 1542 oum
1340 1483 1381 1543 rit

150 1585 299 1666 splendor
324 1581 442 1662 plordoe
469 1593 498 1645 et
529 1580 634 1660 fipuro
666 1579 855 1644 substantioe
881 1582 960 1651 eiua,
994 1579 1030 1640 ad
1056 1578 1265 1660 Philippenses
1292 1597 1379 1642 vero:

151 1686 216 1760 Qui
243 1702 312 1748 eum
340 1687 375 1746 ira
396 1683 500 1763 [orosa
521 1681 581 1744 Dei
601 1692 694 1758 earet,
725 1699 787 1743 uon
809 1682 950 1760 rapinem
972 1679 1143 1743 arbitratus
1165 1691 1226 1752 eat,
1261 1700 1327 1744 erre
1348 1700 1380 1745 rs

147 1785 307 1868 uepuolem
327 1785 402 1848 Deo.
445 1783 528 1845 liaeo
547 1801 651 1862 porro,
674 1789 778 1844 auotor
791 1781 878 1855 ritae,
901 1781 993 1843 Filius
1014 1781 1078 1854 Ilei,
1101 1781 1251 1862 splendor,
1273 1783 1376 1862 ligura,

149 1886 283 1966 aequalis
305 1886 385 1958 lieo,
414 1885 577 1958 Dominus,
605 1883 773 1964 Episcopus
795 1882 976 1956 animarum,
1003 1882 1074 1962 quid
1096 1881 1174 1944 aliud
1196 1883 1254 1945 sibi
1277 1883 1376 1959 velint,

152 2005 241 2067 quam
263 1986 294 2048 iu
317 2003 442 2066 corpore
464 1985 560 2048 luisse
575 1984 702 2048 Verbum
717 1985 781 2058 Ilei,
801 2003 856 2064 per
871 1984 950 2064 quod
969 1983 1069 2046 omnia
1088 1985 1163 2045 laeta
1185 1993 1264 2060 suut,
1287 1985 1376 2049 illud-

153 2107 212 2170 qne
233 2087 391 2150 indivisum
413 2106 480 2150 esse
502 2106 519 2149 a
540 2087 626 2150 Patre
648 2085 894 2166 quemadmodum
917 2085 1059 2165 splendor
1081 2103 1097 2146 a
1117 2084 1205 2147 luoel

241 2597 272 2660 9.
315 2593 467 2674 idipsum
491 2593 551 2673 egit
571 2591 728 2674 Dionysius
751 2591 787 2654 ab
802 2591 955 2672 Apostolis
978 2591 1119 2654 edoctus:
1142 2609 1209 2653 oum
1226 2590 1304 2652 enim
1320 2590 1461 2654 iameto.

152 2696 327 2777 irrepsisset
348 2693 468 2758 Sabellii
490 2695 635 2768 haeresis,
661 2703 781 2756 eoactus
804 2703 852 2756 est
871 2693 1042 2757 huiusmodi
1065 2693 1231 2774 epistolam,
1254 2702 1287 2756 ut
1308 2693 1377 2766 dixi,

152 2799 284 2860 seribere
306 2815 341 2859 ao
366 2795 470 2870 verba,
504 2814 578 2875 quae
607 2795 711 2858 humili
739 2803 769 2858 et
796 2796 925 2858 humano
954 2815 1038 2859 more
1066 2795 1103 2858 de
1124 2796 1274 2858 salvatore
1302 2795 1379 2858 diota

155 2906 236 2971 sunt,
260 2897 317 2960 illis
339 2896 484 2970 obiioere;
510 2905 543 2957 ut
563 2915 618 2975 per
637 2898 766 2958 bumana
787 2896 855 2958 illos
877 2896 1057 2959 absterreret
1078 2915 1094 2958 a
1116 2897 1250 2970 diceudo,
1273 2895 1379 2958 lilium

156 3015 228 3060 osse
248 2997 377 3069 Patrem,
400 2995 502 3076 sieque
523 2995 683 3059 laelliorem
704 2997 764 3080 illis
786 2998 861 3059 viam
884 2997 920 3060 ad
942 2997 1104 3058 doctrinam
1126 2997 1163 3058 de
1184 2997 1249 3058 Filii
1271 2995 1379 3057 diviui-

157 3105 218 3160 tate
240 3096 379 3168 muniret,
402 3097 451 3159 ubi
473 3097 503 3158 in
526 3095 775 3178 subsequentibus
798 3098 931 3179 epistolis
953 3097 1034 3160 illum
1055 3115 1091 3158 ex
1104 3096 1265 3174 Soripturis
1288 3095 1381 3157 saetis

156 3197 318 3282 appellaret
333 3197 470 3272 Verbum,
493 3197 678 3278 sapientiam,
700 3199 850 3272 virtulem,
872 3213 1010 3278 vaporem
1026 3204 1057 3258 et
1070 3197 1259 3276 splendorem
1273 3195 1381 3258 Patris.

154 3302 190 3364 ln
212 3299 349 3382 epistolis
376 3299 474 3381 itatpre
501 3299 537 3362 ed
561 3299 607 3362 sui
630 3300 835 3364 defensionem
858 3299 976 3380 seriptis
998 3297 1093 3378 palam
1115 3298 1152 3358 de
1173 3297 1230 3358 lide
1251 3295 1382 3377 loquitur

155 3401 355 3483 pietatemque
382 3419 451 3480 erga
479 3401 632 3464 Christum
664 3401 830 3480 profitetur.
882 3403 921 3464 Ut
947 3401 1037 3481 igitur
1057 3399 1192 3480 dpostoli
1224 3397 1381 3462 aomsandi

129 3581 133 3590 .
157 3517 221 3561 non
243 3509 315 3562 sunt
341 3501 381 3562 ob
401 3502 491 3564 rerba
511 3501 549 3564 de
571 3503 690 3565 llomini
711 3504 892 3566 humanitate
913 3504 1026 3584 prolata
1055 3505 1136 3579 (nam
1157 3502 1300 3564 llominus
1322 3502 1379 3562 ho-

159 3615 210 3660 mo
232 3601 326 3662 laetus
348 3607 421 3678 est),
450 3602 521 3680 quio
543 3603 641 3681 potius
663 3604 858 3668 admiratione
880 3605 958 3685 digni
981 3613 1052 3668 sunt
1072 3605 1110 3666 ob
1133 3603 1308 3685 prudentem
1331 3602 1379 3664 di-

161 3699 384 3780 spensationem
407 3708 437 3762 et
456 3701 618 3786 doctrinam
638 3705 765 3786 tempori
787 3706 1054 3780 aooommodatam3
1080 3705 1125 3767 sio
1144 3705 1303 3785 Dionysius
1324 3721 1379 3782 pro

157 3801 268 3864 Ariane
290 3801 445 3864 habendus
467 3821 528 3866 non
555 3814 602 3866 est
627 3815 749 3887 propter
770 3807 926 3889 epistolam
954 3806 990 3870 ad
1011 3806 1236 3886 Euphranorem
1259 3811 1289 3866 et
1309 3802 1379 3866 dm·

193 4002 217 4038 e.
235 3988 315 4038 lelel.
334 3987 358 4038 3.
377 4003 449 4040 οοοο.
466 3983 512 4038 καὶ
529 3983 678 4056 δαιμόνων.
795 3986 882 4058 πατρὶ
899 3984 936 4046 ὥς
951 3985 1020 4046 zm,
1041 3991 1164 4042 mendum
1200 3989 1297 4040 min·
1311 3989 1379 4040 (3011,⁴

193 4087 211 4137 i.
231 4088 257 4138 ln
275 4089 331 4153 ileu.
357 4095 380 4140 et
397 4091 421 4140 in
440 4091 510 4142 edilis
528 4089 577 4152 τῆς
594 4091 676 4150 deest,
701 4093 745 4143 sed
797 4060 843 4110 ¹⁸⁸·
862 4067 917 4110 '¹²²⁰
935 4051 973 4112 ὥς
988 4051 1049 4107 ἔπ’
1066 4058 1155 4108 h'bffl‘
1173 4051 1226 4108 '‘⁰¹‘'-

158 4154 263 4205 hgbepuf
280 4157 303 4206 j„
322 4156 420 4208 1⁸2„pr
439 4159 508 4210 ΕΘΗ),
526 4161 572 4210 Μ.
592 4167 615 4208 at
633 4159 744 4210 felem·
830 4127 854 4176 h.
873 4127 969 4176 Tauria.
989 4125 1057 4176 Colh.
1082 4121 1130 4176 les.
1153 4127 1205 4192 repr
1229 4125 1252 4176 ld
1277 4129 1314 4174 est
1330 4135 1381 4172 πα-

160 4237 233 4272 auor.
268 4223 459 4276 danieluna.
481 4241 553 4278 anon.
572 4213 633 4274 ἶσον
650 4223 714 4292 θεῷ.
795 4186 1083 4326 ζίόξῆρῖἒοῗὲιὲἕρξᾶ
1098 4191 1179 4326 ,Ιῖἕῖἓ
1193 4195 1310 4323 23:345,
1324 4207 1381 4306 1Μοὶ

192 4335 215 4383 g.
235 4323 331 4374 laurio.
356 4325 425 4376 colb.
449 4327 496 4377 les.
521 4325 601 4376 Felelt'.
621 4324 646 4375 3.
673 4341 746 4378 anon.
798 4327 908 4376 delebit.
922 4317 1121 4379 euroboreo:
1135 4318 1300 4378 τοιούτοοςό
1315 4316 1382 4371 ἀπο·

157 4381 187 4435 τί
203 4375 272 4454 dur}
295 4383 403 4456 ἕτερον,
428 4394 468 4458 qni
494 4394 594 4444 ultimos
621 4395 746 4458 sequentia
798 4389 947 4459 aturricus.
972 4394 1181 4458 Paolopostldeoa
1192 4385 1381 4456 εὐκολώτερον.

157 4455 195 4505 sie
213 4457 298 4506 hahet:
323 4449 338 4516 ἢ
357 4449 401 4506 ὅτι
418 4451 449 4507 ἰν
465 4453 576 4525 σώματί
591 4451 651 4508 lore
666 4452 748 4524 λόγος
832 4461 848 4510 i.
868 4461 947 4512 l'alrl.
966 4459 989 4510 3.
1008 4474 1079 4511 anon.
1097 4453 1128 4509 lv
1144 4454 1198 4526 γὰρ
1216 4459 1283 4510 τοῖς.

157 4511 200 4568 ἂν
215 4521 283 4572 θεοῦ
300 4531 347 4575 ete.
376 4525 434 4590 ullos
460 4527 523 4580 idem
549 4520 686 4591 desiperes
708 4525 747 4592 τῷ
832 4529 854 4578 t.
873 4528 921 4575 aad
936 4528 1006 4578 deest
1023 4527 1048 4576 iu
1064 4525 1241 4577 Taurinllolb.
1260 4520 1381 4574 las.l?r.l.
