3174 5082
683 355 857 402 anastasio.
1301 333 1340 396 37

20 561 21 566 .
119 513 326 595 complexum.
358 509 502 574 Nimirum
525 507 610 570 huins
632 507 796 586 theologiae
816 505 841 566 si
858 521 948 566 unum
964 503 1088 582 aliquem
1104 503 1258 564 nominare
1272 499 1343 562 reli-

120 635 190 678 mus
211 624 390 695 parentem,
420 611 446 701 is
469 627 528 671 000
550 611 606 672 erit
626 608 811 680 Athanasius,
837 607 890 669 sed
913 605 1011 685 potius
1035 603 1178 682 Origenes
1202 595 1219 664 ὁ
1242 599 1346 664 eroic-

121 712 239 802 μαθὴς
260 714 322 779 καὶ
347 708 539 797 φιλόπονος,
561 729 621 790 quo
643 711 816 788 cognomino
844 708 880 769 ah
909 706 958 768 illo
987 706 1018 766 in
1044 705 1099 785 Ep.
1114 705 1161 766 tv.
1183 705 1219 766 ad
1242 705 1346 782 Serap.

20 882 23 890 Δ
123 837 191 898 cap.
207 823 241 882 il.
265 815 414 878 laudatur.-
450 813 552 891 lncpta
565 828 636 874 uero
650 811 793 874 uidebitur
814 809 981 890 appellatio,
1003 807 1030 868 si
1053 806 1217 884 theologiae
1238 822 1347 866 nomen

17 955 21 992 ς
125 918 302 998 significatu
326 913 538 994 angustissimo
555 912 741 991 accipiemus,
762 920 796 972 ut
810 911 874 972 sola
887 911 1018 972 doctrina
1031 908 1067 969 de
1077 907 1226 969 divinitate
1239 906 1348 968 Christi

15 1061 20 1096 :
129 1020 178 1080 rel
203 1019 240 1078 de
262 1017 394 1079 trinitate
415 1013 462 1077 dei
485 1011 679 1092 intelligatur:
700 1029 760 1092 quo
777 1011 939 1090 significatu
957 1010 1075 1089 saepius
1094 1009 1201 1088 legitur
1211 1008 1241 1068 in
1256 1007 1347 1070 Atha-

132 1117 211 1181 nasii
228 1119 412 1197 aliorumque
433 1126 563 1178 rcterum
586 1113 715 1193 scriptis,
738 1113 815 1176 velut
838 1113 920 1176 Orat.
935 1111 959 1172 l.
981 1121 1081 1174 contra
1094 1111 1192 1174 Arian.
1215 1127 1278 1190 cap.
1297 1111 1346 1175 18.

134 1237 166 1300 p.
183 1221 257 1283 182.
279 1220 463 1298 Quamquam
477 1215 658 1286 decentiores
670 1233 788 1295 quoque
803 1232 867 1276 cam
882 1212 1032 1276 doctrinae
1046 1231 1147 1274 sacrae
1159 1221 1281 1292 partem,
1294 1229 1348 1292 qna

135 1324 175 1384 dc
192 1322 254 1382 deo
271 1324 389 1400 eiusque
409 1317 639 1400 proprietatibus
661 1327 691 1378 et
707 1316 848 1396 operibus
863 1335 897 1378 ac
911 1316 949 1378 de
963 1313 1090 1376 trinitate
1109 1313 1273 1386 disseritur,
1297 1333 1348 1374 se-

137 1422 270 1504 paratim
296 1423 467 1500 1700100100
488 1427 609 1492 vocent,
638 1418 885 1498 quemadmodum
907 1425 1021 1478 veteres
1041 1412 1219 1498 θεολογίαν
1241 1415 1278 1476 ah
1300 1411 1350 1478 oi-

137 1526 283 1606 auropelp
302 1521 499 1602 seiungehant,
521 1539 609 1582 nemo
632 1529 730 1582 tamen
745 1519 936 1582 Athanasium
956 1530 1075 1598 patrem
1090 1519 1253 1581 hodiernae
1268 1519 1352 1581 theo·

138 1627 237 1708 inpiae
259 1623 480 1704 praedicaverit,
510 1623 535 1684 si
558 1631 675 1702 praeter
695 1619 815 1687 Nicaeni
837 1619 982 1700 dogmatis
1005 1620 1208 1680 auctoritatem
1230 1619 1302 1682 nihil
1325 1620 1353 1682 ei

134 1727 272 1790 tribucre
298 1727 372 1788 tulit
416 1726 517 1803 ltaque
544 1723 692 1802 theologia
720 1722 906 1802 intelligenda
936 1731 999 1795 eut,
1034 1739 1119 1800 quam
1148 1722 1236 1784 hodic
1264 1723 1351 1802 vulgo

132 1829 270 1890 dicimus
293 1827 492 1907 dogmaticam,
516 1825 561 1888 rel
582 1825 682 1906 potius
704 1825 875 1904 complexus
897 1823 1065 1901 dogmatum
1089 1823 1156 1884 hdci
1178 1823 1207 1884 in
1231 1823 1352 1886 ecclesia

134 1929 262 2009 publice
284 1939 480 2009 receptorum,
509 1937 541 1988 nt
561 1925 737 1996 Athanasius
759 1925 818 1988 hoo
837 1943 930 1988 sensu
953 1925 1117 2004 theolnpr'ue
1139 1927 1353 1989 coclericeticue

138 2047 260 2111 pcreras
284 2039 313 2091 ct
338 2041 434 2092 rtctor
459 2029 656 2108 praedicetur.
699 2027 779 2088 idem
808 2028 942 2107 proiecto
966 2025 1146 2106 Epiphanius
1168 2027 1273 2106 aliique
1294 2047 1353 2090 no-

138 2131 222 2194 mine
250 2129 311 2215 τῆς
338 2121 546 2216 ἰρθοδοξὶας,
580 2148 640 2209 quo
668 2130 788 2207 proprie
816 2137 896 2190 recta
924 2129 960 2188 de
982 2129 1039 2190 lide
1060 2125 1185 2188 Nioaana
1209 2129 1353 2191 sententia

137 2232 296 2303 laudatur,
329 2227 488 2310 significare
520 2231 691 2302 voluerunt,
726 2229 871 2310 siquidem
904 2229 945 2290 illi
977 2245 1150 2308 persuasum
1179 2229 1353 2304 habuerunt,

140 2333 284 2414 dogmate
310 2333 347 2394 de
372 2333 500 2397 trinitate
527 2342 556 2394 et
583 2331 786 2394 incarnatione
815 2329 861 2392 dci
889 2331 1032 2409 integram
1057 2331 1143 2392 iidem
1166 2332 1354 2394 christianam

142 2435 184 2496 ita
214 2433 378 2505 contineri,
403 2446 437 2497 nt
463 2435 513 2514 qui
544 2435 581 2494 de
603 2434 659 2494 hoc
680 2441 761 2504 recte
782 2432 905 2503 sundal,
935 2433 971 2492 de
993 2432 1114 2510 reliquis
1136 2432 1251 2509 gravius
1275 2439 1304 2494 et
1325 2433 1355 2494 in

145 2535 354 2596 detrimentum
376 2536 476 2597 salutis
497 2553 595 2596 errare
616 2551 676 2596 non
694 2534 805 2614 possit.
837 2533 1027 2595 Athanasium
1049 2551 1120 2594 roro
1143 2551 1190 2607 eo,
1212 2551 1270 2614 quo
1284 2535 1354 2610 uixi,

147 2654 242 2698 sensu
260 2646 377 2718 putreat
399 2637 558 2701 hodiernae
579 2636 743 2716 tlleulnpr'ne
765 2637 829 2698 inre
850 2616 1018 2714 meritoque¹
1036 2635 1151 2708 vocari,
1174 2635 1203 2697 id
1226 2635 1282 2698 nisi
1305 2655 1354 2698 ra-

146 2739 230 2800 tione
258 2739 348 2818 magis
370 2737 488 2812 idonea,
511 2757 598 2818 quarn
620 2757 676 2818 uua
698 2737 932 2800 llontlaucnnine
955 2755 1028 2798 usus
1051 2747 1113 2812 est,
1135 2738 1354 2819 comprobetur,

148 2831 335 2902 etiamnunc
356 2849 440 2900 erunt
461 2841 511 2918 qui
533 2840 713 2912 addubitent,
736 2841 812 2900 sicut
834 2840 903 2900 olim
916 2839 1132 2902 Schrnerlthins
1154 2839 1355 2902 indiscreti.

19 3005 22 3012 ,
149 2937 215 3000 Vol.
232 2941 293 2999 llll.
315 2941 433 3016 0111.
456 2940 502 2998 01.
517 2943 547 3000 h.
570 2939 754 3000 addubitavit.
796 2939 912 3002 Etenim
941 2940 1162 3001 concedendum
1183 2950 1244 3012 est,
1274 2941 1354 3004 illum

148 3031 233 3096 hanc
259 3037 373 3096 laudem
399 3053 459 3094 000
481 3053 517 3095 en
539 3035 700 3106 meruisse,
727 3035 803 3112 qnod
826 3039 941 3114 primus
963 3038 1103 3114 singulari
1125 3041 1199 3100 libro
1221 3041 1356 3119 dogmata

151 3128 224 3196 litei
247 3152 303 3196 suo
326 3140 457 3210 temporo
476 3133 598 3211 probata
620 3131 786 3210 completus
807 3143 889 3196 esset
910 3153 1001 3212 eaque
1023 3137 1058 3196 ad
1081 3139 1222 3199 eeclesiae
1237 3150 1358 3202 senten-

154 3237 226 3300 tiam
248 3233 398 3297 subtiliter
418 3235 613 3313 eupcsnisset.
649 3233 722 3296 llam
742 3233 789 3314 qui
813 3233 884 3296 olim
906 3236 983 3296 inter
1003 3237 1147 3298 eiusmodi
1169 3237 1261 3300 libros
1284 3240 1359 3320 dop-

154 3339 277 3402 matiocs
299 3335 463 3396 retulerunt
482 3331 629 3398 Athanasii
652 3336 803 3416 Sparprr'u
823 3341 997 3418 scripturae
1019 3355 1126 3400 acerne
1148 3347 1177 3400 et
1198 3339 1360 3421 Spctupere

154 3443 315 3509 doctrinar,
339 3435 490 3516 dupliciter
511 3445 691 3500 amaverunt
735 3437 878 3519 Spuopsia
901 3455 961 3500 non
983 3447 1029 3502 cst
1049 3442 1211 3519 argumenti
1234 3443 1358 3524 dogma-

154 3541 203 3604 tici
224 3557 319 3619 neque
333 3539 466 3618 Magnum
481 3537 669 3601 Athanasium
691 3538 777 3600 hahet
795 3549 955 3614 auctorem,
978 3541 1030 3604 sed
1051 3541 1166 3604 videtur
1188 3563 1255 3608 esse
1272 3565 1355 3608 com-

156 3641 314 3724 mentarius
346 3641 374 3701 in
396 3639 630 3702 Stichometriam
657 3641 809 3721 Nicephori
842 3643 878 3704 ah
906 3643 1067 3706 Athanasio
1095 3645 1191 3726 aliquo
1226 3648 1355 3711 obscuro

153 3763 213 3806 non
235 3750 301 3804 ante
322 3759 399 3802 saec.
415 3741 450 3802 X.
471 3743 669 3822 conscriptus.
713 3743 775 3804 llid.
794 3745 924 3806 Crcdner
946 3745 1007 3808 Zur
1031 3747 1198 3812 drachirlltc
1221 3751 1270 3812 der
1293 3751 1357 3812 Kc-

143 3828 347 3909 'conciliato
370 3844 473 3919 1847.)
493 3863 522 3924 p.
542 3847 600 3908 127
616 3863 661 3924 sq.
705 3843 862 3926 Syctopmo
883 3855 990 3921 antem,
1012 3848 1053 3908 uti
1070 3847 1106 3908 ah
1125 3849 1214 3911 Andr.
1228 3851 1356 3912 Arnoldo

155 3945 283 4027 primum
306 3944 411 4020 (Paris.
429 3947 531 4022 1685.)
553 3946 662 4008 editum
684 3955 731 4008 est
753 3954 782 4006 et
799 3948 875 4008 inter
895 3948 1045 4010 Athanasii
1069 3949 1164 4029 Optare
1187 3950 1355 4026 (ed.Patar.

155 4045 293 4114 700011.
322 4045 658 4127 ursumpileatum,
690 4065 804 4109 morum
829 4049 959 4129 vitaeque
986 4059 1142 4130 praecepta
1169 4053 1294 4114 maxime
1326 4054 1356 4114 in

155 4167 243 4212 nsum
272 4148 481 4210 monachorum
503 4149 633 4210 continet
652 4149 781 4228 itemque
799 4149 833 4212 ab
856 4151 904 4212 illc
927 4151 1148 4214 abiudicandum
1172 4163 1227 4214 cst.
1272 4155 1355 4216 Cnnl.

156 4251 266 4314 iludini
291 4249 447 4312 Commeat.
472 4250 506 4312 de
527 4251 726 4330 scriptoribus
748 4251 846 4314 ardea.
870 4262 933 4313 act.
956 4253 1018 4314 Vol.
1033 4254 1056 4315 l.
1084 4271 1114 4333 p.
1136 4257 1197 4320 371
1213 4275 1257 4336 sq.
1295 4255 1357 4316 Alia

156 4352 273 4433 quidem
302 4359 397 4412 exstat
425 4350 510 4412 istius
532 4351 620 4412 libelli
642 4351 733 4412 lorma
756 4352 785 4412 in
805 4353 870 4414 cod.
892 4353 1024 4416 Noniano
1047 4373 1090 4434 gr.
1105 4355 1216 4431 thtt,
1240 4375 1275 4419 ex
1298 4371 1357 4434 quc

156 4453 353 4533 Alingarellins
391 4453 467 4532 typis
500 4452 722 4515 describendum
753 4455 860 4516 curarit
891 4456 920 4516 10
954 4455 1090 4534 Catalopo
1123 4457 1168 4520 sic
1199 4456 1358 4535 inscripto:

158 4556 266 4620 Graeci
285 4555 368 4623 codd.
390 4573 461 4620 arse.
484 4555 565 4634 opud
576 4554 689 4618 Nouius
710 4557 1248 4644 0000000111110000.1784110107-
1288 4557 1345 4584 ⁴⁴¹
