3174 5082
188 295 238 360 12·
711 313 888 358 roterarro.

184 463 315 528 lontibus
331 465 498 534 duxissent,
521 459 671 541 quomodo
687 462 909 526 communiae
924 469 1043 524 exortae
1066 469 1095 524 et
1110 467 1258 535 tractatae,
1281 462 1409 544 denique

184 547 334 646 qu⁶omodo
357 565 388 625 in
409 563 463 624 bis¹
479 562 618 642 paulatim
641 561 777 642 dogmata
798 581 881 625 sacra
903 562 1024 624 uberius
1046 562 1187 642 explicata
1208 571 1296 644 atque
1317 582 1406 626 accu-

183 667 276 729 ratius
291 663 483 726 determinata
499 671 529 724 et
543 662 642 724 limata
657 673 768 724 essent.
801 663 888 736 Quod
903 662 1022 744 quidem
1039 665 1141 744 operis
1159 663 1327 728 institutum
1348 666 1406 728 etsi

183 785 244 829 non
266 765 314 826 bis
336 764 411 843 ipsis
434 763 532 826 verbis
555 763 585 824 in
607 763 789 843 praefatione
811 764 989 827 declaratum
1010 773 1067 840 est,
1100 771 1181 828 certe
1202 783 1238 828 ex
1259 765 1406 828 universis

184 865 290 928 studiis
312 865 349 927 ab
371 873 492 926 auctore
513 863 549 924 ad
571 863 601 926 id
623 863 736 926 collatis
758 867 957 948 cognoscitur.
999 867 1042 928 Ac
1070 867 1205 946 prolecto
1226 865 1407 928 Bibliotheca

183 965 375 1029 lloesleriana
394 965 433 1026 ita
455 975 624 1047 comparata
646 973 701 1040 est,
724 975 756 1030 ut
776 968 886 1048 largam
909 979 939 1030 et
959 967 1096 1032 idoneam
1118 966 1286 1046 theologiae
1307 965 1404 1028 bisto-

78 1051 82 1060 ’
182 1068 261 1129 ricae
283 1065 434 1128 materiam
456 1066 605 1146 praebeat.
648 1067 757 1130 Primis
779 1077 906 1149 quatuor
926 1055 1133 1130 voluminibus
1148 1076 1285 1146 excerpto
1306 1065 1405 1129 conti·

182 1175 291 1230 oentur
313 1185 349 1228 ex
370 1167 490 1248 scriptis
520 1179 652 1248 patrum,
686 1169 736 1249 qui
768 1177 837 1231 ante
866 1167 1022 1230 concilium
1043 1167 1204 1232 Nicaenum
1225 1169 1404 1231 floruerunt:

183 1287 237 1332 sex
252 1267 374 1349 reliquis
390 1270 681 1349 comprehenduntur
699 1288 790 1351 opera
808 1277 923 1349 patrum
937 1268 1122 1330 saeculorum
1134 1269 1182 1330 lv.
1193 1277 1224 1332 et
1235 1269 1268 1332 V.
1281 1277 1311 1330 et
1325 1268 1403 1331 scri—

182 1363 300 1451 ptorum
322 1370 515 1450 quorundum,
532 1371 710 1451 posterioris
732 1371 836 1432 aetatis
851 1369 957 1430 eodem
970 1367 1061 1429 modo
1076 1368 1107 1430 in
1122 1377 1280 1448 angustum
1296 1377 1405 1432 coacta.

182 1473 283 1554 Neque
294 1491 364 1534 vero
376 1472 475 1534 omnia
490 1479 678 1551 exponuntur
693 1488 794 1549 opera,
810 1469 875 1543 sed,
891 1469 969 1532 sicut
982 1468 1085 1531 titulus
1100 1487 1188 1549 quem
1201 1471 1404 1551 supraposui,

181 1574 300 1647 indicat,
322 1573 480 1653 praecipua
502 1579 630 1644 motum,
661 1569 787 1632 maxime
814 1571 990 1651 dogmatice.
1033 1571 1066 1632 ln
1094 1587 1154 1651 quo
1177 1577 1275 1632 tomen
1298 1571 1406 1634 obser-

180 1675 306 1735 vandum
329 1681 375 1734 est
395 1672 560 1750 dogmatica
581 1671 630 1733 bic
649 1671 708 1733 dici
730 1671 829 1733 omnia
851 1671 960 1734 veteris
984 1671 1127 1733 ecclesiae
1143 1679 1345 1746 monumenta,
1373 1673 1405 1734 in

181 1774 287 1854 quibus
309 1773 346 1834 de
367 1773 513 1852 dogmatis
535 1772 710 1852 theologicis
731 1774 999 1854 quomodocunque
1017 1773 1184 1835 disseritur.
1230 1773 1297 1846 Quo
1313 1791 1404 1836 sensu

181 1875 211 1938 id
233 1883 494 1936 monumentorum
516 1892 610 1952 genus
632 1873 775 1938 letissime
796 1883 877 1954 patet
898 1893 953 1936 nec
975 1874 1058 1936 solos
1081 1873 1286 1955 complectitur
1310 1873 1405 1938 libros

181 1975 379 2056 dogmaticos,
408 1974 438 2036 in
466 1974 573 2054 quibus
603 1974 639 2036 de
668 1974 814 2037 industria
841 1983 892 2038 aut
913 1975 1030 2056 singula
1051 1976 1203 2038 doctrinae
1225 1975 1404 2040 christianae

181 2077 275 2156 capita
296 2085 512 2156 pertractantur
533 2085 582 2138 aut
604 2077 741 2140 universa
764 2077 841 2139 sicut
863 2076 941 2140 inter
963 2095 997 2138 se
1019 2085 1084 2156 apte
1114 2077 1307 2157 colligataque
1334 2085 1406 2140 sont

179 2176 374 2249 illustrantur,
396 2177 449 2239 sed
470 2185 624 2256 praeterea
642 2177 843 2257 apologeticos
858 2187 945 2257 atque
958 2177 1133 2258 polemicos,
1156 2195 1283 2256 quorum
1299 2190 1404 2241 aucto·

179 2296 229 2340 res
257 2277 326 2340 dum
355 2278 510 2340 veritatem
537 2278 663 2340 divinam
692 2279 727 2340 ab
759 2278 995 2341 adversariorum
1024 2278 1164 2340 ecclesiae
1191 2278 1345 2341 calumniis
1374 2286 1405 2341 et

178 2377 393 2442 haereticorum
418 2379 571 2442 erroribus
594 2379 757 2454 vindicant,
777 2385 851 2442 ‘eam
874 2380 969 2460 ipsam
991 2379 1058 2442 data
1073 2368 1238 2441 occasione
1259 2379 1405 2460 explicant

179 2488 209 2541 et
230 2481 409 2558 argumentis
423 2480 646 2558 rationibusque
662 2479 823 2542 stabiliunt.
855 2477 957 2560 Neque
971 2481 1098 2542 interest
1112 2479 1281 2561 quidquam,
1303 2488 1402 2543 utrum

177 2579 219 2639 illi
240 2579 309 2644 libri
331 2581 456 2640 lormam
479 2580 737 2642 commentationis
759 2580 805 2642 rel
827 2588 969 2643 tractatus
991 2580 1134 2656 habeant,
1166 2600 1204 2643 an
1225 2582 1310 2644 aliam
1340 2582 1404 2645 sire

172 2665 335 2752 orationis,
357 2679 420 2741 sire
442 2678 595 2758 epistolae,
618 2680 682 2741 sive
703 2680 821 2759 dialogi,
844 2680 1004 2744 dummodo
1020 2680 1082 2742 sint
1095 2681 1261 2760 argumenti
1277 2683 1401 2762 dogma·

177 2779 228 2840 tici
252 2787 282 2840 et
302 2779 399 2841 lucem
421 2779 546 2840 ailerant
567 2779 735 2858 dogmatum
757 2779 911 2842 historiae.
946 2780 1011 2853 Qua
1025 2781 1139 2842 ratione
1153 2782 1241 2843 etiam
1260 2801 1296 2845 ex
1314 2784 1402 2847 tomis

178 2879 317 2958 Origenis
344 2880 375 2941 in
405 2879 586 2960 evangelium
614 2881 739 2944 loannis
769 2890 798 2942 et
825 2898 861 2943 ex
882 2879 1019 2956 llusebii,
1056 2880 1253 2958 Theodorou,
1284 2884 1402 2965 Evagrii

177 2980 399 3043 commentariis
421 2981 457 3043 de
479 2979 570 3045 rebus
593 2981 839 3056 Christianorum,
862 2991 1015 3065 praeterea
1036 3003 1074 3047 er
1095 2985 1167 3048 actis
1189 2985 1401 3048 nonnullorum

176 3071 371 3144 conciliorum
394 3083 501 3146 selecta
523 3084 616 3164 capita
639 3092 856 3164 proponuntur.
900 3085 943 3148 lle
964 3087 1032 3169 ipso
1049 3085 1194 3151 librorum
1210 3087 1325 3150 delectu
1339 3105 1402 3148 uon

176 3195 221 3245 est
242 3185 321 3263 quod
343 3183 392 3246 hic
412 3184 508 3248 dicem
529 3205 643 3266 eosque
664 3185 798 3266 singulos
820 3205 993 3267 persequar.

258 3285 339 3346 luter
361 3286 605 3348 chrestomathias
627 3286 794 3363 patrioticas
817 3286 896 3346 varie
917 3285 1079 3362 inscriptas
1100 3290 1297 3354 auctentum,
1320 3283 1399 3360 quod

139 3427 142 3434 .
176 3401 231 3461 ego
266 3384 368 3453 sciam,
393 3383 551 3460 reperitur,
574 3399 649 3458 quae
671 3380 895 3442 collectionibus
917 3389 1035 3460 petrum
1056 3379 1231 3459 dogmaticis
1254 3379 1399 3443 adnume-

176 3481 234 3542 rari
257 3487 366 3558 potest,
389 3480 448 3542 nisi
467 3480 622 3560 opuscolo
634 3487 761 3560 potrum
775 3479 905 3541 Beroliui
927 3490 956 3541 et
971 3480 1078 3542 Oxonii
1101 3479 1189 3552 edite,
1211 3495 1286 3559 quae
1309 3499 1399 3562 snpra

176 3577 419 3652 commemoravi,
447 3579 493 3642 rel
522 3579 596 3640 adeo
620 3578 829 3644 Collectr'ooem
851 3581 992 3644 selectam
1013 3580 1050 3642 ab
1070 3581 1104 3642 Α.
1125 3579 1159 3643 Β.
1182 3580 1291 3644 Caillau
1313 3583 1398 3646 Pari-

175 3680 228 3743 siis
250 3680 427 3760 publicatam
449 3680 507 3742 huc
527 3680 632 3742 referri
654 3679 737 3742 velis.
780 3680 886 3743 Notata
908 3680 959 3744 illa
979 3689 1027 3744 est
1046 3683 1105 3745 boc
1118 3681 1230 3744 indice:
1256 3683 1398 3748 Chresto-

175 3783 288 3844 mothio
306 3785 468 3862 patriotico
489 3783 529 3844 od
549 3801 625 3844 usus
648 3799 763 3854 eorum,
793 3786 845 3864 qoe'
871 3783 1030 3846 historiam
1057 3785 1228 3864 depactum
1256 3784 1398 3848 cinatio-

175 3900 286 3944 norom
308 3887 480 3946 occurentes
503 3884 617 3946 discere
641 3887 773 3964 copiunt,
795 3883 947 3946 odorocto
968 3902 987 3946 o
1008 3883 1057 3947 Jo.
1071 3885 1142 3948 Chr.
1166 3884 1244 3948 lircil.
1260 3883 1398 3966 Augusti.

174 3983 290 4046 Prodiit
311 3983 429 4063 Lipsiae
452 4002 478 4046 a.
503 3985 595 4049 1812.
618 3983 734 4046 duobus
757 3984 965 4046 voluminibus.
1008 3984 1112 4048 Priore
1126 3985 1275 4048 volumine
1290 4005 1397 4066 graeco
1446 4009 1452 4020 ·

175 4085 365 4146 continentur
384 4085 493 4148 Justini
514 4085 648 4164 llertyris
671 4103 706 4146 ex
727 4085 805 4147 libro
827 4085 864 4146 de
886 4085 1105 4148 resurrectione
1128 4104 1203 4165 quae
1225 4095 1396 4167 supersunt,

173 4185 288 4247 irenaei
311 4185 410 4265 regule
433 4186 518 4260 fidei,
546 4185 690 4265 praelatio
714 4185 852 4266 origenis
874 4186 905 4248 in
927 4203 1003 4265 opus
1024 4187 1061 4249 de
1077 4187 1252 4267 principiis,
1275 4188 1397 4250 Eusebii

174 4285 387 4348 adbistoriem
408 4287 639 4349 ecclesiasticam
661 4287 864 4367 prooemium,
892 4286 1040 4348 Athanasii
1068 4295 1207 4350 tractatus
1237 4287 1273 4350 dc
1295 4290 1396 4350 incar-

168 4387 293 4449 natione
314 4388 395 4450 verbi
418 4387 464 4450 dei
487 4386 687 4468 apologeticus
716 4395 747 4449 et
774 4387 907 4451 eiusdem
934 4387 1082 4467 professio
1110 4387 1179 4450 fidoi
1209 4389 1272 4451 sive
1300 4389 1396 4452 oratio

174 4483 254 4575 περὶ
274 4491 333 4574 τῆς
354 4482 551 4575 negotiosos
578 4490 638 4552 τοῦ
664 4489 750 4554 θεοῦ
776 4481 893 4572 λόγου,
926 4487 1022 4570 Cprilli
1050 4489 1200 4552 llicrosol.
1233 4490 1397 4554 catechesis
