3212 5060
223 157 287 224 584
621 163 649 208 ε.
664 155 1057 208 amnemamnem

137 319 281 408 πλεκτὴν
308 315 446 403 καρδίαν
475 313 522 393 είς
551 306 716 396 όσέβειαν.
754 305 827 378 ίδοὺ
854 305 916 394 γὰρ
945 301 1004 372 ἐπὶ
1031 305 1137 370 πᾶσιν
1165 299 1402 388 ἐλεγχόμενοι
1433 307 1505 370 καί

224 417 428 502 δεικνύμενοι
449 413 560 502 πάσης
580 418 761 489 ’συνέσεως
783 409 900 496 ἔρημοι
922 401 980 474 οῦκ
1002 403 1222 487 αἰσχύνονται,
1247 397 1323 470 ἀλλ’
1351 399 1504 490 οῦς-περ

222 517 242 610 ή
271 523 426 606 λεγομένη
456 514 552 601 παρὰ
572 525 645 592 τοῖς
663 509 821 598 Ἑλλήνων
842 508 967 594 μύθοις
987 503 1072 593 ῦδρα
1092 505 1131 572 τό
1152 510 1276 592 θηρίον
1300 501 1502 592 ἀναιρου-

222 629 330 709 μένων
357 623 424 686 τῶν
453 622 624 704 προτέρων
653 611 765 702 όφεων
794 610 912 678 ῶδινεν
934 610 1065 695 ἑτέρους
1088 605 1192 698 όφεις,
1217 608 1500 694 φιλονεικοῦσα

182 754 185 764 ·
223 723 311 812 πρὸς
332 721 390 790 τὸν
413 715 614 804 διαιροῦντα
634 720 675 805 τῇ
697 718 764 782 τῶν
786 715 905 799 ἐτέρων
927 711 1093 798 προβολῇ,
1122 709 1181 776 τὸν
1203 703 1306 776 αι’πὸν
1328 709 1495 796 τρόπον
1561 719 1562 758 ³

224 823 301 894 Ι’καὶ
328 825 362 892 οἱ
390 819 558 907 θεομάχοι
585 816 641 886 καὶ
663 819 696 885 σί
716 823 912 901 θεοστυγεῖς
934 809 1043 898 ῶςπερ
1065 809 1164 896 ῦδραι
1184 808 1243 896 τήν
1264 811 1393 897 ψυχὴν
1417 819 1495 878 πί-

224 949 365 1004 πτοντες
387 918 437 1012 ἐφ’
462 917 514 1001 οἷς
530 919 783 1008 προβάλλονται
805 915 908 995 όίλλας
930 915 1179 1003 ἐφευρίσκουσιν
1197 908 1395 992 ’ίουδαϊκὰς
1420 919 1488 981 καί

224 1026 339 1115 μωρὰς
361 1025 493 1103 ἑαυτοῖς
515 1022 708 1112 ἐκζητήσεις,
731 1023 786 1088 καί
808 1015 935 1103 “ὡ’ςπερ
958 1016 1081 1102 ἐχθραν
1103 1014 1161 1102 τήν
1184 1009 1354 1100 ἇλήθειαν
1376 1016 1489 1100 ἔχον-

225 1155 280 1210 τες
302 1129 476 1197 ἐπινοοῦσι
497 1123 684 1211 καινότερα,
709 1119 804 1201 ὅπως
824 1121 950 1206 μᾶλλον
970 1116 1211 1220 χριστομάχσυς
1232 1113 1382 1208 ἑαυτοὺς
1409 1119 1481 1186 διὰ

226 1231 363 1301 πάντων
387 1230 591 1309 ἐπιδείξωσι.
1060 1217 1064 1228 ’

313 1340 363 1402 59.
408 1330 510 1398 Μετὰ
537 1327 598 1415 γόρ
619 1326 697 1406 τοὺς
717 1323 897 1402 τοσούτους
917 1316 985 1389 κατ’
1011 1316 1119 1388 αὐτῶν
1142 1320 1305 1406 ἐλέγχους,
1330 1317 1390 1410 ἐφ’
1419 1319 1482 1403 οἷς

150 1467 155 1474 ·
228 1434 305 1504 ἃκαὶ
337 1432 355 1500 ό
385 1433 542 1520 διάβολος
570 1427 669 1508 αὐτὸς
697 1423 715 1494 5
744 1425 870 1494 τούτων
898 1423 1008 1510 πατὴρ
1038 1421 1211 1509 ἐντραπείς
1238 1417 1279 1488 όν
1302 1417 1477 1512 ἀπῆλθεν

230 1533 356 1615 όπίσω,
387 1535 490 1602 πάλιν
520 1530 565 1613 ῶς
595 1529 665 1600 ἀπὸ
695 1531 853 1618 στρεβλῆς
873 1531 931 1614 τῆς
952 1526 1089 1613 καρδίας
1111 1521 1219 1590 αὐτῶν
1242 1524 1474 1607 ἐπινοοῦντες

228 1635 431 1722 γογγύζουσι,
455 1633 510 1701 καί
532 1643 605 1712 τοῖς
626 1636 686 1718 μέν
709 1631 939 1717 ψιθυρίζουσι,
962 1639 1035 1706 τοῖς
1057 1628 1094 1694 δέ
1116 1622 1161 1706 ῶς
1181 1625 1342 1705 κώνωπες
1363 1653 1473 1714 περι-

229 1738 395 1821 βομβοῦσι
417 1735 580 1817 λέγοντες·
605 1733 699 1811 ἐστω,
723 1736 828 1798 ταῦτα
850 1727 955 1808 οῦτως
977 1727 1170 1816 έρμηνεύετε
1191 1731 1246 1794 καί
1262 1733 1374 1798 νικᾶτε
1389 1741 1469 1810 τοῖς

229 1835 402 1918 λογισμοῖς
422 1835 477 1898 καλ
500 1843 574 1911 ταῖς
597 1826 818 1911 ἀποδείξεσιν,
843 1825 928 1897 ἀλλὰ
949 1833 1001 1898 δεῖ
1022 1832 1127 1916 λέγειν
1148 1817 1305 1918 βουλήσει
1324 1831 1383 1898 καὶ
1397 1838 1466 1900 θε-

230 1934 324 2022 λήσει
344 1935 560 2020 ’γεγενήσθαι
587 1931 644 1999 τόν
672 1931 744 2000 υίὸν
773 1928 841 1998 ῦπὸ
869 1935 929 1999 τοῦ
958 1931 1096 2017 πατρός.
1134 1931 1191 1998 καὶ
1212 1931 1371 2019 ἐντούτῳ
1391 1933 1461 2020 γὰρ

229 2035 377 2116 πολλοὺς
405 2030 563 2120 ἀπατῶσι
584 2033 853 2122 προβαλλόμενοι
875 2033 914 2100 τὸ
935 2033 1086 2121 βούλημα
1107 2033 1164 2100 καὶ
1184 2033 1224 2100 τό
1241 2034 1368 2118 θέλημα
1391 2040 1459 2100 τοῦ

230 2119 325 2208 θεοῦ.
363 2141 461 2206 τοῦτο
491 2138 527 2206 δέ
550 2135 579 2206 εί
599 2141 659 2222 μέν
681 2162 733 2217 τις
754 2140 819 2203 τῶν
844 2131 957 2222 ὀρθῶς
979 2135 1207 2203 πιστευόντων
1229 2131 1447 2218 ἁπλούστερον
1561 2221 1562 2224 ¹

233 2242 355 2327 ἐλεγεν,
390 2235 486 2307 οὐδὲν
518 2230 557 2326 ήυ
579 2236 794 2308 ὑποπτεῦσαι
815 2237 976 2326 περὶτοῦ
999 2239 1192 2324 λεγομένου,
1226 2235 1352 2322 νικώσης
1369 2237 1445 2324 ’τῆς
1561 2243 1562 2272 ³

234 2333 437 2428 δρθοδόξου”
454 2343 606 2420 διανοίας
636 2339 696 2428 τήν
730 2337 960 2425 ἁπλουστέραν
994 2343 1061 2407 τῶν
1089 2339 1244 2426 ῥημάτων
1274 2335 1444 2425 προφσρύν,
1561 2343 1562 2350 ’

234 2441 350 2526 ἐπειδὴ
374 2441 409 2507 δέ
432 2437 509 2526 παρ’
535 2443 708 2527 αίρετικῶν
731 2440 822 2508 ἐστιν
844 2437 864 2526 ή
887 2440 998 2528 φωνή,
1031 2433 1172 2506 ῦπσπτα
1193 2440 1229 2506 δέ
1250 2442 1318 2506 τῶν
1339 2439 1455 2524 αἱρετι-
1561 2473 1562 2478 ¹

230 2543 300 2607 -κῶν
321 2540 364 2606 τὰ
386 2539 526 2627 ῥήματα,
550 2540 607 2608 καὶ
628 2537 674 2620 ῶς
695 2546 895 2627 γέγραπται·
917 2545 1118 2628 ῑκυβερνῶσι
1133 2543 1170 2608 δέ
1187 2535 1321 2626 ἆσεβεῖς
1335 2541 1457 2622 δόλους,
1561 2561 1562 2566 ’

234 2640 292 2709 καὶ
313 2641 346 2708 οἱ
367 2641 460 2728 λύγοι
482 2636 591 2708 αὐτῶν
614 2642 680 2710 είσι
703 2641 850 2723 δόλιοιή,
874 2635 934 2730 κᾷν
955 2642 1057 2729 μόνον
1080 2642 1231 2722 νεύσωσι,
1256 2643 1462 2731 διεφθαρμέ-

148 2763 225 2813 νοω.
236 2768 292 2830 νην
320 2742 382 2830 γὰρ
413 2743 524 2826 ’έχουσι
551 2742 610 2829 τήν
631 2744 788 2832 καρδίαν·
818 2750 903 2832 φέρε
919 2744 976 2811 καὶ
997 2747 1115 2811 ΙΙτοῦτο
1137 2743 1177 2810 τό
1199 2743 1375 2830 λεγόμενον
1396 2745 1462 2825 ἐξε-

234 2841 402 2930 τάσωμεν,
431 2844 552 2931 μήπως
581 2845 637 2913 ἐπὶ
666 2849 772 2914 πᾶσιν
796 2845 1003 2933 ἐλεγχθέντες
1024 2845 1144 2913 λοιπὸν
1168 2841 1212 2925 ῶς
1233 2842 1334 2930 ύδραι
1353 2847 1463 2913 καινό-

234 2970 330 3033 τερον
354 2945 538 3035 ἐπενόησαν
561 2949 730 3028 λεξείδιον,
753 2949 825 3015 ἰἵνα
847 2947 904 3014 διὰ
924 2951 983 3034 τῆς
997 2931 1151 3035 τοιαύτης
1164 2949 1393 3032 κομψολογίας
1408 2949 1462 3015 καὶ

234 3052 387 3136 πιθανῆς
415 3047 616 3139 ύφαρπαγῆς
643 3048 702 3139 τήν
725 3049 851 3117 ἑαυτῶν
874 3043 1028 3134 ἀσέβειαν
1050 3048 1153 3116 πόλιν
1176 3047 1285 3128 ἄλλως
1307 3048 1463 3117 ἐπισπεί-

236 3175 330 3237 ρωσι.
368 3150 489 3219 ταυτὸν
511 3152 572 3238 γὰρ
595 3157 749 3239 σημαίνει
771 3148 789 3217 5
812 3152 930 3237 λέγων·
953 3148 1110 3237 βουλήσει
1130 3155 1261 3237 γέγονεν
1278 3145 1296 3216 5
1312 3149 1392 3230 υίός,
1406 3149 1463 3217 καί

238 3248 256 3316 5
279 3253 399 3337 λέγων·
422 3241 461 3339 ἦν
485 3276 570 3320 ποτε
593 3248 649 3320 ὅτε
671 3247 729 3319 οῦκ
750 3242 805 3340 ήν,
828 3255 883 3320 καὶ
905 3252 941 3333 ἐξ
962 3245 1020 3318 οῦκ
1043 3249 1147 3318 όντων
1169 3254 1320 3337 Ιιγέγονεν
1343 3246 1361 3316 5
1382 3250 1460 3333 υίός,

237 3349 294 3416 καί
320 3359 442 3436 κτίσμα
470 3351 569 3420 ἐστίν.
608 3347 682 3421 555³
702 3347 904 3440 ἐπείταῦτα
926 3355 1074 3439 λέγοντες
1094 3346 1323 3441 ᾐσχύνθησαν,
1347 3352 1463 3438 ἑτέρως

206 3539 211 3544 ¹
238 3447 323 3518 αὐτὰ
344 3452 449 3520 πάλιν
471 3459 642 3540 σημαίνειν
666 3453 880 3542 ἐπεχείρησαν
904 3454 952 3520 Ιολ
968 3453 1086 3535 δόλιοι,
1102 3451 1262 3539 βούλησιν
1277 3453 1463 3540 προβαλλό-
1561 3441 1562 3524 λ

308 3637 331 3698 η
351 3637 420 3688 νων.
441 3639 480 3702 ιν,
499 3640 523 3690 ε.
544 3641 567 3691 ε.

272 3789 294 3823 ε.
321 3771 377 3835 Βες.
392 3773 411 3823 ί.
437 3783 460 3824 ει
479 3773 620 3836 Seguerian.
638 3767 826 3836 συνειδήσεως.
878 3777 930 3828 Μαι
949 3777 1037 3842 θερί.
1056 3777 1191 3838 ιιὸεςιιεε.
1210 3767 1284 3830 ὅπως
1300 3771 1400 3842 μᾶλλον
1415 3783 1459 3828 αι,

238 3839 314 3890 Iidem
340 3841 413 3904 ρεαΙο
440 3850 496 3904 post
517 3836 594 3911 παρὰ
617 3844 675 3898 τοῖς
694 3835 828 3903 Ἑλλήνων
879 3853 905 3896 ut
928 3853 952 3894 ει
975 3845 1083 3895 Nunnius
1108 3846 1173 3906 legit.
1209 3843 1269 3904 Editi
1294 3853 1318 3892 ει
1336 3835 1461 3897 είίίῦκωε

237 3899 356 3988 μύθοις,
382 3917 406 3959 ει
423 3910 480 3972 [ἴση.
499 3909 522 3959 2.
540 3905 617 3976 παρὰ
634 3905 828 3972 τσῖςἝλλησιν
877 3907 974 3980 μόνον.
1010 3913 1102 3962 Ibidem
1120 3905 1167 3960 διὰ
1184 3904 1298 3960 πάντων
1314 3911 1457 3962 εόεειείίο-

238 3969 317 4040 υδρα
352 3977 397 4028 Alii
418 3985 445 4034 ¹et
467 3979 524 4029 editi
541 3971 617 4044 παρὰ
635 3971 828 4039 τοῖςἝλληστν
879 3981 940 4031 bier.
960 3987 983 4029 εί
1000 3981 1105 4030 Felckm.
1126 3981 1148 4032 1.
1554 3971 1559 3986 '

238 4037 269 4094 ἐν
284 4038 387 4110 μύθοις
405 4054 450 4096 etc.
913 4049 935 4097 d.
956 4048 1012 4110 fleg.
1032 4048 1053 4096 1.
1073 4056 1096 4097 ιι
1113 4049 1253 4110 δεηυενίευ.
1270 4039 1316 4094 καὶ
1333 4037 1455 4108 διάβολος.

273 4111 296 4161 b·
315 4111 371 4172 neg.
391 4113 412 4163 1.
437 4121 460 4162 ει
482 4113 581 4174 Seguer.
605 4114 718 4165 omittunt
738 4105 830 4164 καλοί
880 4116 955 4166 Iidem
982 4130 1036 4165 mox
1060 4115 1151 4166 addunt
1173 4109 1254 4163 πόλιν
1280 4107 1316 4168 ῶς
1334 4105 1384 4162 ἀπό
1401 4127 1459 4186 qne

239 4171 383 4246 θεομάχοι,
418 4180 492 4229 Iidem
517 4181 591 4260 ρνυΙα
609 4189 665 4246 post
682 4184 772 4234 habent
788 4176 830 4232 εὖ·
880 4185 905 4234 in
923 4183 977 4232 τίλλε
995 4181 1107 4233 ondins
1125 4183 1220 4233 desunt.
1420 4197 1444 4238 ·‚-

241 4239 382 4314 ρίσκουσιν
395 4238 546 4300 Ἰουδαύιας
563 4255 608 4298 etc⁴
915 4261 936 4300 ε.
955 4251 1048 4312 anglic.
1067 4257 1091 4300 ει
1109 4251 1166 4312 λεν.
1184 4250 1208 4300 2.
1225 4247 1416 4316 γεγεννῆσθαι,
1432 4257 1464 4303 αἱ

275 4331 295 4366 ε.
315 4317 420 4382 Uterque
439 4318 495 4378 λος.
520 4317 662 4378 ιη’ὃιηαεε.
682 4307 768 4382 ῶεσερ
787 4309 830 4384 ἐχ·
882 4326 906 4368 ει
922 4317 1014 4367 videtur
1032 4319 1140 4368 Nunnius
1158 4319 1254 4380 legisse,
1273 4333 1327 4368 nam
1345 4319 1407 4368 νιαίί
1422 4331 1466 4388 ρι’»Ι

239 4380 322 4452 θρκν.
357 4385 437 4438 Ceteri
461 4391 485 4437 ει
503 4385 559 4436 editi
578 4377 615 4439 ὥς·
630 4379 700 4454 πρὸς
716 4378 830 4453 ἔχθραν.
881 4387 955 4438 κλίνει
971 4401 1029 4438 ωτι.
1064 4385 1111 4437 Alii
1129 4393 1153 4436 τι
1170 4387 1228 4437 editi
1244 4381 1411 4452 γεγενῆσθαι.
1473 4419 1485 4441 ·.
1561 4353 1562 4398 λ
