3102 5042
532 215 640 262 orario
655 219 693 262 rr.
710 215 974 262 consenserimus.
1278 201 1341 266 ott

201 381 253 444 25.
299 371 446 450 Quocirca
467 370 578 434 insanit
597 370 730 450 protecto
752 367 855 442 brius,
884 385 951 428 eum
979 367 1020 428 sit
1039 365 1167 428 Verbum
1190 387 1224 430 ex
1247 369 1340 432 nihilo
1350 385 1426 430 rme.

84 481 205 556 esse,
238 479 390 556 fuisseque
418 472 574 554 aliquando
603 491 670 536 oum
698 489 759 534 non
787 479 877 532 esset.
921 469 1035 532 Insanit
1054 468 1166 548 pariter
1187 469 1341 545 sabellius,

112 603 184 651 earm
205 584 325 646 Patrem
345 577 453 640 Filium
476 595 545 640 esse
567 584 596 638 et
616 573 722 636 Filium
743 571 862 634 Patrem
884 591 951 634 esse
973 571 1075 644 doeet,
1105 587 1197 632 unum
1225 572 1342 650 quidem
1420 617 1422 623 ,

111 683 287 769 hypostasi,
317 680 370 743 sed
393 677 515 740 nomine
537 677 632 752 dues,
660 694 748 756 quem
769 682 802 736 ut
824 691 911 735 suum
934 671 1090 734 confirmet
1111 687 1260 745 errorem,
1289 671 1343 733 de-

111 795 234 854 menter
254 793 283 850 et
304 799 463 864 perperam
478 778 611 858 exemplo
627 777 742 857 gratiae¹
751 774 880 856 Spiritus
896 774 996 836 utitur.
1030 771 1077 834 bit
1092 771 1184 834 enim:
1208 772 1343 846 „Quem-

114 887 306 968 „sdmodum
334 885 499 948 divisiones
532 892 604 944 suot
618 875 810 960 pretiorum,
840 877 916 938 idem
942 888 1042 939 nutem
1070 872 1221 954 Spiritus,
1255 873 1346 934 itaet

116 1000 236 1076 „Pater
257 993 335 1055 idem
357 986 477 1066 quidem
500 993 557 1058 est,
581 981 685 1044 sedin
707 978 814 1042 Filium
837 986 867 1040 et
888 976 1032 1056 Spiritum
1054 973 1221 1038 ditauum‘
1268 973 1428 1039 Sensem.

116 1103 150 1167 id
171 1093 387 1182 perabsurdum
410 1097 463 1152 est
508 1086 541 1148 Si
563 1085 643 1149 enim
666 1083 767 1144 eadem
790 1087 837 1143 est
859 1078 933 1140 ratio
954 1075 1007 1140 Dei
1029 1083 1059 1138 et
1079 1075 1218 1156 Spiritus,
1241 1076 1344 1156 sequi-

117 1216 168 1270 tur·
189 1210 223 1264 ut
243 1201 331 1262 Pater
352 1192 482 1256 Verbum
504 1189 544 1252 sit
565 1197 594 1250 et
617 1185 746 1266 Spiritus
768 1191 905 1255 sanetus,
938 1180 978 1242 ita
1000 1186 1034 1240 ut
1054 1197 1122 1240 sese
1143 1177 1180 1239 ad
1202 1177 1345 1256 cuiusque

114 1303 328 1372 nsoessitatem
352 1290 578 1360 accommodans
597 1288 692 1350 modo
715 1286 755 1348 sit
775 1286 872 1357 Pater,
894 1282 984 1344 modo
1006 1279 1144 1354 Verbum,
1167 1278 1257 1340 modo
1273 1279 1343 1359 Spi-

116 1409 207 1480 ritus,
235 1411 323 1482 atque
345 1397 420 1460 adeo
442 1394 564 1456 nomino
587 1401 672 1454 tenus
693 1387 787 1451 Filius
809 1385 867 1448 erit
888 1395 918 1447 et
939 1383 1078 1466 Spiritus,
1100 1401 1133 1444 re
1155 1389 1252 1442 autem
1275 1397 1344 1442 vera

117 1503 324 1573 tantummodo
345 1499 442 1573 Pater,
465 1495 515 1577 qui
538 1503 683 1580 quatenus
707 1499 754 1554 est
771 1488 862 1552 Filius
883 1485 1059 1567 principium
1081 1483 1187 1546 babeat
1208 1501 1242 1544 ae
1256 1483 1345 1544 Pater

119 1609 259 1693 appellari
280 1603 406 1674 desinat,
429 1599 480 1680 qui
502 1596 568 1660 solo
590 1593 711 1674 nomipe
732 1593 823 1654 bomo
845 1591 938 1652 taetus
961 1587 1009 1663 sit,
1030 1605 1100 1650 vere
1120 1594 1218 1648 sutem
1233 1602 1271 1646 ne
1288 1584 1343 1644 sd-

118 1712 235 1778 renerit
255 1708 390 1789 quidem,
414 1701 464 1783 qui
486 1699 614 1779 danique
635 1696 708 1759 saise
730 1692 851 1756 dixerit:
879 1691 942 1772 Epo
964 1699 993 1753 et
1013 1689 1119 1760 Pater,
1152 1705 1218 1760 mum
1240 1702 1344 1748 revera
1392 1689 1394 1702 '

116 1817 184 1898 ipse
206 1813 246 1876 sit
266 1811 369 1882 Pater,
398 1814 555 1883 ceteraque
577 1798 721 1870 absurda,
751 1815 825 1876 quae
848 1792 967 1855 Sabeliii
996 1763 1130 1852 erroreni
1151 1787 1343 1867 subsequun-

117 1927 178 1983 tur.
222 1910 399 1977 Neoessario
427 1909 499 1970 item
521 1908 678 1966 eranesost
698 1869 762 1960 Filii
786 1905 816 1960 et
838 1895 967 1976 Spiritus
994 1909 1102 1955 nomen
1132 1891 1196 1952 eius
1227 1888 1343 1968 expleto

116 2038 192 2091 usu,
219 2035 254 2079 ao
278 2011 405 2098 proinde
432 2007 504 2071 nibil
527 2004 585 2068 nisi
608 2002 695 2066 ludus
716 2000 772 2064 erit
802 2016 876 2078 quse
899 2004 962 2060 aeta
985 2002 1071 2066 sunt,
1101 2011 1167 2054 eum
1190 2010 1251 2052 non
1273 2007 1343 2050 vere

118 2123 173 2187 sed
194 2119 316 2184 nomine
345 2125 432 2178 tenus
462 2107 621 2174 extiterint.
665 2102 769 2165 Deieto
791 2107 889 2162 antem
912 2095 1086 2160 exitiorum
1109 2091 1255 2154 sententia
1276 2087 1341 2150 Filii

116 2223 240 2290 nomine
262 2223 416 2284 evanesoet
437 2229 556 2294 quoque
577 2205 718 2287 Baptismi
741 2203 850 2284 gratia,
873 2199 983 2279 quippe
1005 2195 1055 2276 qui
1077 2195 1107 2256 in
1130 2192 1234 2253 Silium
1256 2191 1343 2252 datus

118 2330 168 2392 sit.
214 2324 293 2400 Quid
313 2338 385 2382 vero
408 2316 477 2380 inde
500 2318 651 2392 sequetur,
674 2305 740 2368 nisi.
754 2321 852 2365 rerum
875 2308 1038 2362 ereatamm
1061 2289 1225 2355 interitus?
1268 2290 1343 2352 Natu

118 2432 145 2494 si
167 2439 200 2492 ut
222 2444 280 2489 nos
299 2436 466 2486 crearemur
487 2413 615 2476 Verbum
634 2407 756 2491 prodiit,
779 2421 874 2484 eoque
895 2399 1061 2480 prodeunte
1076 2394 1239 2468 existimus,
1262 2399 1344 2456 certe

121 2533 188 2613 ipso
210 2530 242 2591 in
263 2528 391 2597 Patrem,
413 2521 454 2584 uti
476 2519 567 2588 aiunt,
589 2513 731 2576 redeunte
753 2505 879 2570 existere
895 2501 1077 2564 desinemus.
1121 2496 1171 2558 Sie
1193 2493 1271 2557 enim
1293 2491 1342 2554 ille

121 2633 187 2708 erit,
211 2635 350 2695 utentes
371 2631 444 2698 erat,
468 2622 512 2683 sio
533 2620 604 2682 item
625 2633 681 2678 nos
703 2607 777 2674 nibil
798 2608 857 2672 iam
878 2603 1000 2676 erimus,
1023 2596 1270 2682 quemadmodum
1292 2593 1342 2656 ni-

118 2737 159 2800 bil
180 2735 266 2818 prins
290 2747 417 2793 eramus.
460 2724 505 2786 Eo
527 2721 636 2802 quippe
658 2733 719 2780 non
741 2710 867 2791 amptius
889 2707 1055 2788 prodeunte
1076 2700 1155 2763 nulls
1176 2699 1281 2790 sutura⁸
1297 2701 1371 2778 est0
1407 2771 1410 2776 Ι

118 2859 168 2902 res
190 2844 299 2900 ereata.

204 2941 256 3002 ⁴26.
298 2935 408 2996 Verum
429 2931 503 2992 haee
524 2923 643 3006 quidem
665 2914 879 2982 absurdissima
902 2918 981 2972 sunt.
1026 2903 1115 2978 Quod
1131 2885 1229 2964 autern
1250 2895 1342 2959 Filius

122 3040 296 3121 principium
319 3031 465 3099 existendi
486 3027 598 3091 mdium
620 3019 772 3089 babuerit,
802 3015 855 3079 sed
878 3027 1002 3092 *semper
1031 3016 1061 3068 et
1088 3011 1156 3066 ante
1184 3001 1343 3062 humanam

122 3150 255 3204 naturam
277 3145 437 3202 assumtam
459 3131 536 3212 apud
557 3129 675 3190 Patrem
697 3119 859 3191 exstiterit,
881 3120 963 3195 patet
983 3127 1018 3172 ea
1040 3107 1087 3168 bis
1109 3103 1210 3165 verbis
1229 3099 1345 3180 primae

119 3245 238 3308 loannis
260 3241 428 3324 Epistulae:
461 3235 549 3311 Quod
570 3234 630 3313 luit
652 3227 689 3290 ob
710 3227 814 3297 initio,
843 3217 922 3299 quod
948 3212 1132 3277 audiemus,
1164 3199 1344 3286 (1οάυέἀὲ-

120 3367 186 3410 mus
211 3346 306 3413 orote
327 3346 461 3412 nostris,
494 3336 572 3420 pond
590 3331 816 3416 perspem'mua,
839 3329 868 3383 et
888 3333 998 3379 mesos
1020 3321 1147 3374 nostroe
1171 3309 1345 3368 rostrsoto-

119 3460 231 3512 vmust
253 3447 288 3511 dr
313 3443 406 3508 Verbo
428 3445 524 3504 sitae:
559 3445 588 3499 et
609 3437 674 3496 utto
692 3427 889 3505 manifestato
910 3430 970 3490 est,
995 3427 1025 3480 et
1045 3413 1173 3474 vidimus
1197 3417 1226 3470 et
1248 3414 1343 3466 rests

120 3569 190 3614 matr
212 3561 241 3612 et
264 3549 483 3610 annunciamus
505 3540 589 3602 eoba's
612 3538 705 3598 eitum
726 3540 894 3593 oetmuro,
924 3537 999 3601 quoe
1021 3523 1087 3578 erut
1109 3510 1192 3592 opud
1213 3507 1344 3576 Potress,

122 3665 151 3716 et
172 3651 318 3733 apparuit
338 3648 435 3710 nobis.
479 3642 534 3704 bite
562 3656 629 3718 eum
656 3634 733 3698 dieat
754 3629 897 3698 loannes,
924 3620 1012 3682 vitam
1041 3633 1103 3678 non
1130 3614 1237 3676 saetam
1265 3625 1347 3679 esse,

35 3802 41 3814 .
121 3753 174 3816 sed
196 3752 288 3815 tuisse
308 3747 386 3829 apud
401 3746 529 3817 Patrem,
551 3741 630 3802 idem
651 3737 682 3797 in
705 3734 763 3796 fine
777 3731 840 3792 eius
855 3721 1004 3805 Epistulae
1019 3717 1124 3779 Filium
1145 3713 1232 3775 vitam
1248 3709 1344 3788 ipsam

121 3874 190 3920 esse
210 3853 258 3916 his
279 3851 407 3914 dederat
429 3843 543 3908 verbis:
571 3841 609 3904 Et
631 3855 737 3902 sumus
758 3837 792 3896 io
813 3846 897 3899 aero,
919 3830 951 3887 to
973 3821 1050 3885 Filio
1074 3822 1137 3881 eiua
1161 3813 1230 3876 Iesu
1254 3809 1344 3874 ctri-

154 4009 170 4058 i.
188 4007 245 4070 Reg.
270 4013 294 4054 st
317 4005 416 4065 sepner.
440 3999 478 4065 τῷ
495 3992 597 4061 λέγειν.Ι
626 3991 705 4043 Ceteri
758 3985 779 4036 i.
814 3979 948 4062 btibnppie.
967 3961 1016 4024 sair
1033 3971 1128 4024 omittit.
1164 3962 1344 4018 Ceterietsditi

120 4085 144 4127 et
161 4075 217 4126 editi
235 4068 267 4122 τὸ
284 4068 380 4137 λέγειν.
418 4069 492 4119 Panto
518 4072 574 4126 post
600 4062 656 4123 itep.
684 4067 707 4108 et
757 4043 804 4102 oris
830 4063 879 4097 our
903 4059 977 4113 ημεν.
1233 4061 1239 4070 ·

120 4144 219 4207 Segner.
238 4133 278 4190 eir
296 4133 311 4188 ὃ
328 4132 431 4206 πατὴρ,
448 4129 495 4184 καὶ
512 4125 572 4182 ὅσα.
607 4129 634 4179 in
653 4127 706 4177 aliis
791 4121 812 4169 it.
832 4119 888 4180 Rep.
900 4125 923 4164 st
934 4117 1004 4175 Sego.
1024 4097 1132 4168 tatoni
1148 4094 1285 4160 Ἰωάννης.
1316 4098 1344 4145 bt

120 4220 144 4263 st
162 4212 232 4262 editis
250 4203 265 4258 ὃ
284 4211 360 4260 deest.
757 4179 864 4237 duhest
882 4185 912 4236 sb
936 4181 991 4232 aitis
1016 4187 1040 4228 et
1064 4175 1143 4226 editis.
1178 4171 1230 4250 poa
1249 4165 1343 4246 bppips,

153 4313 174 4361 Β,
194 4296 267 4349 pun·
286 4287 403 4355 &unp
436 4287 517 4354 §etesi
536 4275 653 4332 gnam,
756 4257 856 4334 Sepuer.
883 4251 967 4332 Qut.
983 4255 1006 4297 at
1023 4244 1144 4322 bnpiiesn.
1164 4250 1250 4289 uerus
1266 4249 1281 4282 o
1299 4241 1341 4288 psa

392 4391 416 4434 ιι
549 4366 681 4436 m„
756 4315 1170 4449 uetustiorem
1246 4373 1270 4416 ..
1287 4361 1344 4414 m

155 4485 172 4535 i.
190 4484 231 4534 Sir
248 4482 307 4544 Reg.
327 4481 427 4542 Seguer.
446 4473 544 4527 Gobier.
564 4478 587 4520 st
604 4466 712 4544 Febrim
757 4451 821 4526 ἔφη.
