3176 5058
266 311 308 373 54
665 321 692 363 ε.
707 319 860 364 numu
873 319 1098 364 mcmssmscom

181 479 400 560 ε.ννο.ουργίας
426 469 520 557 χάριν
542 471 600 554 τῆς
622 465 715 554 παρὰ
735 469 820 535 θεοῦ
841 472 1014 555 γενομένης
1036 461 1124 534 ταῦτ’
1149 467 1272 556 εἴρηκε,
1295 469 1349 534 καλ
1372 461 1412 534 ού
1440 469 1507 536 δια

264 575 304 642 τό
327 569 489 642 εἶναικαὶ
510 567 692 649 τὰπάντα,
717 563 762 647 ῶς
784 567 873 637 ἔστιν
896 565 914 634 6
936 569 1008 648 υίὸς
1030 567 1064 636 ἐκ
1085 571 1144 635 τού
1167 567 1304 655 πατρός.
1340 566 1417 638 ούτε
1433 570 1504 658 γάρ

263 675 309 744 τά
329 673 441 742 πάντα
463 667 508 751 ῶς
531 666 548 737 6
571 669 650 751 υἱός,
674 667 750 737 ούτε
771 664 789 735 6
811 667 909 758 λόγος
930 665 979 749 είς
1000 672 1067 736 τῶν
1089 668 1224 736 πάντων
1239 669 1326 736 ίστί·
1349 673 1416 736 τῶν
1433 671 1503 756 γὰρ

265 775 403 844 πάντων
429 772 541 859 κύριος
566 765 631 839 κοιλ.
651 769 846 859 δημιουργός
874 769 955 839 ἐστι.
1001 770 1059 837 διά
1086 774 1184 838 τοῦτο
1211 769 1272 858 γάρ
1295 774 1349 838 καί
1371 768 1391 860 ἦ
1414 768 1503 858 ἆγία

268 877 407 956 σύνοδος
428 875 616 962 λευκότερον
638 874 781 996 εἴρηκεν.
785 871 820 940 ἐκ
840 875 898 960 τῆς
920 868 1036 952 οὐσίας
1058 866 1159 942 αύτὸν
1181 867 1335 940 ελναιτού
1352 873 1499 958 πατρός,
1570 953 1571 966 ¹

267 981 324 1048 ι’να
344 981 399 1046 καί
421 975 521 1057 άλλος
540 977 634 1063 παρά
654 973 713 1062 τὴν
734 977 800 1042 τῶν
821 976 964 1062 γενητῶν
988 973 1089 1063 φύσιν
1112 969 1243 1060 όλόγος
1257 969 1501 1044 ελναιπιστευ-
1570 969 1571 972 “

265 1084 334 1170 θῇ,-
360 1079 461 1165 μόνος
488 1072 533 1145 ῶν
563 1071 699 1166 άληθῶς
728 1075 763 1143 ἐκ
789 1078 849 1142 τού
871 1078 972 1156 θεού,
1001 1077 1055 1141 καί
1076 1080 1192 1159 μηκύτι
1212 1073 1386 1164 πρόφασις
1406 1076 1500 1164 πρὸς

174 1222 177 1228 ·
266 1177 396 1272 άπάτην
417 1177 730 1268 Ιύπυλειφθήσητοιι
750 1187 823 1257 τοῖς
845 1171 1012 1262 ἀσεβοῦσι.
1049 1179 1127 1264 περὶ
1148 1178 1209 1262 μὲν
1232 1166 1362 1244 οὖντοῦ
1377 1177 1500 1264 γεγρά-

265 1292 358 1374 φθαι
379 1284 473 1353 ἔνι’
434 1309 493 1372 της
515 1274 672 1360 ούσίαςε
652 1305 671 1344 τ
695 1279 869 1367 πρόφασις
891 1275 982 1365 αύτη.
1570 1365 1571 1378 γ

349 1393 401 1456 20.
449 1388 524 1452 Τῶν
546 1385 583 1451 δὲ
605 1380 801 1450 ἐπισκόπων
822 1380 926 1448 πάλιν
949 1379 1125 1466 λεγόντων,
1157 1380 1226 1447 δεῖν
1243 1382 1413 1502 γραφῆναι
1436 1378 1499 1446 δύ-

263 1515 362 1574 ναμιν
392 1481 556 1573 ἀληθινὴν
577 1486 633 1551 καί
655 1481 766 1549 εἰκόνα
786 1485 845 1548 τοῦ
867 1481 995 1602 πατρὸς
1016 1480 1074 1548 τόν
1098 1480 1209 1566 λογον,
1241 1477 1358 1565 ὅμοιόν
1378 1505 1416 1547 τε
1437 1506 1494 1546 και

266 1585 522 1674 ἀπαράλλακτον
544 1579 643 1650 αύτὸν
664 1582 749 1649 κατὰ
769 1581 882 1650 πάντα
902 1608 949 1670 τῳ
972 1586 1075 1670 πατρὶ
1097 1581 1196 1649 καί”
1174 1606 1337 1668 ατρεπτον
1358 1577 1460 1648 κάλ’
1440 1587 1494 1649 αεὶ

264 1688 363 1754 καίέ
366 1715 383 1754 ν
413 1681 501 1772 αύτῷ
531 1680 617 1752 εἶναι
638 1678 850 1770 άδιοιιρέτως·
875 1678 1092 1752 ούδύποτε
1056 1709 1118 1807 γαρ
1141 1677 1198 1752 ούκ
1220 1711 1274 1806 ην,
1304 1681 1428 1750 άλλὰ’
1410 1672 1494 1770 ηνό

265 1789 363 1874 λόγος
386 1783 447 1866 όεί,
470 1783 626 1870 ὑπάρχων
648 1781 764 1864 άῑδίως
785 1785 878 1871 παρὰ
893 1789 940 1872 τῷ
956 1794 1068 1872 πατρί,
1093 1813 1137 1865 ως
1149 1808 1351 1871 απαυγασμα
1363 1807 1494 1873 φωτος·

268 1890 301 1956 ολ
323 1912 401 1975 περι
391 1873 505 1954 Εύσέ
490 1893 579 1971 έβιον
600 1881 766 1972 ἠνείχοντο
788 1888 848 1970 μὲν
832 1885 913 1973 νμὴ
935 1891 1121 1971 τολμῶντες
1142 1883 1331 1972 άντιλίγειν,
1355 1885 1467 1954 διὰ
1432 1913 1492 1974 την

266 1988 436 2078 αἰσχύνην,
466 1988 506 2077 ἢν
534 1983 662 2072 είχονέ
665 1982 699 2076 φ’
730 1983 780 2068 οἷς
802 1982 1022 2076 ἠλέγχθησάν
1052 1987 1367 2076 κατελήφθησανδδ
1388 1986 1493 2056 πάλιν

264 2091 352 2178 πρὸς
380 2089 515 2170 ἑαυτούς
536 2090 791 2178 τονθορύζοντες
812 2093 867 2157 καί
891 2089 1095 2170 διανεύοντες
1116 2101 1188 2168 τοῖς
1211 2084 1458 2176 όφθαλμοῖς,”
1437 2114 1493 2155 οτι

264 2196 320 2260 καὶ
341 2194 380 2260 τό
404 2189 520 2278 ὅμοιον
544 2195 598 2258 καί
619 2190 658 2258 τό
682 2185 799 2260 άελκαί
811 2190 919 2277 τὸτῆς
932 2190 1101 2276 δυνάμεως
1113 2189 1218 2274 όνομα
1231 2193 1286 2256 καί
1301 2189 1340 2256 τὸ
1356 2190 1389 2258 ἐν
1401 2185 1492 2276 αύτῷ
1532 2231 1537 2240 ·

264 2295 360 2364 κοινὰ
380 2293 484 2362 πάλιν
507 2293 577 2362 ἔστί
599 2291 686 2379 πρὸς
706 2287 792 2380 ἡμᾶς
814 2295 868 2359 καί
891 2291 948 2358 τὸν
970 2291 1058 2372 υἱόν,
1081 2295 1136 2359 καὶ
1159 2287 1253 2358 οὐδὲν
1276 2293 1394 2359 λυπεῖν
1415 2291 1494 2358 τού·
1570 2291 1571 2368 1

227 2453 230 2458 ,
261 2421 335 2478 τοις
355 2394 443 2486 ἡμᾶς
464 2401 671 2465 συνθέσθαι·
694 2393 734 2461 τὸ
754 2396 815 2480 μὲν
839 2390 965 2479 ὅμοιον,
991 2390 1043 2460 ότι
1065 2395 1118 2460 καί
1141 2395 1217 2479 περὶ
1240 2389 1333 2480 ἡμῶν
1349 2392 1495 2480 ἐγράφη
1570 2385 1571 2392 ¹

265 2498 360 2566 εἰκῶν
383 2498 472 2564 ἐστιν
496 2493 513 2561 ό
537 2495 799 2583 ἄνθρωποςκαὶ
821 2495 902 2575 δόξα
923 2498 1007 2562 θεοῦ
1029 2491 1210 2581 ύπάρχειἿ,
1232 2493 1271 2560 τό
1293 2495 1330 2560 δὲ
1353 2487 1413 2572 άεί,
1438 2490 1493 2560 ότι

264 2604 463 2684 γέγραπται·
487 2590 537 2662 δεῖ
559 2596 621 2682 γάρ
643 2593 738 2681 ἡμεῖς
760 2597 792 2662 οἱ
816 2596 972 2678 ζῶντες’),
995 2596 1033 2662 τὸ
1057 2598 1093 2664 δὲ
1115 2597 1149 2664 ἐν
1172 2591 1277 2684 αύτῷ,
1302 2592 1354 2662 ὅτι
1375 2595 1409 2662 δν
1431 2589 1495 2660 αύ-

264 2701 314 2783 τῷ
336 2697 440 2780 ζῶμεν
460 2699 514 2762 καί
537 2695 721 2778 κινούμεθα
742 2703 797 2763 καί
819 2697 954 2782 ἐσμενλ),
978 2701 1032 2764 καί
1053 2697 1091 2764 τό
1115 2695 1279 2784 άτρεπτον
1302 2697 1344 2774 δέ,
1368 2691 1421 2760 ότι
1434 2703 1494 2780 γέ-

220 2867 224 2878 ,
264 2819 428 2885 γραπται·
451 2791 545 2864 ούδὲν
567 2793 654 2884 ἡμᾶς
672 2795 809 2884 χωρίσει
830 2793 901 2866 άπὸ
914 2802 973 2888 τῆς
988 2795 1118 2885 ἀγάπης
1132 2803 1190 2865 τοῦ
1206 2801 1394 2885 ΧριστοῦἽ,
1410 2800 1493 2882 περὶ

266 2901 302 2967 δὲ
334 2903 393 2986 τῆς
421 2897 605 2984 δυνάμεως,
640 2895 693 2966 ότι
720 2903 775 2966 καί
804 2896 823 2988 ἡ
846 2899 958 2987 κάμπη
981 2905 1035 2968 καί
1060 2896 1077 2965 6
1099 2903 1239 2987 δροῦχος
1259 2903 1319 2983 μὲν
1342 2901 1493 2986 λέγονται

265 3000 403 3088 δύναμις
413 3005 467 3069 καί
480 3001 617 3087 δύναμις
626 3001 749 3090 μεγάλη
757 3007 789 3084 ⁵),
806 3001 967 3083 πολλάκις
978 3004 1013 3070 δὲ
1030 3005 1107 3089 περί
1122 3005 1181 3068 τοῦ
1197 3003 1278 3068 λαοῦ
1293 3008 1486 3088 γέγραπται,

264 3100 391 3194 ῶςπερ·
420 3104 540 3192 ἐξῆλθε
568 3107 664 3172 πᾶσα
693 3099 713 3193 ἦ
741 3104 879 3190 δύναμις
906 3114 1019 3193 κυρίου
1043 3103 1078 3172 ἐκ
1098 3107 1157 3192 γῆς
1177 3101 1402 3188 Αίγύπτου1),
1435 3105 1487 3168 καὶ

263 3204 362 3274 άλλαι
384 3210 420 3274 δὲ
441 3203 594 3294 ούρανίαι
615 3206 770 3291 δυνάμεις
793 3207 874 3273 είσί·
897 3206 1008 3291 κύριος
1029 3204 1099 3290 γάρ,
1124 3200 1216 3293 φησί,
1240 3208 1305 3270 τῶν
1321 3203 1490 3288 δυνάμεων

262 3303 338 3391 μεθ’
362 3304 471 3393 ἡμῶν·
503 3305 713 3393 άντιλήπτωρ
736 3303 828 3390 ἡμῶν
851 3300 869 3369 6
891 3303 975 3383 θεὸς
993 3301 1145 3392 Ἰακῶβλγ.
1190 3309 1330 3372 τοιαῦτα
1351 3305 1412 3392 γάρ
1434 3307 1488 3370 καὶ

260 3400 433 3491 Ἀστέριος
462 3401 480 3470 ὁ
510 3405 684 3488 λεγόμενος
711 3403 875 3491 σοφιστὴς
895 3400 973 3492 παρ’
998 3401 1105 3472 αὐτῶν
1126 3405 1248 3492 μαθὼν
1272 3407 1412 3492 ἔγραψε,
1434 3407 1489 3471 καὶ

266 3503 334 3588 πρὸ
357 3498 457 3568 αύτοῦ
480 3503 517 3568 δὲ
532 3501 667 3588 ’Ἀρειος
687 3503 819 3588 μαθών,
843 3501 953 3591 ῶςπερ
976 3508 1112 3594 ε’ίρηται.
1158 3503 1226 3575 ἄλλ’
1252 3508 1285 3574 ολ
1307 3507 1491 3575 ἐπίσκοποι

175 3606 320 3671 umal
343 3602 377 3670 ἐν
398 3601 504 3689 τούτῳ
526 3601 757 3690 θεωρήσαντες
777 3605 836 3692 τήν
856 3603 1032 3694 ύπόκρισιν
1053 3608 1193 3690 ἐκείνων,
1216 3611 1271 3677 καὶ
1287 3605 1341 3676 ότι
1354 3606 1492 3674 κατὰτὸ

264 3709 487 3791 γεγραμμένον
519 3703 553 3772 ἐν
580 3703 730 3791 καρδίαις
758 3711 824 3774 τῶν
852 3701 981 3794 άσερίῶν
1009 3709 1106 3789 δόλος
1134 3711 1204 3778 ἐστὶ
1233 3715 1490 3793 τεκταινομένων

263 3805 385 3886 κακά’),
408 3801 664 3895 ἠναγκάσθησαν
685 3811 738 3875 καί
761 3803 855 3876 αύτολ
878 3800 979 3889 αύθις
1001 3821 1194 3898 συναγαγεῖν
1217 3811 1251 3880 ἐκ
1272 3815 1338 3878 τῶν
1352 3811 1490 3898 γραφῶν

263 3905 323 3995 τὴν
345 3906 506 3988 διάνοιαν,
528 3911 584 3974 καὶ
606 3903 692 3996 άπερ
714 3909 876 3997 πρότερον
899 3911 1025 3998 ἔλεγον,
1049 3916 1152 3979 ταῦτα
1174 3912 1277 3979 πάλιν
1299 3910 1491 3998 λευκότερον

265 4008 373 4077 εἰπεῖν
403 4011 457 4076 καί
485 4009 630 4096 γράψαι,
661 4005 838 4095 όμοούσιον
867 4006 1020 4100 εἶναιτῷ
1043 4019 1146 4098 πατρὶ
1168 4013 1226 4079 τὸν
1248 4013 1335 4094 υἱόν,
1367 4009 1488 4096 ἵναμὴ

263 4106 366 4193 μόνον
396 4105 511 4195 ὅμοιον
532 4109 591 4178 τὸν
612 4109 700 4192 υἱόν,
732 4106 816 4180 άλλδι
836 4108 956 4180 ταύτδν
978 4117 1017 4200 τῇ
1042 4110 1201 4198 ὁμοιώσει
1223 4113 1257 4182 ἐκ
1278 4117 1337 4181 τού
1359 4111 1491 4199 πατρὸς

265 4205 350 4277 εἶναι
372 4217 567 4297 σημαίνωσι,
590 4215 643 4278 καί
667 4210 768 4300 άλλην
791 4203 892 4279 ούσαν
913 4213 971 4300 τὴν
993 4217 1052 4280 τού
1069 4209 1487 4300 υίούόμοίωσινκαίάτρε-

234 4379 240 4383 .
262 4317 348 4391 ψίαν
377 4312 510 4392 δείξωσι
531 4311 624 4400 παρὰ
645 4312 703 4400 τὴν
726 4313 760 4380 δν
781 4309 859 4401 ἡμῖν
881 4315 1054 4402 λεγομένην
1075 4323 1229 4403 μίμησιν,
1252 4313 1291 4402 ἢν
1314 4314 1350 4395 ἐξ
1371 4309 1491 4400 ἀρετῆς

334 4468 475 4526 1)1.1Ἱοτ.
496 4468 576 4529 111
661 4467 728 4524 212.
748 4468 805 4519 Cor.
823 4470 848 4528 4,
869 4469 908 4519 11.
987 4469 1079 4528 δίλει.
1101 4473 1139 4531 17,
1158 4471 1199 4522 28.
1269 4471 1382 4530 Mum.
1401 4469 1426 4528 8,
1444 4467 1487 4518 ³5.
1570 4487 1571 4492 ¹

262 4529 290 4592 6)
309 4533 365 4586 luel.
385 4535 409 4599 2,
428 4535 469 4588 25
527 4537 552 4597 6)
571 4537 646 4586 Exod
668 4535 707 4597 12,
726 4535 767 4586 41.
819 4537 845 4598 ’1)
864 4537 927 4588 Psal.
946 4537 979 4587 16
997 4531 1051 4602 [45.
1069 4508 1157 4603 [55],
1175 4539 1199 4590 8.
1253 4539 1278 4600 8)
1297 4540 1366 4589 Prov
1386 4536 1427 4598 12,
1444 4535 1490 4586 211.
1570 4599 1571 4614 γ
