3220 5046
255 267 314 328 158
653 278 680 322 ε.
694 277 847 322 nummu
862 277 1083 348 ιιιεειεειερονι

167 449 242 492 mn.
251 423 514 515 ἀπεστράφησαν
536 425 584 505 εἰς
599 420 721 507 οὐδέν’)
729 454 742 510 ,·
770 425 828 494 τὸν
848 425 910 513 γὰρ
925 417 1005 494 ύντα
1018 427 1078 492 τοῦ
1091 426 1176 493 θεοῦ
1191 422 1288 511 λύγον
1303 419 1477 510 ἀποστρα-

250 533 377 617 φέντες,
400 527 587 607 πλάσαντες
608 529 645 596 δὲ
667 527 798 607 ἑαυτοῖς
817 527 877 595 τὸν
898 522 957 594 οὐκ
978 524 1067 606 ύντα,
1090 526 1138 604 είς
1159 525 1198 592 τὸ
1219 527 1321 614 μηδὲν
1335 526 1475 596 πεπτώ-

248 653 335 698 κασι.
382 629 439 697 διά
468 633 565 697 τοῦτο
597 629 658 717 γάρ
685 632 740 697 καί
767 625 787 717 ή
818 628 1022 714 σίκονμενική
1052 626 1191 706 σύνοδος
1211 631 1316 695 ταῦτα
1337 629 1474 714 λέγοντα

247 733 306 800 τὸν
323 730 456 820 ’Ἀρειον
484 731 616 818 ἐξέβαλε
636 735 694 820 τῆς
716 731 887 818 έισιλησίας
907 733 960 812 καί
982 726 1239 814 ἀνεθεμάτισαν,
1263 726 1301 798 οὐ
1324 735 1474 818 φέρουσα

247 834 308 922 τήν
331 829 492 920 ἀσέβειαν.
527 835 581 900 καλ
603 831 724 900 λοιπὸν
746 833 874 920 αίρεσις
888 826 1219 919 δλογίσθηήἈρείου
1229 831 1338 920 πλάνη
1355 830 1474 916 λ’χσυσά

247 961 284 1003 τι
310 937 413 1003 πλέον
438 937 505 1003 τῶν
534 932 643 1002 ἀλλων
665 933 838 1020 αἱρέσεων,
862 929 935 1000 ’ὅτι
955 936 1010 1001 καί
1031 933 1250 1018 χριστσμάχος
1272 932 1394 1022 ἐκλήθη
1416 936 1470 1000 καὶ

249 1036 440 1124 πρόδρομος
467 1036 624 1124 ἐλογίσθη
652 1040 711 1102 τοῦ
735 1030 950 1123 ἀντιχρίστου.
996 1034 1026 1102 εἰ
1046 1038 1101 1101 καὶ
1122 1032 1164 1101 τά
1184 1033 1329 1119 μάλιστα
1349 1029 1470 1114 τοίνυν,

250 1135 295 1217 ὡς
317 1131 492 1224 προεῖπον,
516 1134 677 1226 αὐτάρκης
698 1134 718 1225 ή
739 1136 883 1225 τοσαύτη
905 1143 1013 1223 κρίσις
1033 1135 1117 1204 κατά
1137 1139 1196 1224 τῆς
1218 1130 1359 1222 ἀσεβοῦς
1379 1135 1470 1221 αἱρέ-

248 1262 333 1319 σεως
359 1249 479 1308 πείσαι
506 1238 635 1318 πάντας
662 1239 794 1328 φεύγειν
816 1233 874 1305 ἀπ’
898 1233 1015 1327 αὐτῆς,
1045 1235 1136 1323 ὅμως
1158 1236 1274 1324 ἐπειδή
1295 1261 1383 1316 τινες
1403 1239 1470 1304 τῶν

248 1343 430 1427 λεγομένων
451 1343 664 1428 Χριστιανῶν
693 1335 732 1428 Ι’ή
760 1337 953 1426 ἀγνοοῦντες
979 1334 1291 1428 ήύποκρινύμενσι,
1313 1337 1470 1426 καθάπερ

249 1443 376 1532 εἴρηται
397 1442 559 1528 πρόσθεν,
583 1437 769 1530 ἀδιάφορον
791 1441 876 1528 πρὸς
897 1442 955 1529 τήν
977 1436 1139 1530 ἀλήθειαν
1161 1438 1317 1527 ήγοῦνται
1336 1439 1395 1526 τὴν
1416 1439 1471 1508 αί-

247 1567 354 1629 ρεσιν,
383 1543 439 1610 καί
460 1544 537 1623 τοὺς
557 1545 661 1610 ταῦτα
683 1546 888 1632 φρονοῦντας
908 1542 1132 1629 Χριστιανοὺς
1153 1537 1366 1628 ὀνομάζουσι,
1390 1547 1470 1631 φέρε

247 1643 331 1712 κατὰ
359 1643 496 1730 δύναμιν
524 1645 709 1732 ἐρωτῶντες
736 1641 855 1724 αὐτοὺς
884 1638 1153 1729 ἀποκαλύψωμεν
1180 1643 1238 1734 τήν
1266 1649 1469 1731 πανουργίαν

246 1749 306 1832 τῆς
338 1747 502 1834 αἱρέσεως.
546 1745 630 1830 τάχα
664 1741 723 1835 κάν
752 1743 840 1813 ούτω
869 1747 1175 1831 οσνμποδισθέντες
1197 1745 1492 1830 ἕπτστομισθιῦσι·

247 1850 302 1915 καί
324 1846 472 1936 φύγωσιν
494 1842 551 1914 ἀπ’
576 1842 677 1934 αὐτῆς
698 1841 743 1926 ιύς
765 1842 835 1914 ἀπὸ
856 1848 1038 1934 προςώπου
1062 1846 1180 1936 ὄφεως.

333 1955 361 2017 8.
406 1949 466 2016 “Ei
486 1951 547 2033 μὲν
569 1938 626 2016 οὐν
649 1948 706 2016 διὰ
727 1947 766 2016 τὸ
788 1950 892 2029 λέξεις
911 1948 1005 2028 τινάς
1025 1953 1084 2038 τῆς
1104 1955 1203 2028 θείας
1223 1952 1352 2039 γραφής
1373 1949 1407 2017 ἐν
1427 1951 1469 2037 τῇ

246 2053 371 2139 θαλείᾳ
391 2050 521 2142 γράψαι
542 2051 713 2136 νομίζουσι
728 2053 781 2119 καί
796 2049 856 2130 τὰς
869 2051 1079 2139 βλαςφημίας
1094 2046 1258 2138 εὐφημίας
1267 2047 1360 2131 εἶναι,
1384 2049 1469 2119 πάν-

246 2177 313 2232 τως
333 2157 420 2220 οποῦ
453 2155 506 2220 καὶ
538 2153 616 2232 τοῦς
645 2157 701 2220 νῦν
726 2149 902 2231 Ἰουδαίους
932 2147 1072 2238 δρῶντες
1100 2147 1382 2238 ἀναγινώσκοντας
1410 2151 1467 2220 τὸν

244 2254 348 2339 νόμον
380 2257 435 2322 καί
466 2253 544 2334 τούς
573 2253 749 2343 προφήτας
777 2249 977 2340 ἀρνήσονται
1004 2256 1058 2320 καί
1088 2249 1182 2320 αὐτοί
1212 2253 1268 2321 διά
1288 2258 1387 2322 τοῦτο
1409 2252 1468 2322 σὺν

246 2355 383 2436 ἐκείνοις
403 2357 460 2424 τὸν
481 2354 640 2443 Χριστόν,
664 2351 836 2433 ἀκούοντες
857 2355 894 2422 δὲ
915 2353 998 2436 τάχα
1018 2354 1074 2422 καὶ
1087 2361 1286 2438 Μανιχαίων
1308 2353 1467 2442 λεγόντων

246 2463 327 2545 μέρη
355 2460 430 2525 τινὰ
454 2461 522 2524 τῶν
551 2452 745 2543 εὐαγγελίων
773 2451 973 2542 ἀρνήσονται
994 2455 1052 2522 σύν
1075 2451 1190 2535 αὐτοῖς
1210 2455 1268 2523 τὸν
1290 2457 1391 2541 νόμον
1414 2458 1466 2524 καί

245 2558 324 2636 τοῦς
349 2557 535 2646 προφήτας.
581 2559 610 2624 εί
638 2559 674 2625 δὲ
704 2553 895 2642 ἀγνοοῦντες
917 2552 1003 2623 οῦτω
1023 2557 1234 2642 χειμάζονται
1255 2561 1309 2624 καὶ
1330 2562 1468 2626 τοιαῦτα

245 2659 493 2744 βατταλογοῦσι,
516 2663 718 2742 μαθέτωσαν
740 2653 810 2726 ἀπὸ
831 2662 898 2725 τῶν
919 2663 1065 2747 γραφῶν,
1088 2655 1159 2726 ’ῦτι
1179 2662 1232 2728 καί
1256 2655 1273 2724 ὁ
1295 2657 1355 2736 τὰς
1377 2658 1466 2744 αἱρέ-

246 2781 316 2838 σεις
344 2759 524 2848 ἐπινοήσας
552 2759 708 2846 διάβολος
735 2759 792 2828 διά
819 2759 877 2846 τὴν
906 2759 994 2827 ίδίαν
1021 2763 1079 2846 τῆς
1099 2767 1213 2840 κακίας
1235 2761 1395 2839 δνςωδίαν
1416 2785 1467 2826 κι-

242 2863 364 2946 χρῦται
393 2861 454 2941 τὰς
475 2863 577 2942 λέξεις
597 2865 664 2930 τῶν
685 2866 840 2952 γραφῶν,
874 2862 929 2929 ἵνα
951 2857 1154 2946 αύτάςέχων
1178 2861 1388 2947 ἐπικάλυμμα
1408 2860 1467 2928 τὸν

244 2963 334 3030 ίδισν
363 2962 414 3030 ίδν
442 2963 641 3052 ἕπισπείρας
669 2959 823 3052 ἀπατήσῃ
851 2963 928 3044 τοὺς
955 2959 1134 3050 ἀκεραίους.
1180 2960 1267 3031 οῦτω
1297 2964 1355 3050 τήν
1377 2961 1466 3030 Εύαν

243 3059 426 3154 ἠπάτησεν,
455 3062 560 3134 ῦοῦτω
588 3069 642 3134 καί
669 3065 730 3145 τάς
757 3064 859 3144 ἀλλος
884 3066 1030 3154 αἱρέσεις
1056 3067 1195 3146 ἔπλασε,
1225 3062 1311 3133 σῦτω
1333 3066 1387 3131 καὶ
1409 3066 1466 3130 νῦν

237 3163 372 3252 ’Ἀρειον
400 3168 532 3237 ἔπεισεν
559 3168 667 3236 εἰπεῖν
688 3170 743 3234 καὶ
766 3174 1038 3254 σχηματίσασθαι
1059 3169 1163 3256 δῆθεν
1184 3166 1268 3234 κατὰ
1288 3169 1355 3234 τῶν
1377 3163 1466 3251 αίρέ-

244 3291 338 3350 σεων,
363 3271 418 3336 ἵνα
440 3270 529 3356 λάθῃ
552 3268 610 3356 τήν
633 3269 720 3335 ἰδίαν
742 3267 953 3354 ι’ἐπιβάλλων
974 3269 1111 3354 αἵρεσιν.
1142 3273 1196 3336 καί
1213 3267 1302 3352 ὅμως
1317 3262 1375 3335 οὐκ
1390 3265 1466 3335 έλα-

159 3395 235 3441 τοι.
244 3375 307 3436 θεν
336 3366 413 3436 οὐδὲ
441 3367 547 3448 σῦτως
575 3365 593 3436 δ
621 3371 822 3454 πανοῦργος·
852 3370 899 3449 είς
919 3368 980 3457 γάρ
1001 3369 1059 3436 τὸν
1081 3374 1141 3438 τοῦ
1162 3373 1245 3439 θεοῦ
1268 3369 1366 3456 λόγον
1388 3363 1466 3436 ἀσε-

243 3469 349 3557 βήσας
369 3469 505 3537 πάντων
527 3467 629 3550 εὐθὺς
650 3470 799 3550 ἐξέπεσε,
822 3473 877 3538 καὶ
899 3467 1063 3538 δίδεὶκται
1083 3476 1188 3540 πᾶσιν
1195 3523 1204 3554 ,
1235 3468 1289 3539 ὅτι
1311 3474 1364 3539 καί
1386 3471 1463 3556 περὶ

242 3573 309 3636 τῶν
332 3568 442 3636 ἀλλων
462 3567 600 3659 ἠγνόησε
620 3575 673 3638 καί
685 3574 810 3658 ,ῑμηδέν
833 3567 918 3652 ὅλως
940 3568 1066 3660 ἀληθές
1087 3578 1219 3662 φρονοῦν
1240 3569 1464 3660 ἀποκρίνεται.

242 3673 317 3750 πῶς
343 3670 405 3758 γὰρ
434 3667 474 3740 ἀν
502 3667 669 3762 ἀληθεύσῃ
699 3673 779 3761 περὶ
806 3676 865 3740 τοῦ
892 3674 1021 3761 πατρὸς
1044 3671 1061 3741 ὃ
1083 3674 1140 3742 τὸν
1162 3674 1234 3742 υίὸν
1256 3671 1463 3761 ἀρνούμενος,

241 3773 301 3838 τὸν
322 3768 601 3842 ἀποκαλύπτοντα
622 3779 700 3862 περὶ
723 3771 842 3857 αὐτοῦ,Ι
872 3769 894 3863 ἢ
915 3779 990 3854 πῶς
1005 3774 1083 3863 περὶ
1097 3779 1157 3843 τοῦ
1170 3775 1359 3861 πνεύματος
1375 3770 1466 3860 ἀρθά

243 3875 403 3963 φρονήσει
425 3877 601 3966 δυςφημῶν
624 3877 671 3958 είς
691 3877 750 3945 τὸν
771 3880 890 3944 ΙΙτοῦτο
910 3881 1111 3964 χορηγοῦντα
1132 3877 1247 3964 λόγους
1280 3883 1332 3958 τίς
1354 3878 1390 3943 δὲ
1404 3900 1466 3943 πι-

312 4046 335 4108 1)
354 4048 410 4102 Ose.
428 4049 452 4112 7,
473 4051 511 4102 13.
531 4051 570 4102 15.

276 4181 299 4216 ε.
317 4167 416 4247 θεςηετ.
442 4171 589 4252 (ἱσρΙετ.ἰι
615 4168 761 4246 θεΙελιοηί.
782 4160 825 4248 ³³!
880 4172 901 4220 ί.
937 4170 998 4221 Εδίιί
1018 4179 1096 4221 nutem
1115 4179 1138 4222 ει
1157 4171 1198 4220 τλῆ
1216 4160 1304 4223 υύτως
1321 4159 1464 4216 αἰδεσθέν-

237 4245 427 4354 ῦῦύὐωμίῦτλῦῦς
443 4231 825 4304 καιπροδρομοςίιληθητου
877 4251 927 4354 τεῦ
953 4306 1049 4356 Felckm
1076 4305 1091 4358 2
1126 4314 1150 4356 ει
1173 4305 1229 4354 editi
1254 4295 1347 4368 εἶμέν
1365 4293 1412 4348 διὰ
1430 4294 1463 4348 τὸ

275 4316 358 4424 λκχδρίε
375 4344 515 4437 δεήσεται.
534 4371 631 4424 Gobler.
650 4380 674 4422 ει
686 4371 790 4422 Felckm.
803 4371 825 4422 1.
876 4342 957 4429 λίξίιε
975 4359 1030 4424 νῦν.
1052 4343 1118 4425 ’Μύι
1142 4373 1238 4424 ίὶοΙιΙετ.
1263 4378 1287 4422 ει
1313 4369 1420 4420 λιλαίεο.
1440 4369 1464 4419 1.

240 4437 269 4488 λι
288 4439 311 4488 in
331 4442 401 4492 εδίιίτ
420 4433 436 4500 ἢ
454 4441 529 4508 dees}
875 4436 982 4506 θαλείην.
1019 4441 1063 4494 Alii
1081 4435 1174 4504 θαλίρ.

275 4521 296 4557 ε.
315 4508 355 4561 Sic
373 4509 472 4572 Seguer.
489 4505 581 4569 λσρίίο.
600 4503 697 4559 ῦσίιίιτ.
711 4507 825 4560 ειῦείσλ.
