3174 5082
263 303 309 388 dl
725 384 730 391 Π
782 317 956 364 amastrae.
981 361 984 366 .

263 473 335 538 locis
357 471 393 536 ad
414 468 599 534 reiutsndam
621 467 759 532 baccata
772 475 805 531 et
818 467 1050 532 confirmandam
1072 467 1161 532 tidem
1175 469 1339 540 Nicaeae·
1360 475 1485 534 atnam

221 558 227 574 ⁸
265 573 434 656 etquidem
457 571 513 634 alia
543 570 658 634 ratione
690 578 778 648 atque
810 569 994 649 antiquiores
1022 569 1163 634 ecolesiae
1195 570 1338 636 conam
1360 588 1484 634 maue-

262 675 388 746 risseot,
412 672 541 736 breviter
562 681 593 734 et
612 670 806 753 probabiliter
835 671 935 736 docuit
962 671 1040 734 idem
1062 671 1147 736 llioh.
1169 673 1318 738 Simoni.
1342 672 1364 734 l.
1386 689 1416 752 p.
1438 673 1483 734 91.

264 776 311 840 lais
334 774 449 838 serbis:
472 774 624 837 Novitates
646 777 752 848 (norae
775 773 939 856 secuntiae
961 781 992 834 ct
1012 774 1295 852 argumentationes)
1316 773 1382 836 Arii
1405 787 1485 834 occa-

264 878 381 942 sionem
404 875 510 938 dabant
531 873 691 936 Athanasio
713 874 824 938 maiore
846 892 932 947 cura,
955 893 1043 956 quam
1065 873 1094 936 id
1117 884 1204 938 anua
1224 875 1357 948 mnam,
1379 874 1484 938 emmi-

265 979 354 1043 nandi
377 985 436 1040 tam
459 975 568 1038 vetaris
590 993 676 1055 quam
697 976 767 1039 nori
797 976 964 1038 testamenti
991 975 1075 1038 locos
1099 976 1135 1038 ad
1162 975 1255 1040 blitum
1278 975 1328 1040 tlei
1351 984 1485 1058 spectau-

265 1089 323 1142 tes.
367 1078 545 1158 Theologiae
568 1096 603 1139 eo
625 1071 759 1158 ternpore
781 1096 857 1155 noga
888 1076 1103 1140 accendebatur
1123 1076 1191 1150 lux,
1223 1087 1254 1140 et
1274 1095 1370 1158 quum
1392 1076 1485 1138 disne

263 1181 410 1262 piationes
429 1181 496 1245 illae
516 1179 708 1242 Alexandriae
730 1187 850 1242 exortae
873 1187 991 1252 assent,
1021 1177 1070 1240 uhi
1093 1177 1243 1242 dialectics
1262 1177 1408 1250 llerehet,
1435 1176 1482 1238 de-

263 1282 479 1348 monstrationi·
503 1282 667 1361 scripturae
701 1281 875 1361 iungebatur
906 1278 1103 1342 ratiocinatio.
1153 1279 1230 1342 flios
1261 1298 1333 1342 vero
1367 1295 1482 1358 magone

263 1384 401 1465 dducaps
424 1392 527 1446 auehe
549 1391 620 1444 sunt
641 1383 876 1454 controversiae,
899 1381 1047 1462 siquidem
1069 1381 1218 1461 quaelihet
1237 1399 1308 1460 pars
1332 1399 1386 1452 ea,
1416 1395 1482 1460 quae

263 1504 298 1548 ex
320 1485 438 1566 scriptis
460 1483 708 1563 evangelistarum
730 1491 761 1545 st
782 1483 986 1562 apostolorum
1008 1483 1211 1546 ratiocinando
1233 1481 1412 1555 elidebant,
1433 1497 1481 1559 pro

262 1605 338 1668 puro
362 1587 409 1648 dei
431 1585 521 1646 verbo
545 1584 641 1662 putari
663 1583 808 1646 solebant.
852 1585 951 1646 Ariani
974 1584 1200 1664 expostulabant
1228 1603 1295 1648 cnm
1324 1579 1480 1648 mucuns,

264 1687 343 1766 quod
365 1705 454 1747 sonas
478 1694 507 1746 et
528 1685 670 1746 formulas
692 1687 722 1746 in
754 1685 929 1765 religionem
957 1685 1159 1760 induxissent,
1187 1705 1263 1765 quae
1290 1685 1324 1748 in
1347 1681 1481 1762 anquis

266 1805 350 1850 sacra
372 1805 431 1848 non
466 1792 626 1847 exstarent
670 1786 701 1848 S.
722 1786 901 1848 Athanasius
932 1795 1036 1848 cooua
1068 1787 1229 1867 probabat,
1251 1787 1383 1850 Anonos
1405 1798 1480 1844 roone

264 1887 410 1950 eiusmodi
432 1905 559 1948 novasse
580 1885 807 1968 multoplures.
850 1889 893 1950 lta
917 1890 1025 1950 iactum
1048 1899 1111 1960 est,
1135 1899 1167 1950 ut
1187 1897 1314 1968 utraque
1336 1903 1408 1968 pars
1429 1898 1479 1944 ooo

264 1988 360 2052 solum
382 1987 532 2068 expressis
554 1988 631 2050 sacri
647 1989 756 2052 codicis
772 1989 952 2051 testimoniis
975 1989 1128 2064 niteretur,
1151 1991 1204 2052 sed
1227 1991 1317 2052 etiam
1333 2001 1479 2066 argumen-

263 2091 302 2152 tis
324 2109 379 2170 por
400 2091 642 2169 consequentiam
665 2091 733 2153 inde
755 2092 861 2164 ductis,
883 2109 939 2152 nac
954 2089 1052 2153 minus
1075 2090 1233 2162 traditione
1254 2089 1406 2168 exegetica
1427 2083 1478 2144 siti

263 2189 558 2272 interpretationibus
581 2191 782 2272 antiquiorum
805 2193 945 2254 ecclesiae
969 2193 1182 2272 scriptorum.“
1198 2225 1239 2238 -
1262 2191 1383 2254 Etenim
1403 2184 1476 2248 Arius

263 2293 299 2356 ah
320 2293 452 2356 Lucieno
474 2292 648 2373 presbytero
670 2295 871 2366 Antiocheno,
906 2304 938 2356 ut
958 2294 1090 2364 videtum
1122 2294 1275 2373 proiectus
1308 2309 1377 2354 oum
1398 2283 1476 2350 sociis

263 2395 325 2458 sois
357 2394 587 2475 profitebantur,
621 2395 846 2458 tundamentum
868 2394 1001 2457 veritatis
1034 2395 1165 2474 positum
1200 2413 1267 2456 esse
1288 2395 1321 2456 in
1344 2389 1475 2468 scriptura

263 2513 347 2556 sacra
369 2513 492 2574 eamque
515 2495 676 2556 secundum
698 2512 820 2558 sensum
842 2495 1019 2558 historicum
1041 2495 1104 2556 sire
1124 2495 1160 2557 id
1182 2496 1310 2556 litteram
1338 2489 1475 2570 explican-

264 2595 330 2656 dam
354 2614 433 2655 esse.
475 2595 579 2673 ltaque
612 2595 647 2656 ab
681 2597 767 2658 initio
799 2597 1020 2658 controversiae
1049 2613 1114 2658 oum
1137 2596 1318 2667 Alexandro,
1347 2591 1474 2672 episcopo

261 2695 472 2768 Menandrico,
495 2696 530 2756 ad
554 2695 742 2758 avertendum
766 2697 873 2776 dogma
895 2697 931 2758 de
954 2696 1104 2760 divinitate
1119 2697 1228 2760 Christi
1268 2753 1270 2758 ,
1316 2695 1393 2756 imos
1413 2703 1472 2766 pro·

263 2796 397 2858 terebant
419 2796 601 2876 scripturae,
635 2797 761 2858 maxime
782 2797 817 2859 N.
842 2798 876 2858 Τ.
900 2797 993 2872 locos,
1027 2798 1186 2877 inquibus
1209 2799 1288 2862 deC
1331 2795 1388 2855 'sto
1410 2787 1473 2850 didi

264 2905 376 2971 esseut,
399 2915 474 2976 quae
495 2915 555 2958 noo
578 2905 704 2978 possent
726 2917 792 2962 cum
815 2898 870 2962 hac
885 2899 998 2962 scilicet
1012 2899 1215 2962 commenticia
1239 2901 1329 2966 dirior
1378 2901 1473 2952 ⁰⁰⁰⁹·

262 2997 371 3074 ciliari3
401 2999 570 3062 testimonia
594 3019 663 3062 aero
696 3001 876 3082 scripturae,
911 3001 1017 3081 quihus
1040 3001 1177 3064 catholici
1199 3010 1348 3070 sententia

259 3101 427 3174 tuebantur,
450 3101 658 3176 improbabant
679 3123 771 3184 eaque
794 3103 852 3165 alio
874 3122 967 3166 senen
981 3103 1149 3184 accipienda
1166 3123 1235 3168 asse
1251 3115 1361 3174 mutan
1467 3097 1473 3138 ²

128 3277 133 3294 ,
259 3202 289 3263 ld
317 3204 396 3284 quod
425 3203 589 3266 Alexander
617 3204 683 3285 ipse
712 3205 859 3284 significat
886 3206 917 3266 in
940 3225 986 3284 ap.
1011 3205 1046 3264 ad
1069 3205 1266 3267 Alexandrum
1295 3208 1390 3277 hiae
1442 3185 1473 3294 ’,ἶ

259 3302 371 3369 πᾶσάν
394 3325 431 3368 τε
453 3298 552 3366 αὐτοῦ
575 3306 634 3386 τῆς
655 3310 819 3386 σωτηρίου
849 3301 1039 3384 οἰκονομίας
1065 3302 1119 3366 eol
1143 3296 1184 3366 δι’
1207 3297 1295 3386 ἡμᾶς
1322 3333 1436 3388 sonsa

261 3423 344 3478 σοως
379 3397 493 3486 φωνὴν
526 3399 749 3481 ἐκλεξάμενοι,
783 3399 818 3478 ἐξ
839 3394 947 3464 αὐτῶν
981 3405 1182 3484 σοναγείρειν
1214 3408 1399 3488 πειρῶνται
1433 3399 1476 3498 il}

262 3491 415 3584 ἀσεβείας
444 3497 571 3564 ἑαυτῶν
598 3495 637 3562 τὸ
664 3497 825 3586 κήρυγμα,
855 3502 913 3584 τῆς
941 3493 1086 3587 ἀρχῆθεν
1113 3499 1275 3589 θεότητος
1303 3502 1406 3581 αὐτοῦ

261 3599 355 3686 παρὰ
375 3601 423 3684 aqi
445 3595 550 3683 πατρὶ
572 3596 669 3687 δόξης
691 3594 827 3666 dimano
848 3599 926 3679 τοὺς
940 3599 1057 3686 λόγους
1079 3597 1379 3692 ἀποστρεφόμενοι.
1425 3501 1494 3736 [ἃ

261 3713 322 3766 ast:
355 3703 550 3786 collectisque
573 3706 710 3768 omnihus
732 3705 856 3767 eocidm
886 3705 1023 3770 aohtori
1052 3711 1116 3769 eins
1149 3711 1358 3776 incarnationi
1384 3739 1473 3792 auree

257 3816 387 3887 ptncqna
405 3815 536 3886 propter
557 3823 613 3868 noe
636 3806 803 3868 humilitati
824 3808 1069 3886 conquestibus,
1090 3812 1212 3888 impiam
1233 3829 1272 3872 ea
1293 3811 1339 3874 hia
1359 3767 1501 3898 praedi-l
1527 3845 1528 3850 ¹

267 3911 413 3970 cntionem
436 3908 573 3986 conflare
602 3911 762 3978 nituntur,
796 3908 904 3976 nardo,
927 3909 1034 3984 quihus
1057 3921 1185 3971 caterno
1207 3915 1271 3974 eius
1295 3912 1439 3988 da'os'nitor
1462 3945 1492 3994 at

260 4008 425 4091 ineffabilis
449 4009 532 4090 opud
548 4017 670 4088 putrem
690 4009 793 4090 gioria
822 4009 1013 4081 declarator,
1043 4021 1232 4074 mercantes.
1277 4011 1486 4090 deathbed.

260 4110 358 4172 deret.
381 4110 450 4172 hist.
474 4109 580 4172 eccles.
602 4108 653 4172 lib.
676 4109 699 4172 l.
723 4128 786 4190 cap.
809 4113 839 4176 3.
863 4111 908 4172 ed.
932 4110 996 4172 llal.
1018 4110 1106 4185 Tem.
1128 4111 1179 4172 ΙΙΙ.
1200 4131 1230 4192 p.
1255 4115 1328 4178 729.
1374 4119 1486 4190 Cethe.

259 4210 308 4272 lici
340 4229 402 4273 non
436 4211 598 4292 negabant,
631 4210 809 4292 scripturam
841 4213 954 4274 ionum
988 4231 1056 4274 esse
1089 4221 1119 4274 et
1147 4230 1283 4275 normam
1315 4213 1484 4296 dogmatum

260 4311 507 4386 christianorum,
541 4313 654 4375 neoda
677 4321 865 4392 grammatica
888 4324 919 4376 et
939 4311 1083 4376 historica
1109 4312 1253 4377 librorum
1274 4313 1310 4376 N.
1333 4313 1368 4380 Τ.
1391 4322 1485 4393 iuter.

258 4415 427 4496 pretatione
448 4412 672 4489 dissentiebant,
694 4415 750 4478 nisi
771 4413 853 4504 quod
874 4414 1009 4494 singulos
1031 4415 1114 4478 locos
1136 4415 1300 4478 secundum
1322 4417 1482 4504 analogiam

259 4517 424 4600 scripturae
452 4514 643 4595 regulamque
677 4515 746 4578 lidei
776 4515 1016 4600 interpretandos
1045 4535 1114 4580 esse
1144 4517 1299 4582 docebant.
1343 4517 1387 4582 lta
1413 4545 1480 4596 rara
