3014 5050
610 169 754 216 netandae
770 174 790 214 l.
806 175 842 216 Ab
860 174 1056 218 senariorum.

185 308 201 320 “
301 327 352 388 27.
396 322 555 384 Enimvero
583 339 690 384 rursus
719 341 755 384 ex
782 323 829 384 his
862 343 935 404 quae
958 323 1129 388 subiicimus
1152 325 1319 405 Scripturas
1370 347 1373 384 r

205 426 338 499 evidens
359 423 458 496 luerit,
481 422 624 502 Spiritum
647 430 781 486 sanctum
803 423 877 486 alins
899 426 946 488 sui
967 427 1125 506 participes
1147 428 1261 498 lacere,
1285 445 1321 486 ns
1370 446 1373 476 r

209 527 388 608 participem
411 524 536 586 aliorum
558 523 623 584 lieri
645 526 725 596 inam
740 524 842 586 eadem
857 535 991 604 repetere
1006 545 1044 590 ne
1059 529 1099 589 sit
1112 529 1293 602 molestum).
1370 547 1373 588 t

209 625 405 709 Impossibile
427 639 473 688 εει
494 629 571 686 eruar
593 632 654 694 eos,
677 628 730 704 pei
748 626 838 688 secel
852 637 924 688 suut
939 626 1110 702 illuminati,
1133 643 1321 708 portauerant
1370 642 1373 690 t

210 731 328 790 doraum
351 725 484 806 coeleste,
509 737 538 788 et
556 728 724 805 participes
747 727 825 804 sacti
846 725 1071 806 suutSpiritus
1093 734 1323 808 cunctigenae
1370 751 1373 790 ι

211 848 271 908 pue
294 828 403 890 bouum
425 826 484 888 oe·
503 827 638 888 verdum.
681 827 721 885 At
738 825 838 903 Angeli
863 835 892 886 et
913 836 1028 888 ceterae
1052 847 1101 888 res
1123 837 1237 890 creatae
1254 832 1323 908 ipsis
1370 831 1373 910 Ε

212 929 294 990 ritus
316 928 390 988 irunt
411 926 580 1006 participes.
625 925 704 988 llaec
731 927 809 988 enim
837 925 902 1006 ipsa
931 937 978 988 εει
998 927 1091 1001 ratio,
1125 945 1177 990 cnr
1204 930 1240 990 ab
1268 951 1321 1002 eo,
1370 951 1373 990 t

213 1037 287 1090 sunt
309 1028 483 1108 participes,
512 1028 632 1106 possint
653 1028 799 1088 excidere.
842 1029 972 1106 Spiritus
1002 1047 1073 1088 vero
1101 1028 1178 1090 idem
1201 1031 1325 1107 proluet<
1372 1065 1373 1076 .

211 1149 270 1210 per
292 1139 353 1203 est,
383 1130 490 1208 quippe
514 1127 562 1206 qui
586 1147 646 1188 non
668 1147 702 1188 ex
726 1129 784 1190 illis
807 1128 896 1190 robae
919 1129 967 1200 sit,
990 1109 1245 1208 quac‘participes
1265 1131 1325 1192 redi
1370 1149 1373 1190 t

211 1231 269 1292 sed
299 1231 399 1311 petius
426 1229 511 1289 cuius
538 1247 589 1290 res
616 1243 719 1290 omues
748 1230 819 1290 liant
846 1229 1015 1308 participes.
1069 1229 1130 1292 lam
1158 1247 1229 1290 vero
1258 1231 1326 1316 sii
1370 1251 1373 1292 t

212 1333 294 1394 idem
317 1349 436 1410 semper
463 1340 509 1390 εει
535 1315 668 1408 aliosque
697 1331 744 1391 sni
772 1331 932 1414 participes
961 1331 1044 1402 lacit,
1074 1331 1100 1392 si
1129 1339 1232 1392 contra
1254 1313 1303 1392 res
1370 1351 1373 1388 r

213 1425 281 1494 eius
304 1433 378 1494 huot
399 1431 572 1514 participes,
601 1451 672 1494 saue
695 1431 824 1511 Spiritus
858 1440 978 1492 sanctus
999 1449 1096 1510 neque
1117 1431 1244 1511 Angelus
1267 1449 1325 1510 neq

211 1553 263 1595 res
287 1533 401 1605 ereata,
431 1533 483 1594 sed
506 1531 645 1612 proprius
670 1533 756 1594 llerbi
778 1552 846 1594 esse
869 1532 1082 1596 existimandus
1106 1541 1170 1606 est,
1200 1532 1284 1594 ruins
1313 1551 1327 1592 a
1372 1553 1373 1592 3

213 1634 313 1696 Verbo
336 1633 394 1696 dati
417 1652 465 1696 res
489 1641 604 1696 creatae
626 1635 700 1698 liunt
717 1634 887 1713 participes.
933 1629 1108 1713 Ceteroquin
1123 1633 1228 1694 Filium
1245 1651 1328 1714 quoq*

215 1745 346 1798 creatam
367 1735 465 1797 dicere
487 1735 595 1798 iisdem
619 1753 744 1796 necesse
767 1744 864 1808 esset,
893 1736 976 1796 cuius
1005 1753 1111 1814 nempe
1139 1753 1243 1797 omues
1275 1735 1305 1796 in
1328 1775 1329 1792 τ
1372 1755 1373 1796 ;

213 1837 375 1918 participes
398 1837 465 1898 lacti
487 1855 601 1898 sumus.
645 1837 771 1916 insuper
794 1855 871 1898 unns
894 1845 941 1898 est
957 1836 1085 1916 Spiritus
1108 1846 1239 1910 sanctus,
1262 1837 1330 1898 mult

215 1949 277 2002 tem
301 1949 441 2010 suntres
464 1947 589 2000 creatae.
641 1935 714 2002 Nam
736 1937 825 1998 millia
847 1937 971 1998 millium
994 1946 1024 1998 et
1044 1937 1143 1998 decies
1164 1937 1239 1998 dena
1261 1937 1330 1998 milli

212 2040 404 2119 Angelorum,
427 2039 516 2100 molta
538 2037 650 2117 pariter
672 2045 742 2097 sunt
763 2037 928 2109 luminaria,
951 2037 1035 2098 multi
1057 2038 1185 2112 Throni,
1207 2039 1316 2100 multae
1370 2057 1373 2100 :

213 2143 364 2213 nationes,
388 2140 470 2202 multi
493 2139 574 2210 caeli,
597 2136 681 2198 multi
704 2137 872 2210 Cherubim,
895 2137 1049 2214 Seraphim
1073 2146 1103 2199 et
1123 2138 1307 2216 Archangeli,
1330 2165 1332 2196 τ

213 2243 305 2321 nique
326 2259 376 2302 res
399 2248 514 2302 creatae
537 2255 597 2298 nnn
620 2249 690 2298 sont
712 2237 782 2314 quid
805 2255 905 2310 unum,
929 2237 982 2297 sed
1006 2255 1110 2300 omnes
1126 2237 1234 2300 miritae
1256 2247 1286 2300 et
1307 2239 1333 2300 di
1370 2263 1373 2298 ι

217 2351 297 2404 sunt.
344 2339 430 2412 Quod
453 2340 479 2398 si
502 2338 591 2415 igitur
612 2337 741 2416 Spiritus
763 2346 884 2400 sanctus
906 2355 983 2400 uuus
1006 2345 1068 2410 est,
1097 2339 1123 2400 si
1150 2348 1252 2402 sonim
1279 2360 1328 2402 res
1370 2361 1373 2402 t

161 2503 166 2508 .
215 2454 264 2506 tae
287 2442 395 2504 nataliae
417 2439 552 2502 etmulti
575 2447 646 2502 sunt
667 2438 950 2518 Angeli·,¹qnaenam
972 2438 1133 2500 similitudo
1151 2439 1279 2520 Spiritus
1302 2461 1335 2504 cu

215 2545 273 2606 bus
297 2540 407 2604 iactis?
450 2541 572 2604 Constat
593 2540 718 2621 proinde
734 2541 876 2620 Spiritum
892 2557 952 2602 non
971 2559 1039 2603 esse
1062 2541 1218 2604 err-multis
1241 2561 1336 2622 neque
1371 2555 1373 2600 t

216 2644 375 2724 Angelum,
404 2644 457 2706 sed
480 2661 571 2704 unum
594 2661 678 2714 esse,
706 2642 752 2704 vel
772 2642 874 2722 potius
897 2642 1000 2716 Verbi,
1023 2642 1101 2722 quod
1125 2661 1215 2704 unum
1238 2652 1301 2716 est,
1325 2664 1337 2703 ε

217 2747 267 2826 qui
296 2745 368 2808 item
397 2764 474 2808 unns
505 2753 575 2818 est,
600 2743 753 2824 proprium
783 2754 812 2805 ει
840 2743 1118 2806 consubstantialem
1140 2763 1218 2806 esse.
1261 2744 1338 2804 ilaec
1370 2763 1373 2804 1

134 2847 136 2878 ³
217 2847 264 2906 vel
286 2847 365 2916 sola,
395 2863 469 2923 quae
491 2845 528 2906 de
550 2843 663 2922 Spiritu
687 2853 789 2906 sancto
812 2843 952 2918 dicimus,
981 2846 1007 2906 si
1036 2845 1162 2906 seorsim
1191 2845 1277 2906 etiam
1300 2864 1339 2904 co.
1370 2881 1373 2912 .

217 2955 337 3018 rentur,
365 2945 460 3024 pdam
483 2945 608 3018 iaciunt,
637 2945 711 3008 nihil
738 2946 818 3008 ilium
847 2965 1004 3016 commune
1031 2955 1085 3008 aut
1108 2947 1263 3026 preprium
1286 2954 1340 3005 nati
1370 2965 1372 2977 ·

134 3059 137 3084 ¹
179 3095 189 3112 .
219 3045 472 3108 substantificum
502 3046 591 3110 rebus
613 3047 720 3108 creads
742 3047 868 3122 habere,
892 3047 945 3108 sed
967 3065 1037 3108 rere
1060 3048 1148 3108 alium
1171 3065 1237 3108 eum
1262 3065 1330 3106 csse

217 3148 275 3208 bns
306 3147 423 3222 lactis,·
439 3148 651 3227 propriumque
684 3166 740 3208 nec
765 3148 892 3210 alienum
920 3147 985 3208 Filii
1014 3147 1195 3210 substantiae
1224 3154 1253 3208 et
1281 3145 1338 3206 divi
1372 3189 1373 3204 .

219 3267 296 3322 esse,
319 3258 550 3330 propterquam
573 3267 638 3310 curn
662 3248 701 3310 sit
722 3259 841 3312 sanctem
863 3248 1026 3322 Trhsitatis,
1049 3248 1116 3310 illos
1132 3248 1177 3310 sel
1198 3247 1306 3310 invitos
1328 3265 1343 3326 p
1370 3269 1373 3302 ε

218 3352 370 3413 suffundit.
862 3349 867 3364 '

303 3455 355 3518 28.
399 3454 605 3536 Verumtamep
638 3451 716 3512 lraud
738 3451 775 3513 ab
796 3469 830 3512 re
852 3450 940 3512 luerit
959 3459 1088 3513 veterem
1110 3451 1232 3532 insuper
1253 3451 1345 3514 tradit

134 3579 137 3600 τ
219 3553 440 3631 doctrinamque
467 3571 502 3614 ac
522 3552 609 3612 fidem
633 3551 800 3614 Catholicae
822 3552 971 3614 Ecclesiae
993 3552 1184 3632 investigare,
1212 3571 1305 3633 quam,
1329 3573 1344 3613 s
1370 3577 1373 3614 1

134 3687 136 3708 ;
220 3655 363 3715 Dominus
393 3653 526 3724 tradidit,
556 3652 689 3731 Apostoli
717 3653 924 3732 praedicavere
953 3663 982 3714 et
1008 3653 1111 3716 Patres
1140 3673 1302 3717 servavere.
1370 3673 1373 3714 t

136 4176 151 4186 τι
221 4143 359 4194 etielclrm.
382 4143 402 4192 l.
429 4157 489 4206 guas
515 4145 584 4191 etiam
604 4141 673 4190 vertit
689 4141 805 4190 Narraius.

140 4241 141 4245 =
221 4211 264 4262 Alii
282 4217 305 4258 et
323 4211 394 4260 editio
420 4209 537 4260 Commel.
561 4209 673 4259 emittunt
696 4198 728 4256 cir
750 4201 806 4275 peip

144 4311 146 4318 ,
222 4289 265 4328 etc.
284 4285 359 4342 usqne
378 4279 407 4327 nd
425 4271 457 4324 ab
476 4269 543 4326 αὐτό
560 4271 626 4326 ἐστι.

134 3789 136 3812 ;
221 3755 298 3817 enim
320 3754 452 3816 Ecclesia
474 3753 593 3813 lundata
616 3760 677 3824 est,
706 3772 721 3812 a
751 3771 807 3832 qua
830 3753 856 3816 si
879 3753 945 3832 quis
968 3755 1123 3828 exciderit,
1154 3757 1179 3818 is
1208 3773 1264 3818 nee
1292 3774 1347 3816 essi

134 3885 136 3914 ³
220 3905 305 3955 ταῦτα
327 3899 380 3970 μὲν
403 3897 541 3954 ἐκπίπτειν
556 3898 708 3968 μετέχοντα
725 3895 805 3952 driva-
856 3905 954 3956 Gobler.
973 3915 996 3958 et
1013 3863 1151 3958 retctmst.
1170 3925 1240 3960 anon.
1277 3899 1349 3956 into

199 3971 273 4022 ’τὀι.
311 3975 475 4037 liegqueque
494 3972 517 4020 2.
535 3967 685 4036 μετέχοντα
703 3972 781 4021 babet.
858 3973 1032 4036 abestalleg.
1050 3974 1073 4024 2.
1092 3985 1116 4026 ει
1134 3977 1238 4026 Felcbm.
1249 3976 1272 4026 2.
1292 3993 1349 4028 anor

892 4041 909 4089 l.
927 4041 968 4091 Sic
985 4043 1042 4104 ileg.
1060 4047 1158 4106 Seguer.
1177 4045 1248 4094 basil.
1268 4045 1350 4095 Gebler
1370 4058 1373 4092 ι

858 4107 964 4157 Felcltm.
985 4109 1006 4158 l.
1041 4111 1116 4160 iidem
1134 4113 1337 4174 moxetAnglic.
1372 4145 1373 4154 .

859 4183 883 4224 ut
902 4177 940 4225 hic
960 4184 1042 4226 castet.
1077 4179 1120 4228 Alii
1140 4189 1163 4228 et
1181 4181 1237 4229 editi
1256 4173 1373 4228 ὅνοτοίιι

857 4240 906 4290 τοῦ
924 4241 990 4292 θεοῦ
1007 4236 1067 4298 ἑνὸς
1085 4237 1164 4299 ὄντος
1182 4239 1254 4294 ἴδιον
1269 4239 1322 4292 κατ’.

891 4327 912 4372 g.
930 4306 975 4359 arei
993 4306 1062 4378 πρὸς
1079 4307 1186 4366 τούτοις
1204 4316 1291 4364 desunt
1308 4313 1331 4360 ie
1347 4313 1354 4362 Ι
1370 4325 1373 4344 ι

255 4391 275 4426 c.
294 4378 357 4426 Part.
374 4373 421 4426 sul
437 4380 476 4430 bie
493 4388 517 4430 et
535 4383 558 4430 in
576 4386 684 4445 sequent.
704 4378 804 4428 deestin
855 4379 903 4426 καί
918 4379 941 4428 in
960 4380 1015 4442 neg.
1032 4381 1053 4430 l.
1072 4391 1095 4432 et
1112 4383 1210 4443 Seguer.

254 4075 275 4124 d.
294 4075 334 4125 Sic
352 4075 408 4137 fleg.
426 4074 448 4123 1.
473 4075 572 4136 Seguer.
594 4073 684 4134 Anglic.
710 4072 807 4122 Gobler.
