3212 5060
576 235 687 282 omrrc
702 236 747 282 ru.
762 235 878 282 corrue
891 235 1027 280 munos.
1343 223 1405 288 nst

177 395 290 462 mortui
310 393 491 464 revixerunt,
514 396 545 451 et
565 386 646 468 quod
668 386 805 468 inprimis
827 387 936 450 mirum
959 394 1016 463 est,
1038 387 1089 468 qui
1106 395 1169 449 tum
1183 388 1307 452 aderant
1321 407 1493 456 eum-esu.
1582 397 1584 412 '

182 517 240 579 que
262 497 345 578 prius
366 501 555 574 negaverant,
577 497 682 570 postea
703 489 751 552 bis
774 490 944 570 conspectis
966 507 1036 551 vere
1059 507 1128 552 eum
1141 488 1249 552 Filium
1264 491 1318 554 Dei
1340 507 1408 556 esse

181 609 253 664 eunt
274 595 416 660 confessi.
870 627 873 634 ·

265 703 316 766 57.
362 694 450 770 Quod
472 703 570 756 autern
592 691 629 754 ad
651 691 680 754 id
704 699 818 770 spectat
832 691 911 770 quod
927 693 1012 754 dixit:
1037 694 1073 758 Si
1086 696 1160 778 fieri
1168 707 1279 777 potest,
1303 706 1410 760 trone-

182 815 233 866 eot
262 800 360 870 colio,
388 796 492 860 discite
519 792 670 874 quomodo
692 792 813 853 Petrum
847 791 949 852 eadem
978 793 1123 857 dicentem
1145 795 1192 858 bis
1214 797 1412 878 increpaverit

182 903 297 966 verbis:
320 900 391 962 Nora
411 903 494 980 sapis
517 913 592 978 quoe
614 893 673 956 Dei
693 904 775 965 sunt,
799 894 851 956 red
872 913 948 973 quoe
972 894 1135 958 bominum.
1180 898 1333 977 Siquidem
1352 897 1412 968 boc
1523 976 1528 985 Ι

182 1005 282 1084 ipsum
305 1001 422 1064 volebat
441 999 508 1072 ilie,
531 994 611 1076 quod
633 993 848 1073 deprecabatur
870 1001 900 1056 et
921 995 1102 1074 refugiebat,
1125 997 1234 1078 quippe
1256 1019 1323 1062 cum
1345 1019 1411 1066 eam

126 1120 139 1142 ⁹
183 1104 223 1166 ob
251 1122 315 1167 rem
343 1101 489 1174 venisset,
522 1115 625 1159 rerum
649 1095 713 1158 eius
736 1095 856 1175 quidem
879 1103 942 1156 erat
961 1095 994 1188 =id
1017 1096 1105 1170 velle,
1138 1099 1175 1160 ad
1197 1100 1277 1178 quod
1299 1101 1413 1166 scilicet

183 1205 249 1284 ipse
270 1211 407 1276 uenerat,
431 1200 485 1262 sed
506 1199 603 1260 earnis
626 1206 691 1260 erat
711 1215 829 1277 parere.
873 1197 958 1258 Unde
980 1187 1014 1259 ut
1034 1198 1125 1260 borno
1148 1199 1203 1260 bas
1224 1219 1313 1264 voces
1335 1221 1409 1281 pro-

184 1307 259 1379 tulit,
282 1307 408 1385 ipseque
429 1311 587 1379 utrumque
608 1299 691 1372 dixit,
715 1307 748 1360 ut
769 1317 803 1360 se
825 1298 1000 1360 ostenderet
1023 1309 1054 1360 et
1068 1299 1162 1362 Deum
1184 1319 1254 1362 esse
1275 1301 1325 1380 qui
1347 1302 1411 1364 rei-

148 1391 149 1396 *
183 1408 234 1482 let,
257 1407 416 1467 etinctum
438 1402 589 1464 hominem
611 1419 731 1462 carnem
753 1407 908 1479 parentem
930 1399 1083 1474 babuisse,
1106 1402 1190 1467 cuius
1213 1403 1304 1482 gratia
1327 1421 1413 1468 suam

184 1508 251 1586 ipse
279 1506 458 1567 voluntatem
486 1503 632 1564 humanae
659 1500 779 1562 miscuit
800 1501 978 1575 infirmitati,
1008 1511 1039 1564 ut
1061 1522 1096 1565 ea
1118 1503 1251 1566 absumta
1272 1503 1414 1568 fidentem

185 1614 217 1668 et
236 1606 376 1668 audacem
398 1603 550 1664 bominem
573 1601 716 1664 adversus
740 1609 866 1662 mortem
890 1603 1040 1666 redderet.
1086 1604 1131 1666 En
1146 1605 1235 1684 igitur
1249 1624 1312 1668 rem
1326 1605 1414 1686 plane

185 1685 403 1778 admirabilem
432 1705 480 1766 illc
502 1703 660 1777 nimirum,
689 1721 777 1782 quem
800 1703 909 1764 Christi
931 1705 1038 1768 hostes
1060 1725 1132 1786 prae
1154 1706 1310 1792 timiditate
1330 1706 1412 1786 toqui
1498 1719 1502 1728 '

181 1809 373 1880 arbitrantur,
397 1805 568 1869 huiusmodi
590 1805 655 1884 ipse
677 1803 832 1866 timiditate
852 1805 992 1866 homiues
1009 1807 1173 1887 intrepidos
1189 1815 1220 1868 et
1233 1808 1326 1870 tortos
1341 1807 1413 1868 red-

183 1911 268 1973 didit.
312 1910 389 1974 iiino
414 1907 493 1970 beati
515 1905 652 1986 Apostoli
680 1905 763 1966 hisce
790 1915 862 1984 post
889 1925 956 1968 eum
984 1908 1106 1970 animati
1134 1907 1255 1972 vocibus
1284 1917 1414 1974 mortem

184 2021 386 2085 contemsero,
420 2020 454 2074 ut
481 2010 569 2072 etiarn
597 2008 670 2070 nibil
697 2008 735 2068 de
756 2008 902 2071 iudicibus
924 2020 1064 2073 curarent
1085 2012 1167 2084 suis,
1199 2011 1252 2072 sed
1273 2011 1414 2076 audacter

183 2113 333 2175 dicerent:
358 2114 485 2174 Otedr're
507 2121 628 2191 oportet
649 2109 714 2170 Deo
737 2115 830 2188 mepte
854 2129 942 2190 quum
965 2111 1144 2173 bominibus.
1181 2110 1238 2172 Alii
1252 2110 1323 2172 item
1339 2121 1500 2172 san-roco.

147 2215 152 2230 ’
186 2217 223 2276 eti
245 2215 389 2294 Martyres
417 2220 497 2274 tanta
524 2213 607 2272 suere
629 2209 760 2274 fidentia.
772 2218 802 2270 et
823 2209 1012 2285 tortitudine,
1041 2220 1073 2272 ut
1096 2229 1129 2271 se
1150 2210 1249 2289 potius
1272 2209 1303 2271 in
1324 2210 1415 2274 vitam

185 2315 313 2395 migrare
341 2333 428 2392 quarn
456 2319 584 2372 mortem
615 2309 676 2389 pati
699 2309 912 2370 existimarent.
957 2311 1063 2372 Nonne
1085 2310 1175 2388 igitur
1195 2329 1337 2389 perquam
1360 2309 1415 2372 ab·

186 2415 311 2478 surdum
333 2423 396 2486 est,
426 2429 581 2472 serrorum
605 2409 691 2472 Verbi
715 2410 911 2470 constantiam
932 2411 1089 2484 admirari,
1118 2411 1175 2494 ipsi
1197 2419 1297 2474 autem
1318 2410 1415 2490 Verbo

184 2514 358 2577 adscribere
384 2511 588 2584 timiditatem,
621 2529 675 2591 per
705 2511 784 2589 quod
806 2518 933 2572 mortem
955 2511 996 2574 iili
1020 2511 1242 2594 despexerunt?
1285 2511 1416 2575 Proinde

185 2635 222 2678 ex
244 2615 351 2678 invicta
373 2624 544 2676 sanctorum
566 2613 725 2692 Martyrum
748 2613 837 2674 animi
860 2613 1061 2692 magnitudine
1084 2615 1194 2678 ciarum
1210 2623 1266 2688 est,
1289 2633 1349 2678 non
1366 2614 1416 2676 di·

185 2718 336 2781 rinitatcm
363 2719 459 2796 ipsam
482 2715 635 2788 timuisse,
664 2715 718 2776 sed
741 2721 874 2775 nostram
897 2713 1084 2778 timiditatem
1107 2716 1201 2778 icisse
1223 2733 1240 2778 a
1263 2713 1418 2780 Salvatore

184 2819 342 2882 sublatam.
386 2817 425 2879 Ut
454 2817 531 2878 enirn
560 2825 657 2878 morte
685 2825 812 2877 mortem
844 2825 873 2876 et
894 2815 1034 2878 humanis
1057 2817 1142 2880 saetis
1165 2818 1293 2880 humana
1315 2816 1416 2886 omnia

186 2908 310 2990 deiecit,
333 2919 373 2979 ita
394 2917 443 2978 ilia
467 2937 520 2980 sua
542 2917 699 2978 timiditate
720 2927 854 2978 nostram
876 2917 1040 2996 prostravit
1062 2917 1266 2992 timiditatem,
1289 2918 1417 3004 iecitque

188 3026 223 3079 ut
249 3017 386 3078 homines
414 3027 541 3078 mortem
569 3035 630 3078 nnn
658 3017 785 3098 amplius
814 3017 1076 3080 reformidarent,
1108 3018 1210 3097 itaque
1240 3017 1340 3080 omnia
1366 3017 1417 3078 iila

187 3117 278 3181 simul
300 3127 328 3180 et
349 3117 445 3180 aiebat
466 3128 497 3180 et
518 3119 672 3182 officiebat.
717 3119 868 3180 Humanae
891 3118 970 3180 enim
993 3129 1116 3182 naturae
1138 3127 1223 3182 erant
1244 3115 1417 3181 huiusmodi
1476 3173 1487 3190 ,
1562 3121 1569 3128 '

150 3207 158 3220 ¹
186 3237 291 3282 noces:
323 3219 471 3282 Transeat
499 3219 581 3282 colia
608 3229 638 3280 et
671 3219 708 3282 Ut
730 3222 801 3301 quid
822 3239 868 3282 me
891 3219 1103 3302 dereliquisti?
1146 3220 1207 3282 Sed
1228 3221 1294 3300 ipse
1316 3217 1417 3306 divine

186 3321 346 3394 efficiebat,
378 3331 410 3382 ut
438 3320 484 3384 soi
505 3321 645 3384 deiiceret
666 3330 697 3383 et
717 3321 828 3384 mortui
850 3321 1072 3386 reviviscerent
1120 3321 1152 3384 Si
1175 3321 1246 3386 item
1267 3328 1301 3383 ut
1321 3319 1413 3408 homo

186 3421 302 3484 aiebat:
324 3421 414 3484 Nunc
435 3427 537 3485 animo
558 3441 626 3486 men
647 3425 774 3486 turdoto
795 3435 849 3494 est,
873 3421 947 3484 dixit
969 3423 1081 3502 pariter
1101 3431 1135 3487 ut
1156 3421 1251 3486 Deus:
1274 3421 1417 3486 Potesta-

187 3537 249 3590 tem
269 3523 362 3586 dobeo
387 3525 524 3603 ponendi
551 3528 683 3587 animam
710 3543 822 3601 mecm,
852 3535 881 3588 et
905 3535 1089 3605 potestatem
1110 3523 1204 3588 babeo
1226 3527 1340 3590 iterum
1360 3541 1417 3590 otte

186 3710 224 3758 sic
249 3708 351 3770 iegitur:
374 3702 421 3757 zat
438 3703 490 3788 ded
513 3709 596 3759 τοῦτο
621 3696 655 3770 ἦν
678 3703 775 3765 ἐλθὼν,
828 3708 904 3760 Penio
928 3720 985 3776 post
1010 3711 1096 3772 Regius
1116 3703 1418 3774 tetamentum

186 3767 242 3824 ἀλλ’
263 3769 348 3826 αὐτοῦ
364 3771 417 3842 μὲν
434 3791 468 3836 ην
485 3771 517 3826 rd
536 3773 651 3842 δειλιᾷν·
670 3771 713 3828 nt
730 3771 777 3828 arei
831 3777 937 3844 φωνῶν
954 3771 1068 3828 τούτων.
1358 3775 1360 3785 '

186 3837 225 3897 ὡς
242 3835 391 3908 deoperire
408 3853 453 3895 etc.
861 3845 885 3894 b.
904 3847 961 3908 iter.
974 3846 995 3898 l.
1013 3845 1146 3908 etSeguer.
1165 3833 1195 3893 οἵ
1207 3859 1238 3896 ,τε
1255 3837 1339 3898 ἄλλοι.
1372 3847 1420 3899 stit

223 3913 246 3962 d.
265 3911 306 3962 Sic
316 3914 371 3973 tter.
384 3911 406 3960 1.
419 3911 518 3972 Sequar.
531 3912 629 3963 Gobier.
639 3921 663 3962 et
671 3912 776 3963 Feicirm.
829 3919 853 3962 et
871 3913 928 3962 editi
946 3906 975 3961 ci
996 3907 1027 3962 dd
1043 3904 1126 3963 ἄλλοι.
1162 3913 1213 3962 itur
1232 3915 1289 3976 itaq.
1304 3915 1325 3964 1.
1344 3915 1417 3977 Sego.

189 3980 212 4032 i.
248 3979 327 4030 Ceteri
344 3987 423 4028 autem
442 3988 466 4029 et
484 3980 540 4030 editi
558 3971 691 4041 ἐλέγοντο.
830 3979 928 4030 Goblsr.
953 3989 976 4030 et
997 3980 1101 4031 nereum.
1123 3981 1143 4032 i.
1165 3975 1288 4046 νομίζειν
1311 3973 1418 4035 abrade.

223 4063 246 4097 e.
262 4039 345 4095 nato
368 4046 437 4097 abest
459 4063 473 4095 a
493 4047 564 4108 dupio
582 4050 607 4098 11.
626 4056 650 4096 et
667 4049 778 4108 sepner,
828 4046 875 4098 atti
894 4056 917 4098 et
934 4048 991 4097 editi
1009 4043 1130 4114 rapitur
1146 4041 1266 4102 deurode.

185 4116 229 4178 qni
254 4115 325 4164 iidem
349 4115 422 4178 panio
446 4122 503 4178 post
526 4115 616 4164 babent
633 4107 694 4163 idad
710 4099 780 4178 redu
866 4115 882 4164 i.
908 4114 1005 4166 Gobler.
1030 4113 1420 4168 contremiscentibus&

185 4171 777 4250 npdyprcr,ubiaiiicteditiidoirydprrpoiypn.
830 4172 963 4234 θανάτου.

225 4251 241 4298 t.
261 4251 351 4309 itaet.
370 4249 502 4312 etSepner.
519 4245 618 4299 λαλεῖν.
643 4249 688 4302 diii
707 4251 778 4302 editi·
832 4293 835 4301 .
863 4249 885 4299 lr.
904 4250 996 4312 iicet.
1015 4252 1149 4313 stSsssusr.
1167 4241 1254 4306 οὕτως
1269 4249 1311 4318 τῇ.
1338 4249 1419 4300 Ceteri

187 4331 237 4381 qus
254 4311 395 4366 λαλοῦντα.
829 4325 854 4366 et
870 4317 926 4368 editi
944 4309 1016 4368 οὕτω
1033 4313 1079 4368 καὶ
1095 4317 1137 4386 τῇ.

224 4399 246 4444 p.
265 4385 322 4444 neg.
335 4384 355 4432 l.
374 4387 474 4448 Seguer.
496 4383 742 4438 Gobier.eti'e1cirn.
755 4384 776 4435 1.
865 4385 881 4434 Ι.
904 4385 946 4436 Sic
963 4387 1019 4449 Rea.
1041 4388 1064 4437 i.
1084 4395 1107 4438 at
1124 4387 1224 4449 Sequor.
1266 4384 1294 4434 lu
1317 4381 1371 4434 attis
1393 4389 1420 4436 nt

185 4444 387 4507 aeternaitatem
424 4452 469 4504 atii
479 4460 502 4503 et
513 4453 571 4504 editi
579 4445 776 4512 κατασκευάζει.
831 4452 902 4504 editis
919 4447 967 4503 noi
983 4455 1059 4506 deest
