3176 5058
474 311 672 358 semromos
688 313 1007 362 senrmruotosrsn.
1311 307 1353 374 99

122 484 186 547 que
206 463 263 529 bac
283 463 315 528 in
335 471 421 544 parte
442 462 640 528 aemulatores
662 472 741 539 snut,
762 485 781 528 a
801 466 907 546 quibus
929 467 1017 530 etiam
1033 467 1185 532 Christum
1207 469 1353 550 abnegare
1362 486 1437 532 rora.

122 567 307 632 didicerunt.
350 564 395 628 llli
418 561 577 642 siquidem,
599 573 755 646 postquam
776 575 836 630 tam
857 567 948 632 multa
969 577 1106 650 mutaque
1121 570 1266 634 Dominus
1288 571 1354 634 cdi-

123 669 213 732 derat
242 684 349 748 opera,
378 663 487 744 quibus
514 664 612 744 palam
633 667 757 739 iaceret,
787 685 821 730 se
843 667 992 732 Christum
1013 690 1081 734 esse
1101 671 1209 735 Filium
1230 673 1284 734 Dei
1307 674 1354 736 ri·

122 768 243 842 sentis,
271 784 338 828 cum
368 763 404 826 nb
427 783 463 826 co
486 765 612 828 convicti
634 767 732 828 omnia
754 767 894 847 deinceps
915 769 1069 834 aduersum
1090 773 1258 854 Scripturas
1280 793 1354 836 son·

126 869 223 930 tirem
243 867 452 946 dicerentque,
474 884 532 927 nec
551 866 684 928 valerent
704 875 893 946 argumenta,
915 869 1022 946 quibus
1044 873 1285 951 contonhantur,
1308 875 1354 938 vel

129 968 285 1047 paulisper
305 966 438 1040 clamari,
468 967 504 1028 ad
526 965 727 1028 Patriarcbam
754 969 951 1046 confugerunt
971 968 1118 1033 dicentes:
1147 974 1210 1038 Nos
1234 987 1354 1056 putrem

133 1067 274 1130 babemus
297 1067 464 1139 Abrabam,
490 1065 548 1128 rati
576 1085 610 1130 se
637 1068 677 1130 ita
704 1086 798 1148 posse
819 1067 972 1130 stultitiam
994 1070 1139 1133 occultare
1160 1091 1253 1136 suam.
1296 1076 1355 1138 Sed

130 1168 268 1232 recidis
290 1167 449 1249 quidquam
471 1168 619 1230 eiusmodi
641 1169 731 1231 rerba
753 1171 910 1250 proluere,
933 1187 1031 1248 neque
1052 1171 1083 1232 bi
1105 1169 1277 1250 Dionysium
1297 1194 1354 1238 no-

131 1271 273 1334 minando
301 1267 435 1332 sinadam
461 1269 592 1332 criminis
620 1277 722 1332 nomm
744 1271 875 1350 effugere
896 1268 1043 1332 valebunt
1086 1269 1160 1334 Nam
1182 1273 1301 1335 atilios
1323 1294 1358 1336 ox

131 1371 206 1452 ipsis
236 1370 301 1434 suis
330 1368 492 1434 sceleribus
515 1371 648 1450 coarguit
667 1371 815 1434 Dominus
837 1371 884 1434 bis
907 1371 1021 1434 vorbis:
1043 1371 1110 1436 Hoc
1131 1373 1285 1436 Abrabam
1298 1392 1360 1438 non

131 1475 220 1554 fecit,
256 1479 286 1534 et
318 1471 375 1534 bos
408 1489 528 1532 rursum
557 1471 716 1550 impietatis
743 1471 947 1552 mendaciique
976 1473 1042 1553 ipsa
1069 1473 1178 1536 veritas
1206 1475 1362 1538 convincet

133 1573 345 1652 osteudetqne‚
373 1571 548 1652 llionysinm
577 1573 751 1652 episcopum
788 1592 844 1638 nec
874 1573 977 1636 eadem
1005 1592 1081 1654 quae
1106 1575 1194 1638 Arius
1226 1575 1360 1638 sensisse

131 1695 189 1738 nec
209 1675 367 1754 ignorasse
388 1673 553 1734 veritatem.
599 1673 658 1736 Sed
685 1693 752 1738 cnm
774 1675 885 1755 antiqui
908 1674 949 1736 illi
972 1683 1035 1737 tom
1056 1675 1126 1738 nori
1148 1676 1198 1738 isti
1219 1675 1321 1738 ludaei
1343 1695 1359 1740 a

127 1785 215 1858 patre
237 1794 293 1838 sno
316 1773 435 1836 diabolo
458 1773 631 1838 huiusmodi
654 1775 685 1836 in
699 1775 851 1838 Christum
872 1777 1003 1838 sororem
1024 1776 1188 1840 hereditate
1207 1796 1357 1858 accepere.

17 1889 22 1898 '
130 1877 230 1957 llagni
257 1884 337 1938 certe
363 1875 528 1954 argumenti
556 1883 619 1950 est,
648 1876 680 1936 in
700 1877 759 1938 boc
780 1875 846 1938 illos
868 1895 939 1938 rere
959 1895 1021 1940 nou
1043 1877 1156 1950 dicere,
1187 1876 1240 1940 scd
1262 1879 1358 1942 rursm

133 1977 320 2050 calumniari,
349 1975 429 2058 quod
450 1994 507 2039 nec
527 1975 576 2038 illc
598 1993 728 2056 unquam
749 1977 786 2038 ab
807 1977 873 2038 aliis
894 1977 1052 2057 Episcopis
1075 1977 1278 2059 deprebensae
1298 1979 1357 2042 im-

132 2077 252 2161 pietan's
281 2077 437 2140 damnatus
459 2077 642 2158 Episcopatu
669 2065 772 2157 pulsus
801 2078 858 2151 sit,
886 2087 920 2140 nt
945 2078 988 2140 illi
1016 2097 1032 2140 e
1055 2077 1140 2142 Claro
1169 2078 1254 2140 eiecti
1278 2087 1358 2152 sunt,

131 2199 231 2260 neque
251 2177 386 2242 haeresis
407 2179 641 2260 propugnandae
664 2195 752 2241 cansa
773 2179 933 2242 secesserit
954 2177 990 2240 nb
1012 2177 1160 2254 Ecclesia,
1182 2179 1289 2240 sedin
1311 2179 1359 2240 illa

131 2283 182 2363 pie
204 2280 416 2354 obdormierit,
439 2278 565 2360 eiusque
586 2279 731 2342 memoria
752 2277 893 2342 hactenns
916 2297 984 2342 cnm
1005 2278 1142 2342 Patribus
1163 2277 1307 2340 celebrata
1331 2287 1361 2340 et

131 2401 193 2446 una
220 2382 252 2442 in
279 2382 378 2444 album
406 2379 497 2442 relata
525 2387 574 2442 sit.
619 2381 653 2442 Si
681 2381 759 2444 enim
783 2379 885 2442 eadem
908 2398 983 2460 quae
1004 2378 1047 2440 illi
1069 2377 1232 2452 sensisset,
1262 2386 1313 2440 ant
1333 2378 1360 2440 si
1420 2409 1425 2416 ·

134 2482 315 2560 scriptorum
344 2499 468 2543 snorum
490 2480 635 2544 rationem
655 2499 717 2544 non
738 2480 935 2556 reddidisset,
968 2478 1090 2542 minime
1118 2478 1256 2553 dubium,
1289 2478 1360 2558 quin

134 2581 238 2644 eadem
259 2581 368 2644 luisset
389 2599 446 2662 qua
466 2581 510 2644 illl
529 2599 628 2663 poena
649 2583 834 2663 plectendus.

223 2987 255 3046 d.
297 2981 336 3042 Et
354 2983 430 3042 haec
451 2979 571 3060 quidem
593 2978 664 3040 satis
688 2988 772 3041 erant
792 2981 828 3040 ad
850 2981 994 3058 integram
1016 2996 1162 3044 novorum
1184 2977 1362 3039 ludaeorum

135 3081 382 3154 confutationem,
406 3079 456 3160 qui
470 3071 629 3140 Dominum
650 3078 806 3158 abnegant,
827 3077 931 3139 Patres
954 3077 1178 3150 calumniantur,
1201 3093 1364 3156 omnesque

137 3182 326 3248 Christianos
356 3181 492 3262 decipere
522 3185 676 3241 conantur.
722 3177 859 3240 Ceterum
881 3177 948 3256 qnia
971 3175 1144 3238 occasiones
1167 3173 1363 3237 calumniandi

135 3284 279 3367 Episcopi
307 3302 344 3346 cx
371 3281 548 3364 quibusdam
577 3279 641 3342 eius
664 3277 808 3360 epistolae
828 3275 964 3358 partibus
988 3295 1022 3337 se
1044 3275 1153 3338 babere
1175 3275 1375 3352 arbitrantur„

136 3405 192 3468 age
214 3396 245 3449 et
264 3385 328 3448 illas
350 3383 561 3464 inspiciamus,
591 3392 624 3442 ut
645 3381 714 3442 inde
737 3397 840 3442 eornm
862 3377 1080 3458 vaniloquentia
1101 3383 1362 3452 commonstretur,

138 3495 231 3566 utque
257 3487 302 3548 vel
324 3505 393 3548 sero
416 3483 535 3547 tandem
556 3479 780 3562 blasphemandi
801 3479 960 3542 Dominum
982 3477 1070 3540 tinem
1092 3477 1215 3552 saciant,
1245 3485 1360 3542 etcum

138 3587 282 3650 militibus
305 3587 406 3648 saltem
429 3591 589 3665 conspecto
612 3591 814 3644 creaturarum
836 3578 1007 3642 testimonio
1022 3582 1178 3654 fateantur,
1200 3597 1270 3642 vere
1285 3578 1362 3642 bunc

139 3707 208 3752 esse
230 3687 335 3752 Filium
360 3687 413 3750 llei
448 3695 477 3748 et
509 3703 571 3746 non
604 3693 779 3746 creaturam.
823 3681 911 3744 Aiunt
945 3681 1035 3760 igitur
1066 3679 1169 3741 beatae
1201 3679 1363 3742 memoriae

135 3833 253 3892 ἑαυτῶν.
288 3841 352 3892 Editi
377 3847 400 3889 et
417 3839 451 3888 lie
469 3874 474 3888 .
494 3827 608 3902 ἇλογίαν
626 3827 725 3886 αὐτῶν.
777 3826 835 3884 τόν.
868 3834 921 3883 llos
940 3831 1010 3883 Colb.
1034 3821 1079 3880 ὅτε
1118 3823 1172 3890 q'rs.
1207 3831 1265 3880 Post
1282 3841 1363 3876 κατα-

137 3909 193 3960 llox
211 3909 281 3960 colb.
300 3915 324 3956 et
341 3909 380 3956 Fr.
393 3907 410 3956 l.
456 3917 552 3970 yones
570 3895 673 3984 {noodr
690 3917 724 3954 u.
777 3901 916 3982 γνωσθείςἶ
932 3901 991 3950 baec
1004 3891 1142 3976 ἇπεβλῃθη
1157 3895 1204 3956 τῆς
1216 3889 1363 3954 ἐπισκοπῆς

137 3975 191 4026 lbld
257 3975 330 4026 Tanr.
354 3973 461 4026 colbert.
479 3973 527 4023 les.
554 3983 615 4020 onte
639 3963 726 4032 αὐτοί,
778 3961 864 4037 ὥςπερ
884 3979 961 4015 ουτοι
978 3963 1027 4016 τοῦ
1044 3963 1152 4032 asingen,
1173 3979 1234 4030 quaa
1253 3963 1363 4014 ineditis

138 4044 196 4094 t'etc
214 4059 245 4094 m.
267 4057 323 4092 sero
342 4041 365 4092 3.
384 4056 456 4092 anon.
475 4031 537 4088 odra
555 4029 583 4086 οἵ
598 4037 649 4086 νῦν
662 4029 727 4087 Ἴου·
779 4039 894 4096 deerant,
923 4037 946 4084 in
972 4035 1028 4096 fleg.
1053 4035 1150 4083 lauris.
1176 4031 1244 4082 colb.
1271 4033 1315 4081 las.
1342 4038 1365 4080 et

137 4105 216 4160 dulos
238 4103 385 4160 Διονύσιον
408 4099 590 4175 ὀνομάζοντες
615 4099 728 4172 qedyttr
780 4105 848 4155 Fcl.
868 4103 1000 4153 habentor:
1025 4101 1067 4150 sed
1095 4101 1119 4150 in
1138 4101 1184 4150 boc
1201 4099 1285 4149 ultimo
1303 4089 1364 4146 dns·

139 4175 191 4238 aq'r
209 4186 254 4230 ato.
779 4164 865 4236 βλῆθη
886 4168 1002 4220 mendose
1021 4167 1116 4230 legitur.
1152 4167 1203 4216 lion
1221 4167 1318 4216 Tanrtn.
1341 4169 1365 4213 et

174 4246 198 4294 b.
223 4245 328 4296 lalclm.
354 4243 378 4294 3.
403 4257 473 4294 anon.
498 4237 627 4308 διελέγχει
650 4241 726 4292 solus.
779 4239 886 4291 Colbert.
904 4229 999 4296 ἐξῆλθε
1018 4227 1068 4294 τὴν
1085 4227 1234 4294 ἐκκλησίαν.

139 4313 206 4362 lnlra
225 4322 281 4378 post
298 4301 726 4378 ἠγνόησεν·ἆλλάῈοΙοΙι.3.αιιοιι.
813 4339 837 4389 d·
861 4337 902 4389 Sic
927 4339 982 4398 neg·
1009 4336 1107 4386 thurin·
1132 4335 1201 4386 colb·
1225 4334 1271 4384 m·
1294 4327 1365 4380 qur-1·

139 4381 311 4499 d‘’dc'd'snrin.
332 4447 401 4499 Cclb.
427 4447 474 4497 les.
497 4435 625 4514 dalqporo'
649 4453 727 4504 noar.
778 4407 842 4458 mm
861 4420 916 4456 '⁸¹⁰
935 4395 1141 4512 le‘fflf’*

140 4515 216 4566 Panlo
234 4525 292 4584 post
309 4517 406 4567 laurio.
426 4515 496 4566 colb.
517 4515 556 4566 Fr.
567 4513 586 4568 l.
611 4503 620 4526 ‘
658 4504 727 4560 ’καὶ
815 4505 1210 4570 e.liag.'lanrin.71nvoorrac.

1126 4581 1164 4632 ’μ
