3214 5048
569 247 679 294 oasauo
695 248 727 292 n.
743 247 860 296 tonsas
873 246 1010 294 manos.
1322 231 1384 300 365

133 407 221 484 „Ut
249 403 331 474 enisu
359 400 556 475 divinitatem,
585 399 622 466 de
650 417 707 480 gua
735 399 784 468 hle
810 417 911 466 sermo
939 407 1003 475 est,
1031 417 1120 466 nemo
1143 399 1293 464 Christum
1317 419 1471 466 essenus.

137 508 304 586 „disent
327 505 381 570 sed
401 505 501 585 ipsum
518 519 586 566 esse
600 501 729 578 Patrem,
751 503 802 574 ite,
824 511 858 564 ut
873 501 990 584 opinor,
1014 501 1195 584 sempiterna
1210 503 1275 566 eius
1290 504 1385 568 uirtus

140 619 213 688 „et
242 609 382 676 deluitas
412 623 473 668 nen
499 603 671 685 unigenitus
699 612 748 668 eet
773 603 883 678 Filius,
914 603 968 666 sed
996 603 1059 686 ipae
1082 613 1128 670 est
1149 604 1267 686 genitor
1288 606 1385 670 Pater.

141 713 280 790 ‚milani
301 718 400 774 autent
422 707 561 770 uirtutem
583 714 614 768 et
635 705 811 802 sapientiam
832 704 887 768 liei
908 721 977 770 esse
998 705 1100 781 donet,
1123 725 1198 787 quae
1219 726 1275 788 peu
1297 708 1384 772 cnei·

144 825 266 890 „stum
301 809 468 891 appeunt*
517 807 632 872 Deinde
663 807 768 888 peusis
799 805 964 888 interiectis
996 807 1092 887 pangit
1124 809 1201 872 idena
1234 811 1384 874 Asterius:

147 916 374 996 ‚‚0uenquam
396 909 576 992 sempiterna
598 909 663 976 eius
685 909 779 974 sistus
801 917 831 972 et
846 906 1001 987 sapientie,
1023 926 1111 990 quum
1125 909 1269 989 principio
1285 929 1385 976 nemas

149 1035 246 1096 „nen
265 1015 393 1096 genitam
416 1031 484 1076 osse
506 1011 582 1076 ratio
604 1029 673 1074 vena
694 1010 840 1084 declarat,
869 1029 927 1074 una
955 1017 1035 1072 uerte
1058 1019 1088 1072 et
1109 1009 1173 1090 ipsa
1195 1020 1250 1073 est.
1294 1014 1384 1078 Cotu-

150 1117 288 1199 „plnres
310 1136 382 1182 aeuo
405 1124 476 1178 suut
498 1113 661 1194 sapientiae
682 1113 850 1193 singulatim
872 1111 909 1174 eb
931 1111 999 1193 ipso
1022 1119 1153 1184 metae,
1176 1131 1299 1192 quarunt
1321 1115 1384 1194 pri„

152 1219 359 1300 „mogenitue
382 1225 412 1282 et
433 1214 602 1296 unigenitus
622 1223 670 1278 est
683 1215 828 1290 Christus,
851 1233 926 1296 quae
942 1231 1047 1278 omnes
1062 1212 1200 1276 similiter
1214 1232 1250 1274 ex
1265 1213 1386 1278 tonino

152 1321 319 1402 „pendent
339 1337 407 1392 suo,
430 1318 554 1398 eiusque
575 1317 710 1393 uirtutes,
731 1318 783 1398 qui
805 1335 856 1380 eae
878 1317 989 1382 enavit
1009 1323 1038 1378 et
1059 1315 1111 1396 qui
1132 1316 1180 1378 hia
1200 1315 1301 1390 utitur,
1324 1315 1388 1380 iure

155 1421 300 1496 ..menn
328 1419 520 1501 appellantur.
566 1419 642 1482 liine
668 1419 818 1500 Propheta
849 1417 1059 1496 loosustamsd
1086 1417 1242 1480 homiuum
1270 1425 1388 1498 pennata

158 1521 358 1598 ‚mltisoenda
391 1517 530 1586 diuinitus
559 1520 724 1584 imminuens
753 1539 815 1584 non
842 1521 978 1584 virtutem
1006 1527 1136 1592 tantuin.
1171 1519 1225 1584 sed
1251 1537 1388 1600 maguam

156 1625 326 1701 „vinutem
348 1642 364 1684 a
386 1621 448 1684 [leo
470 1623 537 1703 ipso
561 1631 686 1684 testetur
707 1611 857 1703 appollini.
900 1623 1007 1684 Beatus
1030 1622 1100 1685 item
1123 1621 1213 1685 David
1235 1640 1297 1688 nott
1320 1629 1387 1686 lau-
1494 1619 1498 1624 ’

156 1733 251 1802 „tun
271 1723 410 1804 Angelos,
435 1724 490 1788 aad
512 1725 601 1788 etians
623 1723 753 1788 Virtutes
776 1725 811 1788 ad
834 1724 926 1787 [leuna
948 1723 1125 1788 laudandum
1148 1723 1316 1788 humens·

244 2031 296 2096 38.
340 2027 419 2092 liaeo
441 2046 508 2092 uuna
529 2027 571 2090 illi
593 2025 639 2090 vel
661 2035 774 2092 tantuna
808 2029 877 2108 oqui
899 2027 1018 2102 audent,
1042 2047 1143 2092 nonne
1165 2029 1298 2092 omnium
1315 2030 1385 2092 odio

156 2129 326 2212 dignissimi
349 2111 442 2194 sunt't
465 2129 497 2192 Si
519 2129 609 2202 enim,
631 2137 665 2192 ut
685 2128 744 2208 ipsi
767 2128 885 2208 quidem
907 2137 1023 2208 putant,
1045 2129 1138 2192 lilius
1162 2135 1219 2201 est,
1242 2148 1303 2190 non
1319 2131 1386 2209 quia

157 2251 194 2298 en
215 2233 304 2296 Petne
325 2232 444 2311 genitus
467 2239 528 2304 est,
556 2249 613 2291 nee
633 2239 757 2308 propter
778 2237 901 2292 natum
922 2229 1155 2308 proprietatem,
1183 2229 1236 2290 sed
1258 2229 1388 2292 Verbum

158 2333 267 2400 dieitur
288 2313 460 2395 stennone
483 2330 524 2392 ob
545 2348 595 2394 nee
617 2331 731 2394 natione
752 2329 919 2410 praeditae,
949 2337 979 2390 et
1000 2329 1144 2408 sapientia
1165 2337 1290 2411 propter
1310 2330 1388 2408 illos¹

161 2434 212 2514 qui
242 2433 393 2514 sapientes
423 2431 513 2506 liunt,
546 2431 680 2512 petentia
708 2449 762 2494 eeu
788 2430 882 2494 virtus
911 2447 1143 2521 aonumoausa,
1176 2431 1226 2512 qui
1247 2440 1387 2513 potentes

162 2535 341 2610 assidentum
365 2533 503 2614 ,damus
520 2533 609 2630 ⁸lilius
637 2551 692 2595 eoa
719 2539 859 2614 propter,
888 2531 939 2613 qui
961 2531 1012 2594 sulii
1035 2531 1219 2607 efficiuntur,
1248 2535 1387 2598 fortassis
1398 2547 1475 2592 nese

161 2655 278 2720 qupuue
293 2636 334 2698 oh
354 2655 413 2710 res,
438 2653 513 2716 quae
534 2636 674 2710 existunt,
697 2635 761 2698 sola
784 2634 964 2714 cogitatione
986 2633 1096 2696 existit.
1132 2635 1210 2708 Quid
1226 2655 1297 2717 ergo
1318 2645 1386 2700 tsn-

162 2739 228 2802 ten
249 2739 366 2803 tutunus
388 2737 438 2802 ille
459 2737 530 2802 esti
551 2737 631 2800 Nihil
653 2737 732 2800 enim
753 2736 871 2801 illorum
895 2755 963 2800 esse
985 2736 1042 2800 dioi
1062 2736 1161 2818 possit
1175 2737 1250 2819 ipse,
1274 2739 1301 2801 si
1317 2739 1390 2804 haee

29 2885 38 2896 .
163 2857 243 2902 neue
263 2839 327 2904 eius
350 2849 420 2916 suut
440 2840 572 2913 nomina,
595 2839 719 2920 solaque
740 2839 919 2918 cogitatione
941 2839 1083 2901 dieendua
1100 2849 1146 2902 est
1160 2839 1298 2922 existere,
1322 2859 1389 2906 oum

89 2999 97 3019 ,
164 2939 265 3016 noetui
286 2947 401 3002 nutum
429 2957 517 3002 cause
545 2939 715 3002 huiuamodi
737 2946 862 3002 ornetur
881 2937 1062 3002 nominihus.
1109 2939 1187 3002 Sane
1209 2942 1266 3022 ipsi
1288 2943 1388 3022 potins

167 3039 305 3104 omont
327 3045 398 3104 sunt
419 3039 563 3104 diabolioa
584 3049 636 3102 eut
656 3041 744 3102 etiam
767 3035 914 3104 deteriore
936 3040 1040 3120 agitari
1059 3041 1186 3116 maenia,
1207 3041 1316 3124 quippe
1338 3043 1388 3124 qni

168 3163 201 3206 se
220 3141 337 3223 widem
360 3159 430 3204 sere
452 3139 580 3204 existere
601 3141 701 3217 velint,
722 3140 777 3204 Dei
796 3149 896 3206 autem
910 3141 1040 3204 ternum
1062 3141 1128 3205 sole
1149 3144 1271 3206 nomine
1286 3153 1390 3225 putent

167 3245 301 3308 austero.
344 3243 390 3306 dn
410 3261 471 3306 nen
492 3261 565 3306 vero
587 3243 846 3319 moestitudinem,
869 3262 935 3308 oum
949 3245 1096 3308 allienuant
1110 3246 1285 3326 sapientiam
1301 3245 1389 3310 simul

167 3365 231 3410 ouon
249 3345 338 3408 Patro
359 3345 505 3420 existere,
535 3365 659 3426 umque
682 3345 832 3412 canuno
855 3347 929 3410 ssse'
950 3355 1075 3426 negant,
1104 3348 1159 3410 aad
1180 3348 1287 3412 multae
1308 3349 1391 3410 aiunt

167 3449 285 3512 untutee
315 3456 429 3514 onnam
457 3457 488 3510 et
516 3447 677 3529 sopiendas
706 3468 791 3524 esse,
821 3467 945 3530 quarum
968 3467 1025 3512 una
1048 3450 1271 3526 sitdominus,
1301 3471 1389 3532 qnam

170 3567 232 3614 euna
253 3567 340 3612 etuoa
363 3559 391 3611 et
413 3549 529 3612 loeusta
550 3529 688 3614 noniano
713 3571 775 3616 nos
805 3550 962 3616 dubitanti
1005 3553 1051 3614 ln
1079 3571 1140 3616 non
1167 3553 1255 3616 etiam
1284 3551 1391 3616 dolose

169 3659 263 3732 agunt,
285 3649 336 3730 qui
358 3668 424 3713 eum
446 3670 463 3713 a
485 3652 573 3718 nobis
594 3654 720 3718 audiunt
739 3653 868 3720 veisun
890 3656 949 3717 uni
967 3673 1033 3718 otum
1048 3653 1136 3718 Patre
1152 3655 1290 3732 existere,
1313 3674 1388 3718 eon·

169 3937 278 3990 cannot.
305 3935 750 3997 litt.Segneeuottuuatetnu.
801 3939 892 3990 sedeo.
930 3941 983 3992 llos
1009 3939 1081 3990 desii.
1105 3953 1152 4004 pns
1176 3932 1295 3992 siniret«
1318 3943 1390 3994 habet

169 3997 191 4054 tl
209 3999 262 4070 γὰρ
288 3997 325 4059 oin
348 3995 436 4056 αὐτοί.
470 4004 514 4056 titt
539 4013 563 4057 et
580 4007 637 4057 editi
655 3999 750 4076 olysip
801 4002 914 4059 dulnosus
943 4000 1388 4070 illuminationes-orode.

170 4066 209 4120 sei
230 4065 265 4127 sic
289 4065 377 4123 edroi.
416 4075 468 4126 liox
492 4075 634 4137 Segueeieu.
653 4075 750 4126 Goiler.
835 4091 857 4140 g.
876 4079 975 4146 Seguer.
995 4068 1097 4134 ταύτην
1113 4063 1183 4126 siuns
1200 4074 1250 4127 τὸν
1259 4071 1385 4146 χριστόν.

171 4139 264 4193 loun
290 4143 312 4194 l.
337 4151 362 4193 et
385 4141 409 4192 l.
432 4135 530 4192 aetat
545 4134 626 4196 ttsav.
663 4143 752 4195 tttt'et
801 4144 827 4196 la
846 4145 901 4198 aliia
919 4154 943 4204 et
961 4145 1033 4196 editis
1050 4143 1118 4195 deest
1135 4133 1213 4196 aises.

171 4209 238 4268 dito
252 4209 368 4266 Conmel.
385 4205 432 4262 sot
449 4204 481 4260 ei
499 4203 599 4266 uiliter.
835 4213 859 4268 lt.
877 4215 918 4264 Sis
934 4217 1033 4278 Segusa.
1053 4214 1150 4265 dullen
1168 4215 1272 4268 i'elelstn.
1289 4216 1311 4266 l.
1327 4222 1351 4264 et
1363 4213 1388 4264 l.

203 4277 277 4329 nS’se
295 4279 394 4342 degest-
429 4272 752 4338 tustuueuttieaimio
801 4281 836 4359 lt¹
853 4281 895 4332 alii
920 4291 943 4334 et
967 4282 1023 4334 editi
1042 4279 1101 4336 ntis
1117 4277 1148 4333 tl
1164 4277 1389 4356 minuendam,-

172 4336 378 4490 ”iffi
401 4413 499 4474 sote.
517 4415 622 4468 susa
642 4415 665 4466 s.
684 4423 707 4464 u
724 4415 749 4464 a
800 4349 1389 4484 ibivsiiii'ciiii'itiiiiii'iipi'tiffu

173 4468 231 4528 ltin
251 4475 297 4530 sni
323 4476 415 4534 τοῦτο’.
451 4483 531 4538 casn
555 4493 580 4536 et
603 4483 662 4540 editi
684 4473 752 4532 olli
801 4429 900 4550 aspele.
