3220 5046
545 293 653 340 ossrro
669 293 691 338 ι.
707 295 824 342 cosrns
836 297 973 346 soranos.
1316 291 1373 354 tro

232 451 281 514 to.
326 445 475 521 Quoniam
497 444 645 523 ergo'hss
667 447 831 510 sententias
852 447 997 514 absurda
1019 457 1108 530 atquc
1128 451 1286 514 averitste
1301 451 1459 517 etis-rm.

145 568 200 612 nas
222 564 291 612 esse
312 547 436 612 evidens
459 555 520 618 est,
546 544 707 642 ‘dicendum
729 558 777 610 est
796 551 984 622 necessario,
1015 550 1046 613 id
1067 553 1148 632 qnod
1170 562 1218 617 cst
1241 573 1278 618 ex
1299 555 1376 618 sub-

145 651 253 714 stantia
275 649 389 722 Patris,
421 647 576 727 proprium
606 647 727 710 omnino
749 650 814 711 sins
836 669 904 714 esse
925 651 1041 714 Filium.
1084 653 1178 718 Deum
1201 656 1281 720 enim
1301 675 1375 740 par-

145 751 263 833 ticipari
284 751 363 812 idem
384 753 581 828 prorsus'est
602 765 636 808 ao
656 745 751 810 ileum
772 765 924 828 generare.
962 753 1039 824 Quid
1054 771 1144 832 porro
1159 775 1215 819 rox
1232 774 1375 837 generare

147 853 228 915 aliud
250 850 396 930 significat
417 865 505 927 quam
525 847 656 910 Filium?
699 849 801 927 ltaque
828 867 877 912 res
906 867 1010 914 omncs
1033 852 1098 917 Filii
1120 857 1194 920 dunt
1214 860 1373 941 participes
1426 905 1432 918 .

149 951 314 1016 semndnm
336 949 463 1029 Spiritus
485 949 606 1028 gratiam
629 967 705 1029 qnae
727 948 764 1012 ab
786 967 822 1010 eo
844 949 947 1023 datur,
975 951 1064 1030 idque
1090 954 1159 1016 inde
1187 959 1220 1019 lit
1247 963 1374 1024 manile-

150 1059 249 1124 stum,
276 1051 355 1131 quod
377 1051 442 1130 ipse
464 1049 582 1130 quidem
604 1050 696 1114 Filius
718 1049 828 1113 nullius
851 1059 900 1112 est
920 1053 1086 1132 particepst
1118 1057 1198 1134 quod
1220 1071 1316 1124 nutem
1338 1081 1375 1126 ex

149 1155 238 1216 Patre
259 1152 334 1216 alios
355 1153 401 1214 sui
429 1151 588 1232 participes
608 1152 686 1242 tacit,
710 1151 769 1213 hoc
789 1151 889 1232 ipsum
912 1163 959 1215 cst
981 1153 1081 1216 Filius.
1124 1155 1187 1217 Not
1211 1160 1376 1229 enimcum
1456 1229 1462 1236 ,

149 1253 244 1336 ipsius
270 1253 337 1316 Filii
363 1251 522 1334 participes
554 1252 714 1326 efficimur,
747 1251 801 1316 Dei
829 1254 990 1334 participes
1020 1275 1090 1318 esse
1118 1257 1260 1332 dicimur,
1291 1261 1382 1340 idque

126 1356 247 1438 -ipsum
270 1361 331 1429 ιιι,
361 1355 441 1434 qnod
463 1347 560 1416 aiebat
580 1355 704 1417 Petrus:
732 1365 769 1418 ut
797 1355 976 1436 efficiamini
997 1359 1117 1420 clica'noc
1140 1371 1298 1422 consortes
1320 1379 1380 1422 oo-

150 1469 252 1529 mccc,
283 1455 530 1536 quemadmodum
553 1463 582 1518 et
602 1455 763 1536 Apostolus
786 1455 872 1518 dicit:
901 1455 1033 1522 Nescitis
1059 1462 1131 1540 puio
1160 1460 1302 1540 templum
1322 1461 1385 1524 Dei

149 1556 247 1623 cotis?
268 1565 298 1620 ιι
319 1557 383 1620 Noc
407 1562 484 1621 onim
507 1557 650 1639 ιιιιριιιιιι
671 1557 731 1620 Dei
749 1560 879 1620 uincatis
902 1577 1017 1620 sumus.
1059 1558 1162 1639 Ipsum
1178 1559 1381 1626 similitsrli·

149 1660 221 1724 lium
242 1660 393 1722 intuentes
414 1659 533 1720 Patrem
555 1659 724 1733 intuemur,
756 1657 886 1737 cognitio
910 1659 988 1722 enim
1011 1667 1042 1722 et
1062 1647 1291 1741 comprobantia
1313 1663 1382 1728 Filii

148 1761 244 1824 Patris
266 1769 313 1824 est
334 1759 463 1839 agnitio,
485 1759 553 1839 quia
574 1759 716 1838 proprius
738 1767 786 1822 est
807 1777 843 1822 ex
865 1760 999 1822 eiusdem
1020 1769 1125 1824 natura
1147 1763 1236 1824 letus.
1279 1765 1376 1828 Porro
1427 1817 1437 1836 ,

149 1872 182 1926 ut
201 1881 292 1924 nemo
314 1871 444 1924 resinam
467 1861 527 1922 iam
548 1861 672 1935 dixerit,
699 1860 753 1922 Ilei
775 1861 948 1941 participem
970 1861 1035 1922 lieri
1058 1881 1128 1924 csse
1148 1863 1266 1927 divinas
1287 1875 1377 1929 nstru-

148 1983 200 2026 ras
221 1963 393 2045 passionem
417 1971 447 2024 et
468 1962 644 2026 divisionem
666 1965 747 2037 (nam
769 1972 924 2024 ostensum
954 1971 983 2024 ιι
1010 1981 1184 2028 concessum
1213 1975 1261 2028 est
1281 1967 1461 2032 [lcumena

149 2066 331 2146 pcrtitn'pcri,
361 2065 499 2145 idemque
527 2083 596 2128 esse
625 2063 707 2128 illum
734 2062 903 2143 participari
930 2081 964 2126 ac
992 2069 1162 2143 generare),
1191 2067 1231 2128 ita
1258 2085 1378 2147 quoque

149 2187 217 2232 cnm
237 2168 369 2247 genitum
392 2185 408 2228 n
429 2167 493 2228 Deo
515 2166 622 2228 Filium
645 2165 783 2237 dicimus,
805 2181 861 2225 nec
882 2165 1055 2242 passionem
1077 2165 1165 2228 rdiam
1181 2185 1236 2229 nec
1252 2165 1378 2230 divisio·

149 2288 218 2332 nom
245 2269 348 2332 beatae
379 2267 458 2330 illius
488 2274 609 2329 naturae
636 2265 846 2344 significamus.
895 2265 961 2326 Non
989 2265 1089 2345 itaquo
1122 2265 1294 2328 incredibile
1322 2277 1380 2342 est,

149 2369 212 2432 lleo
236 2385 305 2430 esse
327 2369 444 2440 Filium,
467 2368 517 2444 qui
538 2367 677 2446 propriae
699 2366 764 2428 cius
787 2371 909 2426 naturae
931 2365 970 2428 sit
984 2366 1074 2438 letus,
1096 2383 1193 2445 nsque
1207 2366 1380 2446 passionem

150 2476 204 2530 sut
225 2465 401 2528 divisionem
422 2465 537 2527 divinae
557 2473 680 2528 naturae
694 2467 856 2539 iortuimus,
880 2483 946 2530 cum
961 2465 1068 2528 Filium
1086 2475 1115 2528 et
1128 2468 1219 2530 tetum
1235 2467 1380 2544 dicimusc

153 2567 207 2629 sed
228 2565 330 2646 potins
352 2567 392 2628 ite
414 2565 576 2641 credimus,
600 2565 668 2646 quis
688 2567 735 2642 id,
756 2568 838 2648 quod
861 2569 1037 2647 genuinum,
1065 2587 1166 2632 rerum
1188 2577 1218 2632 ιι
1239 2569 1379 2648 unigeld-

151 2675 215 2730 tom
237 2667 290 2730 lici
312 2677 373 2760 cst,
403 2667 623 2746 cognoscimus.
669 2667 755 2739 Quod
782 2687 850 2730 cnm
877 2669 935 2732 lsoc
963 2669 1053 2732 modo
1069 2671 1244 2752 'expositum
1266 2671 1378 2750 proba-

121 2763 125 2768 ’
152 2777 274 2848 tumque
295 2769 394 2842 tuerit,
416 2787 528 2854 nempe¹
547 2768 589 2840 id,
613 2767 693 2847 quod
714 2787 749 2830 ex
765 2769 862 2830 Patris
885 2779 988 2832 natura
1011 2779 1058 2832 est
1078 2772 1220 2851 genitum,
1244 2771 1379 2834 ciusdem

153 2889 223 2934 esse
244 2869 366 2941 Filinmc
393 2867 505 2930 nemini
532 2867 590 2930 iam
612 2866 733 2930 dubium
755 2887 826 2932 esse
846 2869 935 2932 debet
956 2870 1010 2931 ssd
1032 2871 1092 2931 imo
1114 2871 1233 2950 plutum
1256 2881 1285 2933 et
1305 2890 1379 2952 per-

150 2971 306 3052 spicuum,
334 2969 414 3030 hunc
441 2969 539 3047 ipsum
563 2987 636 3030 esse
658 2968 838 3048 Sapientiam
860 2979 890 3030 et
910 2969 1041 3032 Verbum
1061 2971 1175 3044 Patris,
1203 2972 1234 3032 in
1263 2987 1322 3050 quo
1352 2979 1382 3032 ιι

151 3091 208 3154 por
229 3071 309 3151 quod
332 3068 430 3132 omnic
453 3077 534 3130 erest
554 3079 584 3132 et
605 3069 704 3131 efficit.
747 3069 802 3132 llic
828 3069 894 3148 ipse
922 3069 1043 3148 inquam
1074 3071 1138 3131 sius
1160 3069 1302 3149 splendor
1325 3078 1381 3144 est,

153 3173 185 3236 in
206 3191 265 3253 quo
289 3161 389 3234 omnia
410 3170 556 3232 illuminat
577 3179 607 3233 ct
629 3169 736 3250 quibus
759 3169 885 3262 voluepit
906 3187 939 3232 se
960 3169 1111 3249 patefacit,
1134 3169 1183 3231 hic
1203 3169 1269 3250 ipse
1290 3168 1383 3248 ligore

153 3293 188 3338 ac
208 3275 305 3356 imago
328 3273 392 3336 eius
415 3281 470 3346 cst,
494 3273 524 3334 in
547 3291 607 3352 quo
629 3271 813 3352 conspicitur
835 3279 864 3333 ιι
885 3269 1086 3350 cognoscitur,
1109 3287 1196 3350 quam
1212 3269 1250 3331 olo
1265 3286 1384 3334 causam

155 3383 184 3438 et
204 3377 270 3456 ipsc
292 3383 322 3437 ιι
341 3374 430 3438 Ριιιι
451 3393 543 3438 unum
566 3378 674 3436 suntr:
707 3374 757 3436 laic
778 3373 844 3453 ipse
867 3373 995 3454 donique
1017 3383 1062 3434 est
1082 3372 1236 3446 Christus,
1263 3371 1295 3434 in
1322 3389 1382 3454 guo

154 3477 253 3538 omnia
274 3478 407 3540 redemta
430 3485 510 3551 sunt,
533 3485 563 3538 ct
584 3495 691 3538 novam
713 3493 819 3537 rursus
841 3475 965 3554 perfecit
988 3463 1161 3536 creaturam.
1199 3473 1272 3536 Cum
1291 3473 1383 3554 igitur

155 3577 324 3640 huiusmodi
345 3579 383 3640 sit
404 3577 510 3651 Filius,
539 3595 601 3640 non
630 3577 782 3652 convenit,
810 3576 871 3638 imo
901 3575 983 3638 valde
1005 3575 1207 3656 periculosum
1228 3584 1274 3638 est
1293 3593 1381 3638 asse·

156 3697 269 3752 verare,
291 3697 359 3740 sum
382 3698 417 3741 ex
438 3679 531 3742 nihilo
554 3698 622 3742 esse
643 3680 753 3742 tactum
774 3677 821 3740 rel
841 3695 902 3763 non
924 3677 1018 3740 luisse
1040 3685 1198 3762 antequam
1213 3683 1301 3739 nattts
1323 3685 1381 3738 ιιι.

156 3779 215 3852 Qui
238 3781 316 3843 enim
339 3779 379 3842 ita
401 3782 437 3843 de
460 3772 512 3854 eo,
541 3781 620 3860 quod
642 3779 737 3843 Patris
760 3788 880 3844 naturae
902 3779 1057 3860 proprium
1080 3786 1141 3854 est,
1169 3775 1316 3857 loquitur,
1350 3776 1381 3838 in

223 3963 240 3996 ⁴¹
257 3963 348 4030 [lddm
368 3979 422 4016 nam
441 3967 483 4031 qni
502 3967 565 4016 hunc
582 3967 653 4025 ridet,
671 3965 733 4016 ridet
751 3962 908 4031 silotrum]

154 4099 254 4152 codices
272 4115 331 4150 mss.
350 4102 405 4151 nori
423 4101 579 4152 Testamenti.
605 4099 744 4152 Goblsrisu.
830 4101 847 4150 ι.
866 4101 965 4163 Segucr.
984 4108 1008 4149 st
1025 4099 1081 4162 llcg.
1099 4091 1129 4147 ἐκ
1147 4095 1196 4146 τοῦ
1212 4094 1289 4147 θεοῦ.

152 4231 360 4291 ,
390 4169 474 4286 ιι
495 4181 550 4286 st
575 4160 746 4303 tttt‘ttt
794 4201 912 4318 ,ιιι
930 4199 1160 4328 ιιιιιιιι,
1182 4199 1211 4316 ι
1225 4177 1383 4326 ιιιιιι

152 4295 430 4434 “ffliectcsmffim
449 4371 548 4424 Gom„-
567 4380 590 4424 Β,
602 4371 707 4422 mem·
721 4371 744 4420 1·
794 4331 869 4451 3231.
904 4336 1044 4398 Segnerian.
1064 4327 1112 4383 tor
1130 4326 1216 4398 tottp.
1253 4329 1314 4380 Editi
1333 4319 1382 4376 ἐὰν

155 4437 219 4488 Editi
243 4445 323 4489 antem
349 4449 372 4490 ct
396 4440 436 4490 alii
460 4433 596 4491 δεδώκατε
618 4432 675 4505 γὰρ
699 4430 746 4486 acci
846 4415 877 4453 ε’·
1268 4487 1306 4506 Η

153 4498 358 4572 (ὅμοιοιιιατε.
618 4540 641 4552 .,
744 4507 752 4521 ·
830 4503 854 4552 ι.
872 4503 929 4565 neg.
948 4511 971 4556 o
989 4495 1094 4578 spelm.
1108 4502 1132 4550 s.
1150 4496 1230 4548 reon
1247 4507 1315 4544 occo.

1130 4579 1184 4629 12*
