3176 5058
211 284 273 356 134
609 303 635 347 s.
650 289 804 348 ιτειιιιειι
819 303 1043 348 ιιιοσιεειεοουι
1080 289 1084 297 “

122 457 338 537 εισιτρέπει,
373 451 427 516 καλ
461 443 652 537 ἀμφοτέρας
683 449 743 528 τὰς
769 449 912 533 αἱρέσεις
938 449 1016 528 ἴσας
1038 448 1072 516 έν
1093 443 1230 537 ἀσεβείᾳ
1253 449 1435 516 δείκνυσιν·

208 549 367 638 οὔτεγὰρ
389 549 487 636 λόγος
508 549 597 618 έστλν
620 545 638 614 ό
660 553 718 616 τοῦ
742 549 840 634 λόγου
862 548 981 637 πατήρ,
1006 546 1082 616 οὐτε
1103 547 1233 636 ποίημά
1255 549 1327 617 έστι
1341 550 1380 616 τό
1396 550 1434 618 ίκ

206 655 265 720 τοῦ
288 651 431 736 πατρός,
456 645 540 717 ἀλλά
562 649 650 716 ίδιον
672 653 730 737 τῆς
751 645 867 730 οὐσίας
888 645 990 717 αὐτοῦ
1011 656 1166 736 γέννημα,
1191 649 1294 717 πόλιν
1315 675 1352 717 τε
1374 645 1435 718 οὐκ

155 739 160 750 ’
208 754 280 822 ίοτι
307 751 417 838 πατὴρ
446 747 463 816 6
493 748 672 836 προελθὼν
694 750 806 836 λόγος,
836 747 913 840 οὐδὲ
933 751 1037 818 πόλιν
1059 749 1094 817 ίιι
1114 751 1250 818 πολλῶν
1272 745 1320 830 είς
1342 750 1434 818 ίστιν

209 841 308 932 ὀὗτος
329 853 435 939 λόγος,
460 849 544 918 ἀλλὰ
565 850 666 936 μόνας
688 850 758 918 ἐστὶ
780 855 839 918 τοῦ
861 851 989 938 πατρὸς
1009 850 1090 930 υίός,
1114 845 1275 938 ἀληθινός
1297 857 1350 918 καί
1367 851 1434 940 φό-

208 975 261 1022 σει
281 951 422 1040 γνήσιος,
447 947 465 1018 6
487 955 540 1018 κάλ
563 955 620 1018 νῦν
641 946 705 1019 ”th
728 951 762 1019 ἒν
784 947 873 1038 αὐτῶ
895 955 948 1018 καλ
972 947 1089 1031 ἀίδίαις
1102 953 1156 1018 καί
1173 946 1369 1037 ἀδιαιρέτως
1384 947 1434 1020 ῶν

208 1054 245 1135 ἐξ
265 1049 375 1122 αὐτοῦ.
420 1048 507 1119 αὐτοι
522 1039 590 1118 Ικαλ
614 1059 719 1140 σοφία
739 1055 793 1119 καλ
818 1047 961 1140 ἀλήθειά
984 1051 1073 1119 έστιν
1097 1047 1114 1116 ό
1137 1051 1262 1137 κύριος,
1295 1054 1349 1118 καλ
1373 1047 1433 1120 οὐκ

209 1155 298 1225 ἔστιν
327 1152 427 1242 ἀλλης
454 1159 578 1242 σοφίας
599 1151 762 1240 δεύτερος,
794 1146 879 1219 ἀλλὰ
898 1152 1001 1238 μόνος
1022 1141 1118 1230 οὗτός
1140 1151 1227 1232 ἐστι,
1256 1146 1303 1219 δι’
1328 1141 1433 1222 αὐτὰ

166 1341 169 1348 Ι
206 1255 318 1325 πάντα
339 1261 521 1342 πεποίηκεν
544 1249 562 1319 6
584 1253 703 1342 πατήρ,
726 1256 779 1320 καλ
804 1253 838 1320 ἐν
860 1248 948 1340 αὐτῷ
971 1252 1193 1338 συνεστήσατο
1208 1256 1274 1319 τῶν
1288 1257 1432 1341 γενητῶν

205 1357 265 1437 τὰς
286 1357 442 1434 ποικίλας
462 1350 588 1435 οὐσίας,
612 1350 660 1422 δι’
685 1351 786 1422 αὐτοῦ
808 1379 845 1422 τε
864 1353 1058 1440 γνωρίζεται
1078 1347 1130 1432 οίς
1151 1347 1192 1421 ἀν
1214 1353 1358 1434 λέίίέλοι,
1374 1353 1432 1422 καὶ

205 1457 240 1526 δν
262 1452 351 1543 αὐτῷ
372 1455 431 1545 τὴν
452 1459 520 1522 τῶν
541 1455 677 1522 πόντων
698 1453 861 1542 πρόνοιαν
883 1464 1033 1521 ποιεῖται
1046 1455 1103 1520 καί
1118 1452 1293 1539 ἐργάζεται.
1327 1453 1430 1538 μόνον

204 1558 265 1646 γὰρ
287 1561 404 1625 τοῦτον
427 1551 499 1623 οἶδε
520 1559 579 1622 τοῦ
601 1560 685 1624 θεοῦ
707 1555 805 1641 λόγον
825 1557 881 1622 καί
902 1553 1090 1633 Διονύσιος.
1117 1550 1203 1641 ἀὐτη
1226 1558 1285 1620 τοῦ
1307 1560 1432 1622 Διονυ-

206 1664 281 1726 σίου
313 1653 333 1746 ἡ
367 1663 498 1735 πίστις·
534 1651 629 1741 ὀλίγα
659 1655 720 1742 γὰρ
749 1655 784 1723 &a
811 1657 877 1722 τῶν
906 1653 1093 1722 ἐπιστολῶν
1116 1649 1217 1722 αὐτοῦ
1240 1655 1430 1742 συναγαγὼν

206 1758 346 1847 ίγραψα,
370 1755 534 1841 δυνάμενα
555 1767 739 1843 παρασχεῒν
761 1757 815 1822 σοί
831 1756 892 1839 μὲν
904 1749 1057 1842 ἀφορμὴν
1069 1755 1116 1833 είς
1127 1753 1166 1819 τὸ
1176 1755 1316 1822 πλείονα
1327 1780 1431 1845 προς-

205 1863 355 1937 τιόέναι,
383 1863 455 1936 τοῖς
477 1857 513 1924 δέ
531 1851 718 1942 ’Λρειανοίς
737 1851 893 1941 μεγίστην
914 1854 1069 1942 αίοχόνην
1092 1855 1148 1922 διὰ
1165 1855 1227 1944 τὴν
1248 1856 1348 1924 ιιιατά
1368 1861 1428 1924 τοῦ

206 1956 393 2027 ἐπισκόπου
426 1963 657 2046 συκοφαντίαν.
702 1956 736 2024 έν
767 1959 854 2022 πᾶσι
880 1953 941 2041 γὰρ
970 1953 1025 2021 καλ
1051 1949 1128 2022 καθ’
1152 1956 1289 2023 ἕκαστον
1311 1953 1357 2025 δι’
1382 1949 1429 2028 ὧν

85 2067 86 2072 ’
206 2059 364 2147 ἔγραφεν,
387 2057 517 2147 ἤλεγξεν
539 2055 647 2125 αὐτῶν
668 2055 727 2144 τὴν
748 2053 994 2144 κακοφροσόνην
1015 2055 1069 2122 καὶ
1091 2055 1149 2142 τὴν
1171 2055 1299 2142 αἵρεσιν
1321 2053 1429 2127 αὐτῶν

205 2158 439 2248 ίστηλίτευοεν.

289 2267 340 2330 26.
389 2254 515 2328 Οὐκοῦν
537 2255 608 2326 ἀπό
628 2259 755 2326 τούτων
777 2258 941 2324 δείκνυται
959 2257 1014 2322 καλ
1028 2252 1048 2344 ἡ
1063 2257 1149 2343 πρὸς
1160 2253 1360 2348 Εὐφράνορα
1374 2263 1427 2330 καί

200 2355 391 2448 Ἀμμῶνιον
414 2359 574 2448 ἐπιστολὴ
596 2361 749 2446 ιιδιανοίᾳ
772 2355 854 2444 ἀλλῃ
877 2350 945 2422 κατ’
963 2355 1153 2442 οἰκονομίαν
1167 2373 1334 2447 γραφεῖσα
1347 2357 1425 2449 παρ’

205 2458 322 2530 αὐτοῦ·
344 2465 442 2528 τοῦτο
464 2461 525 2546 γὰρ
547 2463 601 2527 καί
622 2456 643 2549 ἡ
667 2455 834 2544 ἀπολογία
855 2452 956 2523 αὐτοῦ
978 2457 1131 2526 δείκνυσι.
1161 2463 1214 2527 ιιαλ
1238 2461 1327 2528 ἔστιν
1348 2457 1430 2551 ἀλη-

205 2565 280 2640 θῶς
300 2561 406 2638 τόπος
428 2551 525 2638 οὗτος
545 2559 695 2638 πιθανός
715 2557 802 2643 πρὸς
824 2552 1014 2642 ἀνατροπὴν
1030 2561 1089 2646 τῆς
1102 2561 1282 2645 Σαβελλίου
1295 2570 1426 2645 μανίας,

205 2657 288 2739 ῶςτε
307 2659 366 2726 τόν
387 2658 588 2745 βουλόμενον
609 2665 733 2742 ταχέως
748 2659 922 2743 διελέγχειν
937 2657 1016 2736 τοὺς
1029 2659 1202 2740 τοιούτους
1214 2661 1259 2749 μὴ
1274 2655 1343 2727 ἀπό
1358 2665 1426 2727 τῶν

205 2759 432 2849 σημαινόντων
466 2758 525 2847 τὴν
549 2757 700 2844 -όεότητα
727 2761 786 2825 τοῦ
814 2757 913 2845 λόγου
940 2764 1122 2827 ποιεῖσθαι
1146 2760 1205 2848 την
1231 2755 1329 2847 ἀρχήν
1357 2757 1424 2840 (ότι

204 2858 303 2947 λόγος
323 2862 378 2927 καλ
400 2867 506 2948 σοφία
526 2862 580 2926 καλ
603 2849 741 2943 δύναμίς
763 2858 853 2928 ἔστιν
875 2854 894 2924 6
915 2859 996 2938 υἱός,
1019 2863 1073 2926 καί
1097 2856 1151 2926 ὅτι
1171 2860 1235 2947 ίγῶ
1254 2863 1308 2928 καλ
1324 2856 1343 2927 6
1357 2885 1428 2928 πα·-

203 2961 262 3050 τὴρ
285 2963 319 3032 ἓν
341 2961 478 3047 ίσμενᾎ,
501 2961 558 3028 ίνα
579 2957 625 3048 μὴ’
645 2959 689 3027 τὰ
708 2961 818 3038 καλῶς
838 2959 992 3047 εἰρημένα
1012 2961 1293 3050 παρεξηγοόμενοι
1308 2961 1428 3031 ἐκεῖνον

200 3063 375 3152 πρόφασιν
402 3066 460 3152 τῆς
489 3057 704 3146 ἀναισχύντου
734 3058 939 3154 φιλονεικίας
960 3061 1086 3128 ἑαυτῶν
1105 3061 1149 3128 τὰ
1169 3067 1308 3130 τοιαῦτα
1328 3069 1427 3149 πορί-

203 3185 342 3247 σαινται,
377 3159 566 3246 ἀκούοντες,
589 3159 662 3230 ’ότι
683 3160 746 3249 ίγῶ
769 3165 824 3230 καί
847 3157 865 3227 6
887 3161 999 3251 πατὴρ
1021 3161 1055 3231 όν
1078 3163 1192 3248 ἐσμεν,
1220 3171 1292 3238 καί·
1324 3160 1426 3232 666-

200 3265 308 3352 ρακῶς
329 3266 401 3350 έμί,
426 3266 549 3352 ἑώρακε
569 3265 628 3331 τόν
650 3267 808 3349 πατέρα’)
815 3274 835 3341 ί,
859 3259 944 3330 ἀλλά
964 3263 1006 3330 τὰ
1028 3259 1252 3349 ἀνθρωπίναις
1273 3266 1426 3352 εἰρημένα

199 3369 277 3451 περὶ
299 3369 359 3431 τοῦ
382 3369 530 3450 σωτῆρος
550 3361 768 3449 προβάλλειν,
792 3359 902 3448 ὥςπερ
924 3357 1023 3442 αὐτὸς
1044 3371 1241 3454 πεποίηκεν,
1274 3361 1333 3433 οίό
1354 3365 1426 3433 ἐστι

200 3463 239 3529 τό
270 3464 425 3550 ’πεινᾷν,
461 3463 502 3528 τό
529 3466 652 3550 κοπιᾷν
677 3464 731 3528 καλ
755 3458 809 3529 ότι
830 3459 980 3546 ἀμπελυς
1000 3467 1054 3532 καλ
1075 3463 1191 3552 ἤυχετο
1212 3469 1268 3533 καὶ
1296 3473 1426 3534 πέπον-

199 3567 272 3630 θεν.
312 3557 381 3648 ὅσῳ
408 3561 470 3648 γάρ
492 3565 596 3629 ταῦτα
620 3561 765 3630 ταπεινὰ
786 3564 930 3650 λέγεται,
962 3565 1130 3654 ’τοσούτῳ
1153 3567 1318 3636 δείκνυται
1337 3560 1425 3652 μὴό

198 3661 310 3750 πατὴρ
341 3662 514 3749 γενόμενος
546 3661 740 3751 ἄνθρωπος.
782 3659 902 3752 ἀνάγκη
934 3663 995 3752 γάρ
1027 3669 1082 3735 καὶ
1109 3663 1260 3758 ἀμπέλου
1291 3669 1427 3753 λεγομέ-

198 3785 258 3832 νου
289 3767 348 3831 τοῦ
382 3770 494 3851 κυρίου
527 3759 613 3833 εἶναι
646 3767 700 3832 καί
733 3764 891 3852 γεωργόν,
924 3768 978 3834 καί
1007 3762 1181 3852 εὐχομένου
1209 3763 1310 3835 αὐτοῦ
1340 3761 1425 3836 εἶναι

197 3859 255 3933 τόν
287 3865 530 3948 ΙΙἐπακούοντα,
563 3869 617 3935 καί
651 3867 822 3947 αἰτοῦντος
855 3861 956 3934 αὐτοῦ
986 3862 1072 3936 εἶναι
1102 3869 1161 3936 τὸν
1194 3867 1338 3936 διδόντα.
1381 3867 1425 3934 τά

161 4000 169 4015 =
198 3965 235 4034 δλ
264 3970 403 4034 τοιαῦτα
432 3969 558 4054 μᾶλλον
591 3964 810 4056 εὐκολώτερον
840 3967 899 4056 την
937 3969 1004 4036 τῶν
1036 3970 1267 4057 Σαβελλιανῶν
1304 3973 1424 4054 μανίαν

197 4066 376 4136 δείκνυσιν·
399 4063 453 4136 ότι
474 4069 583 4157 ἕτερος
606 4065 624 4138 6
648 4064 828 4154 εὐχόμενος,
853 4068 962 4154 ἕτερος
984 4064 1002 4135 6
1021 4069 1220 4153 ἰέπαιιοόιον,
1246 4068 1304 4138 καί
1324 4067 1426 4147 ἀλλος

266 4239 290 4302 1)
308 4241 375 4292 loun.
396 4239 436 4302 10,
454 4239 496 4292 30.
565 4241 590 4302 2)
607 4240 673 4294 ioan.
694 4241 735 4303 14,
753 4241 777 4292 9.

233 4373 254 4408 ι.
273 4349 314 4407 σν
330 4359 400 4409 dem
417 4358 441 4408 ιιι
460 4357 530 4408 σοι.
871 4375 891 4408 0.
909 4351 980 4407 ma
998 4360 1067 4410 εεειι
1086 4361 1109 4410 ιι
1128 4359 1214 4420 τινα,
1232 4357 1275 4408 ιιι
1295 4319 1382 4420 flegma
1399 4355 1429 4405 ιι

231 4427 255 4476 λι.
274 4425 315 4477 Sic
333 4427 390 4489 λος.
408 4425 508 4478 Tauria.
522 4424 629 4477 Golben.
641 4424 686 4476 λετ.
721 4424 783 4476 editi
836 4427 893 4489 fleg.
908 4423 1005 4476 Τιοήιι.
1023 4428 1092 4478 Colb.
1112 4427 1159 4478 Ιεε.
1176 4427 1215 4477 Fr.
1228 4427 1247 4476 Ι.
1266 4433 1290 4476 ει
1304 4423 1424 4474 amunio

198 4507 257 4548 τινα
273 4483 361 4562 ίδίλγ
835 4493 894 4546 iton
912 4491 1001 4545 lectum
1019 4501 1067 4544 ειι.
