3054 5304
649 201 758 246 casato
773 201 811 246 lv.
827 202 944 247 codrus
958 203 1095 248 nudos.

240 368 272 423 et
292 357 405 422 inutilia
418 363 499 418 -sunt
519 353 567 415 illa
589 351 720 427 nomina,
743 353 803 414 nisi
825 352 903 416 torte
925 352 992 433 quis
1016 353 1103 422 dicat,
1125 353 1223 434 ipsum
1237 355 1331 418 Deum
1346 377 1394 437 sap
1421 377 1422 420 i

239 461 311 524 tiam
340 460 437 540 ipsam
466 465 494 518 et
515 452 644 516 Verbum
677 454 776 533 ipsum
807 473 886 516 esse.
931 453 1068 527 Quodsi
1090 455 1283 531 concedatur,
1311 477 1380 520 vero
1421 479 1422 538 ᾗ

241 561 351 626 suimet
372 567 457 640 pater
479 565 509 618 et
529 554 608 616 filius
631 554 703 629 erit,
726 563 810 634 pater
830 553 976 630 videlicet,
999 573 1067 616 cum
1089 555 1209 636 sapiens
1233 557 1352 631 dicitur,
1377 559 1395 620 c
1421 578 1422 616 t

241 681 308 726 cum
331 660 486 742 sapientia.
529 657 617 737 arqui
640 675 675 718 ea
697 655 728 718 in
748 656 812 718 lleo
835 675 897 718 non
920 663 992 717 sunt
1013 667 1047 716 ut
1068 657 1203 736 qualitas.
1247 657 1347 740 Apage
1369 659 1395 738 iq
1421 679 1422 716 1

240 764 272 828 id
294 763 447 843 indignum
468 761 542 822 Deo.
586 757 629 820 Ex
652 757 701 820 bis
724 756 805 819 enim
826 756 970 831 efficitur,
992 755 1087 828 Deum
1110 777 1146 820 ex
1167 759 1299 821 essentia
1322 767 1353 822 et
1374 779 1396 839 q
1421 777 1422 822 t

241 874 302 928 tate
330 862 529 945 compositum
558 877 638 924 esse.
682 857 836 938 Siquidem
866 857 966 920 omnis
989 857 1114 938 qualitas
1137 859 1168 920 in
1190 860 1323 924 essentia
1345 869 1393 923 ost

240 965 368 1048 proinde
390 964 487 1026 divina
508 963 619 1035 unitas,
642 977 717 1042 quae
738 959 891 1022 individua
913 967 970 1032 est,
994 961 1160 1040 composita
1174 961 1331 1038 videbitur,
1354 972 1386 1026 ut
1421 1003 1422 1010 κ

241 1070 273 1131 in
296 1067 457 1132 essentiam
479 1074 509 1128 et
529 1063 668 1127 accidens
690 1062 795 1126 divisa.
839 1061 889 1126 Sic
909 1060 1010 1141 itaque
1033 1061 1208 1124 temerarios
1224 1061 1317 1126 bosco
1331 1065 1397 1126 bom
1421 1084 1422 1126 t

241 1170 477 1256 interrogemus:
509 1164 601 1228 Filius
633 1163 777 1245 sapientia
806 1171 837 1226 et
857 1162 988 1226 Verbum
1010 1163 1064 1225 llei
1093 1181 1160 1226 esse
1189 1165 1375 1244 praedicatus
1421 1201 1422 1204 =

218 1249 373 1352 ³quonam
394 1270 483 1348 igitm
505 1267 595 1330 modo
617 1266 648 1328 id
659 1267 735 1354 jpse
758 1263 829 1328 est?
874 1265 907 1327 Si
933 1273 967 1326 ut
988 1265 1130 1344 qualitas,
1158 1264 1190 1330 id
1218 1266 1379 1330 absurdum
1421 1291 1422 1330 t

242 1372 301 1434 iam
332 1369 531 1432 ostendimus.
575 1367 609 1430 st
636 1385 707 1430 varo
737 1367 804 1448 ipse
825 1366 906 1429 Deus
936 1365 1081 1446 sapientia
1108 1367 1174 1448 ipsa
1195 1375 1259 1443 est,
1287 1376 1367 1432 certe
1389 1389 1399 1432 t
1421 1389 1422 1430 t

243 1471 313 1533 inde
341 1469 464 1534 absurdi
486 1469 636 1549 sequitur,
665 1469 776 1532 dictum
799 1487 816 1532 a
837 1467 969 1531 Sabellio
993 1475 1050 1530 est.
1095 1468 1296 1542 Quamobrem
1317 1470 1396 1534 laten
1421 1491 1422 1529 t

242 1580 297 1645 est,
321 1589 390 1634 eum
412 1578 550 1650 tanquam
571 1569 662 1634 letum
683 1567 806 1649 proprie
828 1587 864 1631 ex
886 1569 954 1649 ipso
976 1569 1065 1632 Patre
1087 1587 1155 1634 esse
1176 1569 1256 1634 iuxta
1277 1571 1352 1636 lucis
1367 1591 1422 1634 ex*

239 1673 331 1754 plum.
375 1671 414 1734 Ut
436 1672 515 1734 enim
537 1669 574 1732 ab
595 1669 663 1748 igne
684 1669 734 1732 lux
757 1669 862 1744 oritur,
885 1670 926 1732 ita
948 1670 1078 1734 Verbum
1101 1689 1137 1732 ox
1157 1670 1220 1734 Deo
1243 1680 1299 1747 est,
1322 1672 1422 1753 Sapit:

242 1794 278 1838 ex
300 1773 441 1855 Sapieute
463 1781 492 1836 et
514 1789 550 1834 ex
572 1771 661 1834 Patre
683 1769 788 1834 Filius.
832 1765 896 1834 llac
916 1772 997 1838 enim
1018 1771 1135 1834 ratione
1156 1773 1255 1834 unitas
1276 1773 1422 1838 individet

239 1876 355 1957 integra
376 1882 486 1948 manet,
509 1874 634 1954 eiusque
654 1871 734 1936 filius
756 1871 884 1935 Verbum
907 1891 970 1936 non
992 1873 1101 1954 aliquid
1123 1882 1171 1936 est
1193 1875 1324 1938 essentia
1347 1895 1422 1938 vaci

241 1978 288 2039 vel
316 1995 377 2040 non
405 1976 591 2049 subsistens,
623 1973 677 2037 sad
704 1991 775 2036 vere
805 1974 967 2038 essentiale
995 1982 1051 2038 est.
1094 1974 1233 2055 Alioquin
1254 1975 1315 2038 nisi
1336 1977 1402 2040 bae<

134 2111 141 2118 ·
242 2097 312 2142 esse
334 2079 522 2152 concedatur,
545 2093 617 2138 sane
638 2074 779 2155 quicquid
800 2073 865 2155 ipse
886 2075 996 2147 dicitur
1016 2075 1196 2157 cogitatione
1217 2085 1248 2140 et
1269 2077 1358 2142 verbo
1380 2085 1422 2142 tr:

242 2181 366 2256 existet3
388 2199 464 2260 quae
486 2176 634 2240 sententia
656 2176 683 2236 si
706 2184 753 2238 est
774 2175 966 2255 repudianda,
988 2176 1080 2254 igitur
1100 2195 1204 2242 verum
1218 2177 1347 2242 Verbum
1363 2197 1422 2242 esst

241 2283 312 2346 tiale
345 2289 402 2344 est.
450 2278 584 2357 Namque
612 2284 647 2337 ut
666 2294 738 2337 uere
759 2276 847 2338 Pater
869 2284 931 2352 est,
953 2277 994 2338 ita
1015 2296 1084 2340 vere
1106 2287 1154 2340 est
1169 2278 1338 2360 Sapientia.
1385 2281 1422 2342 l:

242 2385 378 2456 allicitur,
400 2390 434 2443 ut
454 2380 514 2442 duo'
538 2379 600 2441 sint
620 2376 709 2439 Pater
730 2376 876 2453 acribus,
898 2396 961 2464 non
982 2397 1054 2440 vero
1077 2377 1167 2455 idem,
1189 2388 1223 2443 ut
1244 2381 1396 2443 contendit
1421 2381 1422 2444 i

240 2484 367 2558 bellius3
389 2482 441 2544 sed
463 2481 552 2542 Pater
572 2487 658 2560 pater
680 2487 735 2554 est,
758 2487 788 2546 et
807 2479 900 2542 Fidus
922 2479 1010 2542 lilius.
1054 2479 1151 2544 Unum
1173 2492 1271 2546 autam
1293 2492 1377 2556 sunt,
1401 2503 1422 2539 r

240 2586 334 2650 Vilius
357 2583 504 2672 essentiae
518 2582 615 2644 Patris
637 2584 744 2646 natura
765 2581 844 2644 lilius
866 2589 914 2644 est
933 2579 1149 2661 propriumque
1170 2583 1381 2648 austerban
1403 2603 1422 2644 ω

241 2689 304 2751 stit
347 2687 382 2748 ld
401 2685 546 2748 Dominus
567 2685 635 2765 ipse
657 2684 769 2747 aiebat:
793 2683 854 2765 liqo
877 2694 906 2746 et
920 2682 1015 2746 Pater
1034 2703 1130 2746 uacat
1152 2703 1267 2750 eumue.
1310 2685 1372 2750 Nec
1389 2703 1422 2747 et

240 2789 372 2852 Verbum
402 2795 570 2866 separatum
598 2803 617 2850 a
637 2785 726 2848 Patre
747 2794 810 2859 est,
832 2803 889 2846 uec
910 2801 1041 2862 unquam
1061 2784 1150 2848 Pater
1172 2785 1238 2849 sine
1259 2786 1386 2850 Rabona
1421 2820 1422 2856 ι

240 2888 339 2960 Verbo
370 2887 425 2948 ibit
451 2887 497 2947 vel
525 2895 582 2962 est.
625 2884 757 2962 Verbum
785 2885 877 2964 igitur
897 2883 977 2948 lleus
1000 2893 1065 2959 est,
1094 2903 1150 2949 nec
1170 2887 1259 2950 Peter
1280 2890 1347 2954 eiua
1369 2889 1422 2952 Vel

244 2997 307 3065 est3
327 2987 408 3050 unde
431 2985 519 3048 dixit:
542 2987 604 3066 qu
626 2990 660 3047 ia
681 2985 775 3049 Potre
798 2997 827 3048 et
848 2985 942 3050 Potor
964 2990 998 3049 ic
1018 3005 1065 3048 aaa
1086 2997 1144 3050 est.

328 3091 358 3154 3.
402 3089 560 3170 Praeterea
575 3073 712 3148 Gbristus
727 3086 857 3149 Verbum
871 3086 925 3149 llei
948 3095 1011 3162 est3
1033 3105 1104 3149 num
1125 3105 1197 3167 ergo
1220 3106 1256 3150 ex
1279 3108 1312 3152 se
1333 3091 1400 3170 ipso
1421 3109 1422 3158 t

241 3192 328 3266 stitit,
351 3190 518 3270 deindeque
539 3188 671 3251 existens
693 3207 760 3252 oum
774 3188 862 3250 Patro
883 3199 932 3251 est
953 3187 1119 3269 copulatus,
1135 3183 1179 3251 ¹an
1193 3207 1264 3254 vero
1278 3189 1358 3254 Deus
1372 3191 1422 3272 ipo

240 3292 312 3356 lecit
333 3302 364 3353 et
385 3291 432 3355 sui
454 3291 549 3370 ipsius
570 3289 700 3352 Verbum
722 3288 903 3371 appellarit?
948 3289 980 3352 Si
1002 3290 1131 3370 primum
1154 3291 1347 3365 concedatur,
1370 3293 1401 3354 id

240 3395 269 3458 si
291 3395 392 3475 seipso
409 3393 528 3456 exstitit
549 3401 579 3456 et
599 3398 648 3454 est
668 3391 759 3466 Deus,
783 3392 842 3456 duo
865 3392 955 3471 igitru
976 3400 1063 3454 erunt
1083 3391 1239 3474 principia,
1261 3412 1318 3458 nec
1338 3393 1388 3456 illa
1421 3395 1422 3456 3

239 3495 296 3558 tris
325 3494 467 3576 proprius
495 3494 566 3572 erit,
600 3501 631 3556 et
651 3493 761 3556 merito
783 3493 920 3574 quidem,
952 3501 1077 3574 utpote
1099 3495 1149 3575 qui
1171 3512 1232 3557 non
1254 3493 1350 3576 ipsius
1371 3495 1422 3558 Pal

242 3597 298 3658 aad
326 3597 372 3659 sui
401 3594 496 3676 ipsius
526 3597 576 3659 sit.
620 3595 757 3669 Quodsi
780 3596 964 3660 extrinsecus
987 3597 1082 3660 lactus
1105 3604 1169 3671 est,
1196 3615 1248 3660 res
1271 3605 1369 3660 ereata
1390 3617 1422 3662 ct

241 3697 309 3761 erit
352 3699 456 3762 Restat
476 3697 592 3778 itaque,
613 3705 647 3760 ut
668 3715 737 3759 eum
759 3716 795 3760 ex
816 3698 885 3779 ipso
906 3697 969 3761 Deo
992 3715 1061 3760 esso
1083 3697 1236 3775 dicamus3
1259 3699 1340 3778 quod
1363 3699 1389 3762 si
1421 3719 1422 3762 t

239 3791 309 3862 rum
328 3809 386 3874 est,
409 3797 513 3860 ‘aliud
535 3817 608 3861 sane
630 3783 718 3862 luerit
739 3798 788 3874 id,
811 3800 890 3879 quod
913 3809 962 3878 est
983 3817 1020 3862 ex
1041 3798 1158 3880 aliquo,
1191 3807 1222 3862 ct
1251 3799 1329 3864 aliud
1358 3800 1405 3874 id,

242 3917 302 3980 quo
327 3910 383 3976 ast,
405 3917 441 3962 ac
460 3899 587 3980 proinde
609 3901 762 3966 latendum
783 3908 832 3964 est
852 3901 911 3966 duo
935 3919 1014 3965 esse.
1057 3900 1132 3964 Nam
1154 3901 1182 3965 si
1196 3901 1255 3965 duo
1271 3920 1332 3966 non
1348 3903 1422 3964 lueri

310 4150 385 4206 *Sic
403 4155 442 4206 bic
460 4161 484 4206 et
500 4168 557 4206 mcx
569 4155 685 4208 Graccum
704 4155 781 4208 secuti
798 4154 932 4216 reddimus,
950 4169 999 4206 aaa
1018 4156 1089 4218 olias,
1109 4164 1135 4208 at
1152 4156 1233 4209 colent
1251 4156 1317 4222 loqui
1335 4154 1360 4204 io
1377 4149 1422 4199 sol

241 4221 369 4286 Tbaoloqi.
404 4223 461 4274 Vide
479 4237 553 4289 supra
571 4238 627 4288 paq.
646 4221 704 4274 553.
723 4221 760 4288 [p.
779 4223 838 4275 467.
856 4224 906 4274 bui.
925 4219 975 4288 ed.]
994 4238 1060 4276 num.
1079 4223 1105 4274 4.

240 4356 342 4419 berner.
364 4356 437 4409 basil.
461 4365 484 4408 at
506 4359 597 4422 tnglle
614 4350 731 4425 ὕφέπη.
765 4358 829 4410 Editi
881 4357 935 4420 qlic.
952 4353 991 4425 μὴ
1010 4349 1095 4408 αὐτοῦ
1112 4355 1162 4407 τοῦ
1178 4351 1293 4423 πατρός.
1328 4351 1356 4400 ln
1374 4337 1422 4392 atiit

239 4417 383 4491 Vltimu-
418 4425 493 4504 Paulo
512 4435 569 4492 poet
586 4427 644 4491 itaq.
661 4427 735 4480 basil.
746 4427 829 4478 mlu-
881 4427 985 4477 editione
1004 4426 1121 4477 Commel.
1138 4424 1189 4476 τοῦ
1208 4427 1282 4476 dccet

203 4515 207 4522 ’
274 4509 402 4556 Armatur
412 4521 545 4560 cremona,
557 4525 607 4560 aaa.
1229 4509 1263 4560 39
