3174 5082
862 271 866 296 l

662 335 833 382 ranararro.
1316 319 1354 382 41

147 485 257 548 multus
278 501 371 550 anuos
394 487 585 568 cogitaverat,
613 487 755 550 librorum
780 483 923 548 delectum
946 482 1085 546 continuo
1108 495 1210 548 mente
1229 485 1358 562 rolrens,

147 585 273 650 selectos
301 588 414 650 iteratis
438 589 549 652 vicibus
572 589 727 671 explorans
748 595 968 664 retractansque
990 593 1019 646 et
1039 583 1086 646 rix
1108 605 1142 647 ac
1162 603 1200 648 ne
1222 587 1269 649 rix
1291 587 1357 668 qui·

147 688 213 750 dem
235 689 295 752 sihi
316 689 515 766 satisfaciens,
550 709 610 754 non
643 691 701 752 nisi
723 688 869 768 locuplete
891 683 1016 765 quadam
1038 685 1107 749 dote
1128 689 1360 752 commendatam

147 788 177 850 in
199 788 295 852 lucem
315 789 462 869 publicam
484 791 659 856 dimissurus
680 791 796 854 luisset.
838 787 930 851 Periit
950 787 1039 864 igitur
1052 804 1146 850 novus
1161 789 1278 868 quidam
1294 792 1358 854 iru-

150 899 216 950 ctus
238 907 342 951 eurum
363 893 540 967 studiorum,
564 893 672 974 quibus
694 901 804 954 uotam
825 888 926 952 aetatis
948 905 1018 950 suae
1039 893 1152 968 partem
1167 891 1358 962 consecravit,

72 1029 77 1040 ·
149 1007 212 1052 non
240 989 361 1070 maguus
388 991 437 1055 ille
466 993 583 1074 quidem
612 995 658 1056 rel
679 991 865 1072 splendidus,
893 990 918 1052 si
940 997 1035 1050 cetera
1057 990 1229 1055 immortehs
1251 992 1306 1054 viri
1327 993 1357 1054 in

153 1091 328 1172 theologiam
350 1094 455 1156 merita
478 1095 647 1168 contuleris,
671 1095 723 1156 sed
746 1101 882 1155 maturus
901 1101 1008 1162 tamen,
1030 1089 1059 1150 id
1081 1092 1159 1170 quod
1179 1093 1356 1173 nequidem

150 1191 245 1256 iudice
262 1194 320 1256 huc
342 1195 493 1258 exordium
518 1204 639 1258 testatur
661 1195 696 1257 ab
719 1196 784 1274 ip‘so
808 1194 902 1256 adhuc
923 1200 1043 1282 auctore
1064 1193 1141 1273 typis
1159 1195 1357 1264 commiscum,

147 1294 329 1374 reliquisque
358 1296 421 1358 eius
448 1298 566 1378 scriptis
593 1297 816 1377 haudquaquam
838 1291 970 1354 inleriur.
1014 1293 1104 1356 Periit
1131 1294 1266 1376 inquam
1293 1297 1358 1359 illae

148 1395 229 1470 enim
259 1415 332 1474 quas
353 1397 410 1459 dixi
431 1399 548 1461 notulae
572 1408 682 1462 tantum
706 1397 791 1460 abest
818 1403 851 1458 ut
877 1378 1031 1458 consilium
1063 1403 1150 1476 atque
1184 1397 1357 1460 seutentiam

148 1495 228 1558 beati
262 1497 317 1558 riri
350 1499 488 1578 prodant,
523 1508 555 1562 ut
586 1501 633 1562 vix
667 1499 735 1579 quid
767 1498 803 1560 de
832 1498 891 1560 buc
917 1497 1003 1558 illore
1031 1507 1204 1576 argumento
1232 1499 1359 1560 lortasse
1394 1540 1397 1546 ·

146 1605 264 1677 praeter
302 1599 355 1660 alia
388 1599 520 1664 dicturus
556 1601 664 1664 luisset
700 1600 846 1664 condicere
876 1598 996 1679 possis,
1033 1615 1128 1680 neque
1161 1607 1278 1677 praeter
1308 1617 1359 1662 aas

147 1698 305 1784 quidqupm
338 1709 448 1774 exstat,
480 1703 559 1782 quud
582 1701 812 1764 continuationis
828 1699 979 1762 materiem
1002 1700 1113 1762 oderat
1161 1699 1243 1773 Quae
1270 1719 1359 1780 quum

145 1799 185 1862 ita
213 1802 289 1875 sint,
319 1821 374 1881 ego
403 1803 556 1882 equidem,
584 1804 629 1866 cui
659 1803 831 1865 secundaria
862 1801 1002 1880 quaedam
1030 1800 1061 1862 in
1088 1802 1147 1864 boc
1173 1819 1263 1882 opere
1286 1820 1358 1882 pru-

145 1901 441 1966 vincia-demandata
469 1904 539 1978 luit,
572 1923 587 1966 a
620 1904 777 1984 bibliopola
801 1911 923 1982 rogatus
948 1911 982 1963 ut
1004 1901 1166 1964 inchoatam
1198 1903 1357 1983 praelatio-

150 2019 217 2064 nem
252 2004 288 2065 ad
318 2005 405 2066 linem
438 2005 649 2085 perducerem,
682 2024 741 2066 nun
774 2005 809 2067 ad
838 2023 902 2066 eam
928 2005 1122 2082 arrogantiam
1152 2003 1358 2085 audaciamque

150 2121 327 2184 progressus
354 2125 420 2169 sum
454 2115 486 2168 ut
513 2105 666 2169 absolvere
694 2125 817 2169 conarer
845 2104 922 2183 quod
952 2112 1048 2166 tantus
1071 2104 1225 2185 theologus
1248 2105 1357 2185 imper-

146 2207 253 2270 fectum
282 2209 418 2288 reliquit,
451 2207 503 2270 sed
534 2208 627 2270 satius
655 2207 730 2282 dixi,
760 2227 811 2283 ea,
846 2223 920 2286 quae
941 2198 1043 2268 beatus
1064 2216 1166 2268 auctor
1187 2207 1252 2288 ipse
1273 2207 1356 2287 prelo

147 2309 309 2372 tradiderat
329 2307 375 2372 rel
397 2319 637 2391 praeparaverat,
665 2309 760 2390 qualia
783 2318 853 2372 sunt
875 2309 979 2370 intacta
1002 2325 1067 2370 cum
1089 2307 1252 2370 lectoribus
1274 2325 1357 2369 com-

146 2411 301 2474 municari.
356 2411 485 2474 Eruditis
519 2421 597 2474 certe
628 2411 730 2490 reique
759 2409 858 2490 gnaris
889 2410 977 2471 breve
1008 2409 1066 2470 hoc
1092 2407 1206 2488 abrupti
1245 2407 1356 2469 exordii

148 2510 298 2590 specimen
320 2522 457 2591 tanquam
479 2521 702 2574 monumentum
724 2512 881 2592 quoddam,
903 2509 980 2590 quud
1003 2509 1204 2590 autequam
1224 2507 1360 2590 ipsesihi

146 2610 261 2674 inscius
282 2613 392 2694 posuit,
416 2615 526 2694 gratius
548 2614 626 2678 baud
649 2613 737 2678 dubie
758 2623 844 2694 atque
866 2611 994 2674 sanctius
1017 2612 1081 2672 lore
1102 2629 1202 2690 spero,
1227 2609 1358 2692 quamsi

146 2714 267 2778 adiectis
289 2714 325 2778 ab
347 2715 440 2780 aliena
462 2737 550 2782 manu
573 2716 662 2778 rebus
684 2715 888 2780 communibus
911 2716 985 2778 etin
1000 2713 1102 2794 vulgus
1118 2713 1197 2776 nutis
1218 2711 1358 2791 amphora

145 2815 259 2878 institui
283 2826 385 2897 coepta
408 2837 514 2882 urceus
537 2819 649 2880 exiiset.
717 2857 723 2870 ·

233 2915 319 2986 Quod
348 2937 419 2978 reru
447 2919 483 2978 ad
505 2919 601 2994 ipsam
622 2917 697 2980 hanc
717 2916 927 2978 Bibliothecam
950 2917 1069 2988 attinet,
1092 2935 1124 2978 ea
1146 2915 1278 2996 quemvis
1302 2913 1356 2988 tri·

151 3011 284 3074 ctissime
305 3015 355 3076 illu
377 3033 446 3074 casu
469 3015 527 3074 hcc
547 3015 674 3074 iacturae
694 3017 798 3076 lecerit
816 3024 848 3076 ut
868 3014 1141 3092 prolegomenurum
1166 3016 1354 3078 commenda-

154 3111 237 3174 tione
259 3120 367 3182 carcat,
388 3121 486 3173 tamen
508 3113 533 3172 si
556 3113 668 3191 coeptis
690 3113 764 3174 deus
784 3111 919 3174 adnuerit
931 3129 1120 3192 progressum
1131 3133 1214 3176 suum
1230 3116 1357 3180 habehit.

150 3211 290 3276 Deiectus
312 3211 390 3274 enim
413 3211 568 3285 librorum,
591 3211 641 3292 qui
662 3212 824 3276 secundum
843 3211 987 3294 principie
1010 3229 1099 3291 supra
1119 3231 1148 3292 p.
1166 3217 1204 3278 te
1222 3233 1286 3295 sqq.
1309 3235 1359 3277 ae-

150 3315 280 3377 curatius
302 3313 444 3396 explicata
466 3313 656 3394 recipientur,
678 3311 787 3377 dudum
808 3315 902 3376 iactus
925 3321 986 3376 erat
1008 3321 1158 3394 antequam
1181 3314 1217 3376 ad
1232 3316 1357 3396 primunt

148 3415 207 3480 boc
226 3416 362 3478 volumen
387 3415 462 3496 typis
486 3414 709 3478 exscribendum
726 3415 921 3494 accederetur,
943 3433 1039 3497 nequa
1054 3415 1225 3481 crediderim
1240 3417 1357 3482 beatum

153 3515 305 3590 editorem,
328 3515 396 3580 licet
416 3516 487 3578 iliud
510 3517 585 3580 diem
607 3518 653 3581 die
675 3519 777 3582 docui
794 3537 859 3582 cum
882 3518 1006 3582 maxime
1025 3517 1061 3580 ed
1076 3519 1268 3600 sepertinere
1284 3541 1356 3586 cen-

153 3626 234 3680 seret
255 3627 284 3680 et
305 3619 340 3680 de
362 3617 537 3698 quibusdam
560 3619 636 3680 lorte
657 3619 752 3682 adbuc
772 3619 916 3684 dubitaret
937 3619 996 3696 (vd.
1018 3639 1049 3702 p.
1064 3622 1138 3698 Ph),
1160 3623 1249 3686 multa
1271 3623 1355 3687 deiu-

151 3735 220 3799 cepe
249 3719 469 3782 immutaturum
499 3719 602 3784 luisse.
646 3719 773 3782 Alterum
802 3720 891 3802 igitur
916 3721 1053 3784 volumen
1081 3721 1147 3804 ipsu
1169 3723 1264 3786 adbuc
1285 3743 1355 3788 sua·

151 3837 221 3882 scre
253 3829 339 3900 atque
368 3829 443 3883 teste
472 3819 600 3902 imprimi
629 3829 765 3901 coeptum
794 3831 824 3886 et
850 3824 905 3884 iam
933 3822 978 3884 ad¹
996 3824 1084 3886 linem
1105 3843 1267 3911 properans
1287 3835 1356 3906 post

148 3937 257 4000 paucas
286 3922 463 4001 septimanas
491 3921 521 3983 in
549 3920 643 3984 lucem
670 3921 816 4002 prodibit,
846 3941 919 4002 quae
946 3923 1057 4004 reliqua
1078 3933 1147 3986 aunt
1168 3926 1240 3998 tria,
1267 3935 1356 4006 prout

148 4039 198 4082 res
220 4020 371 4101 postulare
393 4021 539 4085 ridebitur
560 4029 589 4084 et
610 4031 777 4102 temporum
799 4024 927 4087 rationes
941 4024 1120 4104 permittent,
1142 4035 1312 4106 sequentur.

234 4121 316 4195 Quae
347 4123 467 4188 dicenda
494 4133 607 4186 restant
636 4121 823 4204 paucissimis
844 4124 1041 4188 absolvantur.
1085 4125 1194 4190 Tantus
1218 4127 1354 4190 editionis

149 4221 355 4288 benedictinae
387 4243 476 4306 opera
505 4225 602 4288 lacobi
624 4223 729 4306 Lupini
760 4234 790 4288 et
816 4225 957 4288 bernardi
986 4225 1194 4290 Montlauccnii
1221 4227 1354 4292 Lutetiae

151 4323 332 4388 Parisiorum
359 4329 451 4392 1698.
481 4325 589 4408 publici
617 4325 690 4389 iuris
718 4327 809 4390 laetae
837 4335 894 4389 tem
917 4323 1048 4390 accurate
1068 4329 1211 4410 repetitus
1234 4338 1295 4403 est,
1322 4335 1355 4388 ut

151 4431 270 4506 praeter
289 4409 467 4508 paucissima
489 4427 569 4502 luca,
597 4425 647 4490 uhi
669 4445 758 4509 quum
778 4427 864 4491 lectio
885 4445 901 4490 a
922 4429 1071 4510 prioribus
1094 4429 1271 4496 editionibus
1294 4443 1354 4490 non

150 4525 263 4590 monito
285 4525 393 4592 lectore
416 4529 591 4606 diseederet,
613 4530 712 4593 minus
733 4529 769 4594 de
791 4529 993 4594 emendatione
1007 4531 1193 4612 cogitandum
1207 4533 1356 4598 videretur

1115 4632 1152 4682 ge

1584 2725 1586 2856 t
