3220 5046
250 223 314 288 416
644 197 843 280 κιττῶσαι
855 233 1083 280 nummu

114 405 240 456 ..vm
249 382 370 452 λοιπὸν
389 377 487 470 ἡμεῖς
508 377 555 462 ῶς
575 379 749 468 σῦσσοιμοι
767 380 980 468 τυγχάνοντες
999 406 1062 450 κατ
1059 379 1199 450 ’έκελνο
1221 355 1412 468 σωζάμεθα.
1445 385 1485 453 έν

249 484 361 572 ἐκείνῳ
389 481 450 571 γὰρ
477 479 570 572 ἡμῶν
597 485 651 550 καὶ
675 477 831 572 ὁδηγάς(
816 506 833 550 ο
854 482 966 570 κύριος
988 481 1090 563 εἰς’
1057 507 1116 568 την
1136 483 1311 568 βασιλείαν
1331 487 1399 552 τῶν
1420 481 1484 554 06-

248 589 357 675 ρανῶν
385 587 440 651 καί
468 582 555 670 πρὸς
584 581 644 652 τὸν
666 583 784 650 ἑαυτοῦ
806 590 937 671 πατέρα
962 591 1104 670 γίνεται,
1132 585 1250 671 λέγων·
1279 583 1344 670 ἐγώ
1366 585 1482 675 είμιὴ

249 685 329 768 ὁδὸς
348 681 444 754 καίς
426 713 445 772 η
468 685 604 770 θῦρα“),
633 687 689 754 καὶ
711 680 792 752 δι”
778 688 858 770 εμοῦ
880 687 933 754 ἀεῖ
954 683 1085 766 πάντας
1106 685 1278 765 ελςελθείν.
1316 683 1400 756 ὅθεν
1421 693 1480 758 καί

249 786 462 877 πρωτότοκος
489 787 617 874 λέγεται
644 787 749 854 πάλιν
770 785 892 854 ἐκτῶν
914 790 1050 873 νεκρῶν,
1074 781 1132 871 οῦχ
1154 784 1210 855 ὅτι
1229 791 1364 875 πρῶτος
1384 787 1482 878 ἡμῶν

248 887 413 969 ἀπέθανε,
435 887 752 1008 neomflmjxetusv·
754 887 816 976 γὰρ
833 883 938 976 ἡμεῖς,
962 883 1031 956 ἀλλ’
1049 884 1103 956 ὅτι
1116 887 1174 957 τὸν
1188 884 1284 1010 ὑπὲρ
1288 885 1381 976 ἡμῶν
1397 886 1481 958 ἀνα-

250 992 425 1079 δεξάμενος
445 987 596 1058 θάνατον
617 991 671 1057 καί
693 992 813 1057 τοῦτον
828 987 1035 1111 καταργήσας
1056 986 1201 1078 ἀνέστη·
1207 993 1343 1077 πρῶτος
1357 987 1405 1072 ῶς
1417 991 1480 1060 ἀν-

248 1099 401 1181 θρωπος,
433 1086 518 1177 ὑπὲρ
500 1086 645 1180 ρῆμῶν
676 1084 864 1180 ἀναστήσας
895 1089 935 1157 τὸ
963 1090 1081 1158 ἑαυτοῦ
1111 1095 1229 1178 σῶμα·
1261 1091 1382 1162 λοιπὸν
1414 1095 1479 1188 γὰρ

250 1192 452 1274 ἀναστάντος
474 1193 607 1274 ἐκείνου,
629 1186 707 1260 καθ’
732 1191 806 1278 ἑξῆς
826 1190 883 1258 καὶ
903 1188 999 1281 ἡμεῖς
1020 1187 1078 1260 ἀπ’
1103 1192 1227 1262 έκείνον
1247 1193 1305 1264 καὶ
1326 1189 1367 1262 δι’
1392 1195 1480 1265 έκεῖ-

249 1315 310 1368 νον
330 1298 365 1368 ἐκ
384 1300 452 1367 τῶν
474 1298 596 1384 νεκρῶν
615 1293 824 1382 έγειρόμεθα.

335 1407 385 1470 62.
429 1398 472 1466 Εἰ
503 1400 539 1468 δέ
560 1399 635 1465 1’καί
657 1390 870 1484 πρωτότοκος
891 1396 960 1517 τῆς.
969 1391 1136 1477 κτίσεωςἿ
1159 1397 1301 1483 λέγεται,
1325 1390 1395 1464 ἀλλ’
1420 1393 1479 1482 οῦχ

250 1503 296 1584 ῶς
318 1501 528 1588 έξισοῦμενος
547 1511 621 1580 τοῖς
641 1505 800 1622 κτίσμασι
814 1495 870 1566 καὶ
882 1500 1018 1584 πρῶτος
1032 1492 1142 1566 αὐτῶν
1155 1497 1369 1586 κατὰχρόνον
1382 1509 1479 1587 πρω-
1589 1503 1590 1568 ⁸

253 1605 389 1727 τότοκρς
410 1606 540 1690 λέγεται
562 1605 648 1682 (πῶς
668 1599 747 1689 γάρ,
771 1597 895 1687 ῦπονγε
916 1597 1095 1686 μονογενής
1116 1599 1206 1668 έστιν
1228 1595 1477 1724 αῦτόςς),ῃάλλα

164 1729 241 1774 νῃιεο
252 1705 370 1774 δῶτ’
336 1733 394 1794 την
422 1704 509 1789 πρὸς
530 1703 572 1771 τὰ
592 1709 756 1786 κτίσματα
778 1699 1021 1822 σογκατάβασιν
1042 1705 1102 1768 τοῦ
1124 1702 1238 1789 λόγου,
1261 1697 1375 1770 καθ’
1361 1701 1400 1794 ἡν
1422 1708 1475 1772 καί

251 1807 387 1874 πολλῶν
408 1810 538 1891 γέγονεν
561 1798 770 1891 ἀδελφός.“
753 1827 772 1868 ο
793 1802 855 1891 γάρ
876 1825 931 1870 τοι
951 1803 1138 1892 μονογενής,
1161 1798 1220 1873 οῦκ
1240 1802 1346 1874 ὄντων
1367 1803 1476 1874 ἀλλων

138 1912 143 1924 ’
250 1901 415 1994 ἀδελφῶν,
436 1903 614 1992 μονογενής
629 1903 728 1986 έστιν,
746 1899 764 1970 6
780 1905 816 1971 δέ
830 1904 1044 1991 πρωτότοκος
1059 1905 1116 1974 διὰ
1129 1904 1207 1988 τοῦς
1227 1905 1365 1988 ·ἀλλονς
1381 1904 1476 1978 ἀδελ-

249 2007 336 2099 φοῦς
362 2005 574 2095 πρωτότοκος
601 2007 739 2092 λέγεται.
783 2005 840 2098 έρά
860 2009 959 2080 τοῦτο
979 2010 1058 2094 γοῦν
1082 2002 1229 2093 οῦδαμοῦ
1251 2013 1318 2078 τῶν
1338 2015 1475 2098 γραφῶν

250 2111 380 2199 εἴρηται
400 2108 614 2196 πρωτότοκος
634 2111 693 2176 τοῦ
714 2111 800 2176 θεοῦ
824 2102 901 2176 0666
922 2115 1044 2194 κτίσμα
1064 2112 1124 2178 τοῦ
1145 2114 1240 2192 θεοῦ,
1263 2106 1349 2179 ἀλλὰ
1362 2111 1401 2178 τὸ
1414 2136 1475 2197 μο·

248 2212 382 2301 νογενὴς
403 2211 458 2280 καί
479 2209 519 2278 τὸ
540 2209 613 2290 υἱὸς
634 2212 688 2278 καί
713 2204 731 2276 6
754 2209 852 2298 λόγος
872 2212 927 2278 καὶ
949 2206 969 2296 ἡ
992 2217 1098 2300 σοφία
1120 2211 1247 2292 είςτάν
1269 2220 1398 2302 πατέρα
1417 2213 1475 2303 τὴν

248 2310 421 2405 ἀναφορὰν
443 2313 509 2398 ῦχει
529 2312 586 2382 καὶ
606 2311 664 2402 τὴν
687 2311 876 2400 Ιἰδιότητα·
899 2310 1119 2398 ἐθεασάμεθα
1140 2312 1202 2401 γὰρ
1223 2313 1283 2402 τὴν
1305 2315 1403 2396 δόξαν
1417 2311 1476 2384 αῦ·

205 2425 209 2432 “
247 2417 317 2498 τοῦ,
343 2415 442 2496 δόξαν
465 2412 511 2495 ῶς
531 2417 730 2502 μονογενοῦς
751 2413 845 2500 παρὰ
866 2413 1034 2500 πατρός’),
1057 2421 1130 2482 καί·
1151 2410 1346 2486 ἀπέστειλεν
1361 2414 1380 2484 6
1394 2418 1476 2498 θεὸς

247 2517 308 2584 τὸν
329 2517 402 2586 υἱὸν
423 2511 525 2583 αῦτοῦ
547 2517 606 2584 τὸν
627 2518 828 2604 μονογενῆἾ,
851 2522 922 2584 καί·
945 2515 994 2596 είς
1013 2515 1072 2584 τὸν
1086 2517 1202 2599 αίῶνα,
1223 2518 1322 2606 ιαῦριε,
1346 2515 1475 2606 ῦλόγος

248 2639 311 2685 σου
333 2619 521 2708 ἀιαμένεῶ),
544 2624 633 2684 'nal‘
656 2616 690 2684 έν
714 2607 857 2705 ἀρχῇῆν
879 2613 898 2683 6
920 2616 1027 2705 λόγος,
1049 2621 1103 2687 καί
1120 2611 1400 2706 ὁλόγοςῆνπρὸς
1413 2620 1472 2687 τὸν

247 2719 377 2800 θεόν’),
399 2724 473 2786 καί·
494 2717 643 2805 Χριστὸς
663 2722 747 2787 θεοῦ
771 2718 909 2804 δύναμις
928 2722 983 2787 καί
1004 2724 1089 2789 θεοῦ
1110 2727 1215 2810 σοφία
1223 2724 1261 2801 Ἶ,
1282 2725 1351 2786 καί·
1373 2709 1471 2798 οῦτός

249 2821 340 2891 έοτιν
362 2817 381 2888 6
403 2819 475 2900 υἱός
494 2843 559 2908 μου
583 2816 600 2890 6
624 2815 834 2910 ἀγαπητόςἾ,
849 2827 928 2890 καί·
952 2821 992 2890 σὺ
1015 2817 1045 2891 ελ
1067 2818 1087 2889 6
1107 2821 1253 2910 Χριστὸς
1274 2816 1293 2887 6
1314 2819 1385 2902 υἱὸς
1408 2824 1469 2887 τοῦ

247 2927 333 2994 θεοῦ
364 2925 424 2991 τοῦ
458 2923 617 3005 ζῶντοςἽ.
662 2920 701 2990 τὸ
728 2924 764 2991 δέ
791 2921 1005 3010 πρωτότοκος
1033 2923 1081 3004 είς
1111 2924 1170 3014 τὴν
1195 2929 1300 2993 κτίσιν
1329 2921 1449 3008 ἔχει
1415 2949 1473 3011 την

247 3025 524 3150 ’σνμιατάηλασιν
546 3020 647 3114 αῦτῆς
667 3024 729 3113 γὰρ
750 3051 807 3092 και
827 3025 1041 3148 πρωτότοκος
1060 3025 1192 3115 έίέχθη.
1229 3030 1283 3094 καί
1304 3025 1344 3093 τὸ
1366 3025 1471 3094 ἔκτισε
1496 3099 1498 3104 ,

248 3131 286 3198 δέ
308 3126 412 3209 εἰς’
376 3155 419 3196 τα
442 3126 574 3215 έργα“
540 3155 599 3216 την
618 3127 715 3213 χάριν
738 3127 818 3211 ἔχει·
842 3121 951 3207 εἰς’
911 3126 996 3196 αντὰ
1010 3126 1071 3215 γὰρ
1086 3152 1142 3196 και
1134 3127 1327 3210 κτίζεται
1327 3140 1348 3210 ).
1371 3127 1402 3196 εί
1414 3129 1472 3212 μέν

247 3221 328 3298 ὀῦν
348 3229 526 3320 μονογενής
548 3225 692 3310 έστιν,’
671 3226 781 3315 ῶςπερ
805 3219 862 3296 οῦν
883 3231 937 3296 καὶ
961 3229 1061 3310 ἔστιν,
1084 3229 1317 3317 έρμηνενέσθω
1330 3229 1474 3316 τὸπρεο·
1531 3258 1537 3272 ·

201 3408 208 3422 ·
247 3329 401 3410 τότοκος,
425 3331 455 3397 ελ
477 3332 514 3396 δέ
534 3329 748 3415 πρωτότοκός
769 3331 855 3412 ἐστι,
877 3329 923 3419 μὴ
945 3332 1031 3398 έστω
1052 3331 1239 3420 μονογενής.
1277 3327 1315 3400 οῦ
1338 3330 1473 3398 ἀῦναται

247 3429 309 3516 γὰρ
334 3426 352 3498 6
375 3425 474 3508 αὐτὸς
494 3428 672 3517 μονογενής
692 3457 729 3500 τε
749 3436 803 3500 καὶ
826 3433 1039 3520 πρωτότοκος
1060 3427 1160 3515 εἶναι,
1184 3433 1280 3522 τίμὴ
1302 3431 1369 3520 ἀρα
1389 3430 1472 3517 πρὸς

191 3599 196 3618 Ι
249 3527 331 3596 ἀλλο
362 3533 416 3596 καί
450 3527 547 3612 ἀλλο,
581 3531 638 3598 ἵνα
663 3532 842 3621 μονογενὴς
869 3535 929 3617 μέν
953 3533 1009 3602 διὰ
1029 3533 1088 3620 τὴν
1110 3534 1146 3602 έκ
1166 3533 1295 3622 πατρὸς
1315 3539 1470 3620 γέννησιν,
1547 3525 1558 3550 ’

249 3626 359 3717 ῶςπερ
382 3631 520 3718 εἴρηται,
543 3631 755 3718 πρωτότοκος
777 3635 813 3702 δὲ
835 3633 893 3701 διὰ
913 3633 972 3724 τὴν
993 3635 1041 3714 είς
1062 3634 1120 3724 τὴν
1142 3642 1249 3704 κτίσιν
1271 3631 1472 3720 σογαατάβα·

248 3753 303 3799 σιν
326 3733 399 3799 ικαὶ
421 3730 479 3819 την
500 3736 567 3801 τῶν
589 3736 724 3802 πολλῶν
746 3730 1020 3824 ἀῦελφοποίησιν.
1059 3731 1173 3822 ἀμέλει
1194 3740 1261 3804 τῶν
1276 3735 1335 3803 660
1349 3733 1471 3801 τούτων

249 3827 356 3922 ῥητῶν
384 3828 614 3919 ἀντικειμένων
643 3830 812 3924 ἀλλήλοις,
840 3847 971 3924 κρατεῖν
1002 3835 1042 3906 ἀν
1069 3863 1121 3918 τις
1143 3839 1238 3908 εἴποι
1259 3838 1395 3915 δικαίως
1416 3833 1470 3901 ἐπί

319 4007 426 4067 ίίλοιιι.
448 4009 487 4066 14,
505 4007 537 4072 63
556 4009 597 4070 10,
615 4010 638 4061 9.
692 4009 826 4068 molon.
847 4010 870 4070 1,
889 4011 929 4060 15.
982 4011 1087 4072 θλίοειι.
1109 4013 1131 4072 ί,
1152 4012 1192 4061 14.
1244 4009 1270 4070 λ)
1290 4005 1473 4070 1.1οιιι.4,9.

249 4075 359 4135 6661
376 4071 672 4144 11911181xx189.
724 4077 834 4136 θΗοεο
857 4079 1108 4138 1,1.2ί1..ί3οε
1128 4080 1151 4140 ί,
1170 4079 1209 4129 24.
1262 4076 1388 4135 Θίίίεῑιῦ.
1400 4073 1471 4134 3,12.

249 4153 273 4192 ει
293 4143 332 4206 λ’ί,
350 4145 373 4193 5.
443 4145 469 4204 9)
488 4145 568 4196 matth.
589 4146 629 4207 16,
649 4145 688 4196 16.
760 4145 801 4205 λθ)
820 4115 887 4196 Prov'.
906 4145 931 4208 8,
950 4146 991 4197 22.

283 4277 306 4310 α
333 4261 472 4325 senuerim.
497 4262 617 4329 πρῶτον.
663 4261 709 4314 Alii
732 4269 756 4313 εί
780 4264 837 4314 editi
923 4279 943 4312 ε.
962 4265 1062 4325 Sflguer
1081 4227 1203 4316 πολλοῦς.
1239 4260 1314 4311 Paulo
1338 4266 1449 4324 poste
1412 4259 1473 4310 idem

247 4341 412 4448 πρῦτέῦῦὸι
430 4414 480 4450 εει.
499 4399 610 4458 Romo
576 4395 673 4448 Gobler
690 4397 795 4447 Felckm.
815 4397 837 4447 1.
888 4327 964 4446 6366.
961 4329 1083 4396 ww
1094 4327 1208 4397 urm
1236 4321 1474 4394 mmmmm

363 4415 449 4518 ιίῦίε
468 4473 491 4515 ει
508 4464 579 4512 εέίὶιι
596 4457 643 4510 καί
659 4463 734 4513 dem
923 4465 946 4514 d
964 4465 1036 4515 Βεείί.
1054 4458 1206 4525 ἀϊέιέτητα.
