3220 5046
557 299 666 344 orsum
681 299 703 344 1.
719 299 834 346 onnam
848 299 984 344 munos.
1313 287 1371 352 ldl

147 452 275 527 amau,
311 451 360 532 qui
383 451 535 514 Christum
562 457 686 530 propter
712 403 905 512 noaluotum
922 455 1161 534 promogenitum
1183 467 1223 516 eu
1243 455 1458 518 norisianas.

147 553 259 636 negati
303 553 362 630 Qui
383 571 455 616 vero
477 551 543 614 fieri
565 557 674 630 polest,
696 559 729 612 ut
750 551 790 624 is,
811 551 861 630 qui
883 569 1052 631 gomanum
1073 571 1108 614 ae
1128 571 1229 616 rerum
1249 551 1317 616 lldii
1340 571 1376 616 ex

146 658 235 722 Putre
257 654 479 736 generationem
500 651 587 730 plane
609 651 742 730 ignaram
764 651 840 714 eirea
863 652 996 718 eiusdem
1017 673 1194 736 corporeum
1216 656 1376 720 adrentum

61 790 66 799 ·
148 777 210 822 oon
232 754 335 820 arreti
377 755 420 816 lta
443 755 522 816 euim
544 761 575 814 el
596 751 666 815 olim
687 753 799 826 ludaei,
820 763 977 832 postquam
993 755 1120 820 Verbum
1141 767 1325 838 negaveramt
1344 765 1378 820 et

148 861 303 922 dixerunt:
324 855 395 918 Non
417 854 558 917 duleum
573 851 681 933 Regem
702 857 764 914 uisi
779 853 945 931 Casuram,
967 855 1058 918 rebus
1072 859 1210 922 omnihus
1232 861 1373 924 ooutinuo

151 958 271 1040 spoliati
293 964 371 1030 sunt,
392 975 426 1018 ao
446 955 512 1018 luae
533 953 680 1028 lucernae,
704 955 846 1032 unguenti
868 955 970 1026 odore.
996 956 1173 1036 Prophetiaa
1194 961 1372 1042 cognitione,
1455 959 1460 966 ’

152 1059 276 1140 ipsaque
302 1058 423 1120 veritate
450 1055 523 1126 nudi
551 1063 623 1118 sunt
642 1054 794 1129 destituti,
827 1055 877 1135 qui
905 1063 935 1118 et
960 1057 1054 1118 modo
1080 1058 1154 1120 nihil
1180 1061 1374 1141 intelligentes

152 1169 290 1240 tunquam
312 1158 342 1220 in
364 1156 496 1221 tenebris
518 1155 677 1218 ambulant.
721 1157 880 1219 Enimvero
902 1157 969 1237 quis
993 1157 1060 1220 talia
1089 1159 1201 1222 audivit
1221 1165 1375 1242 unquam?

148 1263 207 1323 Aut
228 1259 306 1324 unde
327 1260 375 1324 ael
402 1278 419 1322 a
445 1277 505 1339 quo
532 1259 655 1321 huiusne
683 1259 818 1322 haeresis
847 1243 1016 1322 adallatores
1044 1259 1218 1324 muneribus
1246 1268 1376 1352 norrupti

147 1362 204 1424 ista
227 1359 382 1424 didioerel
425 1361 501 1434 Quis
522 1359 611 1433 illos,
635 1379 702 1422 uum
725 1359 910 1423 Christianae
931 1359 1082 1442 religionis
1105 1361 1259 1426 elementis
1282 1363 1377 1426 insor-

147 1461 314 1536 mabuntur,
336 1463 493 1542 quicquam
515 1461 612 1523 simile
633 1460 757 1523 doeuitl
794 1461 870 1535 Quis
891 1461 949 1524 illis
971 1461 1060 1524 dixit:
1081 1463 1193 1526 Rerum
1216 1475 1378 1528 ereetumm

149 1563 228 1626 enlm
251 1562 386 1637 dimisso,
407 1563 515 1626 iterun
539 1562 668 1624 accedite
691 1569 722 1624 nt
742 1581 807 1624 rem
823 1573 950 1624 creatam
966 1571 996 1624 et
1010 1564 1115 1626 laeum
1131 1564 1260 1628 colatis?
1289 1567 1377 1639 Quod

148 1666 173 1726 si
196 1663 254 1745 ipsi
280 1683 360 1726 nunu
387 1664 516 1744 primum
543 1663 616 1726 haee
643 1681 676 1724 se
703 1663 806 1726 audire
833 1666 978 1738 latentur,
1012 1683 1073 1727 non
1102 1684 1175 1744 ergo
1197 1667 1374 1744 inficientur,

147 1768 272 1831 alienam
295 1786 363 1832 esse
391 1767 503 1830 benene
530 1764 677 1827 haeresim
700 1783 796 1844 neque
819 1784 836 1826 a
858 1765 994 1828 Patribus
1017 1767 1163 1830 nuditum.
1209 1768 1296 1842 Quod
1318 1789 1374 1834 au·

148 1879 206 1934 tem
228 1889 245 1931 a
267 1869 403 1932 Patribus
425 1868 564 1930 traditum
584 1885 647 1928 non
669 1875 724 1942 est,
746 1867 799 1930 sed
820 1867 983 1930 novissime
998 1876 1046 1931 est
1061 1867 1266 1949 ermgitatum
1290 1873 1373 1936 mim

148 1989 259 2050 quaeso
281 1969 398 2050 generis
421 1989 490 2032 esse
512 1969 692 2032 censendum
716 1977 779 2043 est,
808 1987 895 2050 quum
923 1970 1004 2042 eius,
1033 1969 1070 2032 de
1091 1990 1151 2051 quo
1174 1972 1248 2035 dixit
1268 1973 1373 2038 heatus

148 2072 271 2134 Paulus:
295 2072 333 2134 lar
350 2057 514 2153 pertruaris
538 2073 722 2153 ternporidus
745 2073 897 2134 discedent
914 2073 1035 2153 quidum
1049 2091 1068 2134 o
1083 2092 1160 2135 sonu
1180 2073 1250 2154 fide,
1274 2085 1374 2138 otten-

98 2163 110 2185 '
150 2175 248 2238 dentes
270 2177 430 2254 spiritibus
452 2177 573 2236 erroris
595 2183 625 2236 et
647 2173 795 2234 doctrinis
818 2173 1061 2246 menoaiorem,
1088 2177 1122 2234 iae
1150 2173 1308 2256 lypuen'ri
1327 2175 1375 2238 lo-

149 2278 299 2354 meadum
320 2277 521 2346 mendatium,
550 2285 578 2336 et
607 2277 807 2339 materterae·
834 2273 1009 2336 dolentium
1035 2291 1124 2336 auom
1154 2279 1374 2349 conedralium,

148 2384 176 2437 el
197 2380 400 2438 evertentium
420 2393 451 2436 ee
472 2393 492 2435 o
513 2371 665 2438 amiota?

234 2477 265 2537 9.
308 2473 383 2536 Eure
405 2473 484 2534 euim
505 2493 562 2534 nos
583 2474 700 2554 quidem
724 2494 759 2536 ex
782 2473 890 2537 divinis
912 2474 1075 2555 Scripturis
1108 2473 1200 2538 libere
1227 2483 1258 2538 et
1278 2477 1374 2539 noud-

150 2577 255 2638 deuter
275 2576 312 2638 de
334 2575 382 2655 pia
404 2585 543 2654 rectaque
562 2575 620 2637 lide
641 2575 798 2656 loquimur,
820 2594 908 2656 quam
924 2585 953 2640 et
967 2585 1104 2658 tanquam
1119 2577 1376 2660 lundunam-snper

149 2678 355 2741 candelabrum
377 2677 567 2749 collotenus,
589 2677 737 2740 dieentes:
760 2677 852 2739 Filius
874 2697 964 2740 uerus
986 2687 1089 2742 natura
1112 2687 1142 2740 et
1163 2680 1309 2760 genuinus
1327 2691 1375 2744 est

148 2779 243 2842 Patris
266 2781 389 2860 eiusque
412 2776 594 2840 substantiae
609 2780 759 2860 proprius,
782 2779 931 2860 Sapientia
946 2781 1106 2860 unigenita,
1130 2782 1256 2844 Verbum
1271 2801 1373 2846 verum

148 2900 183 2944 au
204 2881 321 2944 unicum
344 2881 398 2942 liei
420 2882 486 2960 ipse
508 2888 570 2954 ost,
593 2898 652 2941 non
675 2900 725 2942 res
748 2890 845 2942 ereata
866 2882 911 2942 uel
934 2883 1026 2955 laeta,
1059 2882 1114 2943 sed
1134 2883 1276 2961 proprius
1298 2883 1373 2946 sula-

148 2982 274 3044 stnntiae
296 2983 393 3044 Petris
414 2981 502 3043 letus.
547 2979 692 3054 Quocirca
714 2981 794 3042 Deus
817 2992 865 3043 est
885 3001 972 3044 verus
994 3000 1125 3060 veruque
1139 2982 1220 3043 Patri
1241 2983 1374 3044 consub-

150 3083 296 3146 stantialis
318 3083 428 3146 existit.
472 3081 526 3144 dlii
549 3091 657 3154 autem,
680 3081 788 3160 quibus
811 3083 933 3144 dieitur:
956 3083 1018 3162 lipo
1038 3085 1118 3144 dimi:
1140 3084 1194 3144 Dii
1207 3087 1288 3154 estis,
1310 3082 1376 3144 Filii

147 3185 368 3264 perspiritum
390 3183 548 3264 participes
572 3191 683 3244 mutum
706 3183 775 3244 lauti
797 3183 873 3245 hano
893 3203 909 3244 a
926 3184 1012 3246 l'atre
1027 3182 1136 3244 liabent
1157 3181 1289 3261 patiam.
1323 3182 1371 3246 Fi·

148 3307 226 3368 puro
249 3288 327 3348 enim
350 3297 396 3349 est
417 3287 605 3350 substantioe
627 3284 739 3358 Patris,
762 3285 811 3346 lux
833 3305 868 3346 ex
887 3286 970 3358 luae,
999 3283 1091 3346 virtus
1114 3291 1144 3345 et
1164 3301 1233 3345 vera
1255 3293 1458 3348 ratumenna

148 3389 243 3450 Patris
265 3390 372 3468 imago.
416 3388 449 3450 ld
471 3388 549 3450 enim
571 3389 637 3468 ipse
659 3387 804 3448 llominas
825 3387 913 3450 dixit:
950 3388 1014 3462 Qui
1031 3405 1078 3448 aue
1100 3387 1189 3459 uidit,
1218 3389 1294 3452 uidit
1314 3387 1375 3451 Pu-

150 3504 234 3556 trem.
266 3492 392 3571 Semper
413 3492 484 3552 item
506 3491 561 3553 luit
582 3498 611 3552 et
633 3497 691 3562 est,
713 3508 749 3550 uo
769 3509 919 3570 nunqnam
941 3509 1003 3552 uon
1017 3489 1088 3564 luit3
1110 3507 1176 3552 uum
1193 3489 1271 3550 enim
1286 3490 1375 3552 Pater

149 3601 287 3654 aeternus
310 3591 358 3661 sit,
382 3591 446 3653 aius
468 3611 586 3671 quoque
602 3591 729 3653 Verbum
752 3600 784 3652 et
797 3591 977 3672 Sapientiam
993 3577 1139 3656 aeternam
1159 3609 1229 3652 esse
1251 3609 1374 3654 necesse

150 3701 204 3756 est.
249 3694 292 3755 llli
315 3711 386 3754 vero
409 3693 478 3772 qnid
502 3694 618 3756 tandem
641 3693 729 3754 nobis
753 3712 788 3754 ex
814 3694 939 3755 nefanda
962 3693 1064 3756 Thalia
1086 3700 1195 3773 queant
1216 3691 1374 3772 prolerre?
1429 3767 1434 3778 ³

149 3795 220 3858 llam
242 3795 347 3856 saltem
369 3795 452 3874 prius
475 3794 572 3873 legant
594 3793 751 3874 seripturis
772 3813 872 3856 mores
894 3795 1010 3868 imitati,
1032 3804 1066 3857 ut
1086 3793 1131 3856 rel
1153 3793 1190 3856 ab
1213 3793 1277 3855 aliis
1293 3793 1373 3856 irrisi

150 3983 174 4031 iu
198 3997 257 4032 mss.
276 3983 374 4040 Sugitur.
393 3987 417 4028 et
435 3980 525 4040 doglin
561 3981 587 4029 lo
606 3981 660 4030 aliie
678 3996 734 4030 aero
820 3981 844 4032 lr.
864 3974 879 4028 ὃ
896 3973 990 4050 κύριος
1006 3982 1075 4032 abest
1092 3997 1104 4030 a
1119 3980 1215 4030 center.
1235 3988 1258 4028 et
1270 3980 1373 4032 Felelm.
1456 3999 1464 4024 e

150 4049 412 4108 eraditisriclegltor:
430 4041 582 4114 δαιμόνων,
602 4040 735 4114 hurupe-
788 4049 811 4098 l.
841 4050 890 4098 tter
910 4051 1051 4108 septam-ian.
1070 4050 1209 4100 Gulrlerlan.
1227 4056 1250 4096 et
1269 4049 1373 4098 Felelm.

151 4111 270 4184 φόμινοι
288 4109 341 4178 τὴν
357 4108 495 4176 ἀλήθειαν.
789 4117 797 4166 l
836 4107 993 4176 ἆεῖἠνκαὶ
1010 4109 1069 4164 lura
1116 4115 1258 4166 Felelm.2.
1278 4122 1300 4163 el
1317 4117 1373 4163 editi

185 4191 199 4234 t.
225 4189 322 4248 sagene.
348 4177 393 4234 int
417 4177 468 4244 τὴν
491 4176 590 4250 lupara
614 4183 734 4250 τίθεμεν.
787 4175 829 4234 ἀεὶ
854 4179 884 4233 δὲ
906 4179 953 4233 sul
976 4177 1043 4236 lure.
1084 4184 1129 4235 llil
1153 4175 1196 4234 alul
1218 4177 1248 4232 dt
1273 4169 1307 4242 ἢν
1328 4177 1374 4230 ael

150 4255 215 4304 ldeut
236 4255 293 4304 ilnid.
312 4263 335 4303 el
353 4253 450 4306 Goeller.
463 4253 566 4302 l'eleltm.
578 4253 597 4300 l.
611 4261 634 4302 el
643 4253 734 4303 tuelle.
787 4247 853 4304 ἴση.

147 4315 194 4370 καὶ
210 4315 330 4387 γνήσιος.
367 4322 428 4370 Editr
453 4331 477 4370 et
494 4323 534 4370 alii
551 4315 599 4369 καί
615 4325 735 4372 omittunt.
822 4323 838 4371 i.
862 4321 903 4370 sie
920 4321 1012 4385 Seguer
1030 4319 1168 4371 Gobleriau.
1188 4326 1212 4367 el
1230 4316 1334 4365 Feli-lam.
1350 4315 1372 4362 l.

183 4405 197 4450 g
223 4389 426 4452 &periniurium
445 4391 542 4439 coetae.
563 4389 735 4439 etia-lelund.
787 4387 814 4438 dt
834 4391 874 4439 slei
899 4398 922 4440 at
941 4391 997 4439 editi
1024 4378 1102 4435 αὐτοὶ
1125 4382 1155 4435 di
1179 4377 1235 4449 apa
1252 4373 1371 4445 alipta.

146 4453 231 4574 pe'vp.
266 4458 342 4508 Paulo
356 4467 417 4544 post
435 4458 574 4520 Sugueriau.
589 4451 734 4526 χαρακτήρ
788 4462 888 4520 segnes.
908 4459 965 4508 ibid.
984 4447 1152 4504 amieriam
1170 4444 1277 4500 aaziae.

163 4537 215 4578 aas.
1243 4567 1246 4574 .

182 4617 309 4660 trunam
321 4624 373 4658 err.
385 4623 455 4656 noes.
469 4623 518 4654 ssu.
1141 4601 1170 4648 ll
