3102 5042
505 259 615 303 oanrro
632 259 670 304 rr.
687 259 951 308 conraaamunos:
1178 327 1183 338 x
1264 255 1326 320 645
1411 320 1413 328 ,
1493 311 1495 318 .

91 413 179 496 apud
189 411 323 475 Esaiam:
348 409 480 473 Contodo
497 409 603 472 dilecto
619 415 766 474 continuio
781 411 883 475 dilecti
894 417 997 478 orbam
1011 419 1102 480 mooe.
1139 419 1229 486 Viaco
1242 426 1413 504 fortanus,

90 526 143 578 est
167 513 276 578 dilecto
299 510 379 590 (quis
400 517 499 572 autem
520 509 643 574 dilectus
665 520 712 574 est
732 521 850 592 praeter
863 513 970 578 Filium
992 518 1226 599 unigenitum),
1249 532 1282 586 nt
1295 523 1327 586 in

91 617 218 678 Psalmo
241 613 406 676 centesimo
428 629 509 674 nono
531 613 672 676 babetur:
705 613 753 677 iim
779 625 868 680 utero
890 630 961 682 ento
983 618 1159 700 don'sarcm
1179 629 1270 704 paoni
1289 637 1326 700 te,

90 721 131 781 de
156 738 219 799 quo
241 721 348 797 postea
369 714 486 804 dicendi
506 715 591 777 locus
614 715 681 788 erit
705 725 735 778 et
755 715 787 777 in
808 715 996 781 Proverbiis:
1019 721 1096 786 dota
1119 741 1219 787 omnes
1236 725 1328 790 collas

87 825 270 902 piperitide,
293 825 324 880 et
343 815 422 896 apud
443 815 609 878 Danielem:
631 815 671 879 Bt
693 822 803 899 species
826 824 932 900 qoorti
951 821 1061 885 sainiiia
1077 823 1155 888 Filio
1170 825 1235 900 Dei,
1257 827 1327 908 plu-

90 941 193 1002 raque
215 920 279 982 alia.
323 918 355 981 Si
378 935 450 998 ergo
472 937 509 980 ex
529 918 622 980 veteri
637 919 829 982 Testamento
851 921 963 1001 petitur
984 925 1153 1006 antiquitas,
1175 930 1328 992 latendum
1353 987 1359 994 ,

65 1024 205 1104 ,utique
226 1028 272 1084 εει
293 1021 446 1100 antiquum
467 1019 574 1082 Filium
594 1038 680 1095 esse,
714 1039 781 1083 cum
808 1023 908 1084 multis
937 1025 968 1086 in
989 1025 1064 1088 locis
1085 1030 1194 1092 veteris
1217 1032 1415 1100 Testa-noa.

94 1125 194 1188 menti
216 1131 475 1187 commemoretur.
520 1123 585 1199 „lta
606 1131 668 1198 est,
697 1123 849 1202 inquiunt,
878 1124 932 1187 sed
959 1127 1015 1189 ista
1043 1132 1217 1210 prophetice
1249 1132 1327 1197 diota

95 1234 245 1302 ,‚sunt;‘·
270 1242 341 1305 ergo
364 1234 395 1287 et
415 1223 462 1286 illa
484 1223 596 1304 pariter
617 1223 765 1286 doveano
780 1226 951 1306 prophetice
972 1241 1135 1294 memorata
1156 1241 1235 1296 suut.
1266 1237 1328 1298 Nec

96 1329 181 1390 enim
202 1335 303 1390 unum'
318 1327 493 1408 prophetice
513 1335 560 1389 est
581 1325 707 1400 dictum,
736 1326 814 1389 aliud
843 1347 913 1390 vcro
941 1349 1003 1392 non
1024 1333 1208 1412 prophetiae.
1251 1337 1328 1400 Nam

96 1432 125 1491 si
147 1431 222 1492 baec
242 1430 348 1492 verba:
378 1427 473 1490 Fileits
502 1442 585 1490 meos
608 1447 639 1490 aa
663 1439 712 1506 tu,
740 1429 871 1491 futurum
899 1429 1007 1511 aliquid
1036 1433 1217 1513 significent,
1246 1437 1326 1500 idem

100 1535 190 1596 etiam
212 1534 248 1594 de
269 1531 328 1594 illis
350 1528 449 1591 verbis
471 1527 627 1591 dicendum
649 1539 710 1592 est:
743 1529 836 1594 Verbo
859 1531 1085 1598 nonencort·
1103 1538 1223 1618 firmati
1241 1551 1324 1603 root.

100 1635 163 1699 Nec
184 1635 262 1697 enim
285 1632 358 1696 dixit
379 1631 445 1693 iacti
469 1640 540 1692 sunt
560 1630 606 1692 vel
627 1631 705 1694 iacit
762 1633 849 1706 Quod
871 1642 969 1696 autem
990 1637 1166 1701 vocabulum
1187 1641 1325 1721 firmavit
1366 1707 1369 1718 ,

97 1737 136 1798 de
157 1738 257 1800 tuturo
280 1733 502 1813 intelligendum
531 1733 585 1806 sit,
618 1735 765 1796 coniicere
792 1734 859 1797 licet
889 1737 998 1799 ex'bis
1026 1739 1141 1802 verbis:
1175 1741 1324 1805 Dominus

95 1843 252 1918 reposcit,
281 1836 404 1899 deinde:
432 1835 550 1896 ursonio
570 1836 709 1916 firmavit
731 1837 832 1900 orbam
855 1851 971 1910 terroe,
1002 1845 1055 1921 qui
1073 1861 1138 1904 ooo
1161 1861 1327 1906 eommove-

96 1941 192 2005 br'tur.
240 1939 272 2002 Si
294 1939 364 2000 item
387 1955 436 2006 aa,
459 1955 535 2016 quae
556 1937 588 1997 in
609 1935 728 1998 Psalmo
751 1939 976 2018 quadragesimo
999 1952 1104 2020 quarto
1124 1963 1185 2026 pro
1208 1945 1325 2010 Dilecto

94 2050 273 2116 narrantur,
301 2041 337 2102 ad
359 2041 490 2101 futurum
513 2047 629 2117 tempus
651 2038 815 2118 pertinent,
844 2034 922 2102 idem
950 2061 1068 2122 qnoque
1090 2045 1147 2106 erit
1168 2044 1326 2108 dicendum

95 2145 133 2207 de
155 2146 217 2218 bis,
240 2162 315 2224 quae
337 2147 517 2220 sequuntur:
541 2141 702 2202 Eructavit
724 2158 896 2204 cormeum
917 2141 1042 2206 Verbum
1065 2147 1186 2208 bonum.
1231 2145 1325 2208 Simi-

94 2247 165 2310 liter
188 2247 216 2308 si
238 2246 312 2307 baec
333 2242 435 2305 verba:
463 2243 511 2305 uo
531 2253 637 2314 utero,
667 2242 819 2303 bominem
842 2242 999 2316 denotant,
1033 2263 1104 2323 ergo
1133 2256 1164 2306 et
1186 2245 1266 2324 quod
1288 2263 1326 2307 ex

95 2350 191 2412 eorde
224 2345 349 2408 eructari
376 2343 493 2406 dicitur.
543 2343 675 2422 Namque
703 2342 729 2404 si
757 2355 860 2404 uterus
888 2342 1049 2406 humanum
1079 2346 1150 2426 quid
1177 2355 1240 2419 εει,
1272 2363 1326 2408 cor

97 2449 192 2512 etiam
213 2463 358 2526 corporea
378 2465 428 2507 res
450 2455 506 2508 est.
551 2445 610 2506 Sed
641 2443 667 2508 si
689 2445 767 2523 quod
791 2463 827 2506 ex
848 2445 937 2506 corde
959 2445 1149 2525 profunditur
1170 2457 1326 2520 aeternum

98 2558 159 2624 est,
182 2549 253 2612 iuud
276 2548 373 2622 etiam,
396 2548 475 2628 quod
497 2566 531 2610 ex
554 2556 639 2609 utero
662 2546 815 2620 nascitur,
837 2556 990 2610 aeternum
1013 2567 1083 2612 εεεε
1103 2550 1327 2632 intelligendum

99 2660 158 2714 εει.
203 2651 345 2715 Similiter
365 2649 391 2711 ii
412 2649 586 2730 Unigenitus
610 2656 656 2710 εει
677 2649 706 2709 in
730 2649 807 2722 sinu,
830 2647 960 2712 Dilectus
983 2670 1102 2732 quoquo
1123 2653 1154 2714 in
1176 2653 1245 2714 sinu
1267 2661 1324 2714 εει.

61 2799 64 2812 .
99 2753 181 2816 ldern
204 2755 284 2816 enim
305 2760 352 2814 cst
370 2751 546 2831 Unigenitus
570 2759 600 2813 et
613 2748 752 2826 Dilectus,
774 2759 808 2811 ut
829 2768 865 2812 cx
886 2750 934 2813 bis
956 2751 1050 2832 liquet
1071 2752 1185 2816 verbis:
1208 2753 1265 2817 Hic
1281 2764 1326 2817 cet

101 2853 196 2919 Filius
217 2845 300 2918 meus
323 2853 470 2917 Dilectus.
514 2853 575 2914 Nec
596 2850 675 2914 enim
698 2859 730 2912 ut
751 2870 834 2914 suam
856 2852 886 2913 in
908 2869 977 2914 eum
1001 2852 1152 2916 caritatem
1173 2855 1323 2935 significa·

102 2964 159 3028 ret,
179 2955 322 3019 Dilectum
344 2956 442 3035 ipsum
465 2953 629 3035 appellavit,
652 2971 691 3015 no
712 2953 786 3015 alios
802 2953 872 3016 odio
887 2953 997 3018 babere
1012 2955 1155 3030 videatur,
1180 2957 1233 3018 sed
1248 2957 1324 3017 Uni-

105 3056 233 3133 genitum
254 3055 401 3120 indicabat
422 3075 505 3128 esse,
533 3064 568 3117 ut
589 3055 687 3116 solum
708 3073 777 3117 eum
799 3074 835 3118 ex
857 3057 1052 3135 seipso,esse
1074 3056 1204 3118 doceret
1247 3055 1324 3117 Hinc

106 3155 229 3235 Verbum
250 3160 363 3239 ipsum,
391 3177 458 3220 cum
484 3157 666 3237 unigenitum
686 3156 820 3218 Abrahae
842 3155 933 3216 lilium
955 3155 1044 3217 vellet
1063 3155 1236 3235 designare,
1263 3154 1323 3218 uit:

102 3257 188 3342 Offer
210 3261 307 3343 filium
330 3259 586 3323 toom'dilcctom.
628 3258 744 3320 Nemini
772 3267 868 3320 autem
897 3257 1018 3320 dubium
1047 3266 1094 3320 est
1120 3257 1219 3321 solum
1240 3255 1324 3320 Isaac
1361 3313 1363 3322 .

101 3378 134 3422 ex
156 3363 231 3426 Sara
254 3363 384 3444 genitum
405 3361 454 3424 btc
474 3361 608 3441 intelligi.
651 3359 753 3440 ltaque
774 3359 901 3422 Verbum
923 3369 971 3422 est
991 3357 1100 3436 Filius,
1132 3379 1194 3422 non
1209 3341 1323 3423 ‘reeens

100 3461 191 3528 iactus
215 3464 260 3526 vel
283 3463 582 3538 dominumtuum,
615 3461 669 3524 sad
696 3480 815 3542 semper
835 3461 937 3524 Filius.
982 3462 1056 3524 Nam
1083 3463 1109 3524 si
1138 3462 1231 3526 Filius
1260 3479 1324 3524 non

98 3575 159 3640 ast,
186 3585 248 3629 neo
267 3564 397 3628 Verbum
419 3583 488 3628 esse
509 3571 618 3645 potest.
661 3563 697 3626 lit
718 3563 848 3626 vicissim
868 3564 902 3626 'si
930 3563 1058 3626 Verbum
1087 3582 1148 3627 non
1176 3573 1238 3640 est,
1267 3583 1337 3628 neo-

98 3661 187 3730 Filius
212 3674 415 3748 potestesse.
458 3665 611 3747 Siquidem
639 3665 718 3746 qaod
745 3685 781 3728 ex
808 3666 895 3728 Patre
923 3675 983 3742 est,
1014 3666 1106 3730 Filius
1135 3667 1237 3748 utique
1264 3675 1322 3730 εει.

98 3763 176 3838 Quid
199 3787 293 3849 porro
317 3775 363 3830 εει
384 3786 419 3829 ex
439 3769 537 3842 Patre,
558 3768 618 3830 nisi
634 3765 771 3844 Verbum,
793 3769 874 3849 quod
896 3788 931 3830 ex
953 3770 1043 3831 corde
1063 3787 1260 3850 progressum
1276 3777 1324 3831 est

101 3874 129 3927 et
149 3889 183 3932 er
209 3878 293 3934 utero
315 3869 470 3950 genitum?
513 3871 574 3932 Noc
595 3871 674 3932 enim
690 3869 783 3956 ¹Pater
796 3869 925 3932 llsrbum
948 3879 1004 3946 εει;
1027 3881 1077 3934 aut
1091 3870 1221 3933 Verbum
1234 3869 1324 3934 Pater

98 3977 154 4044 εει,
176 3961 233 4035 aed
253 3951 303 4034 iile
323 3971 422 4047 Pater,
443 3971 494 4036 bic
513 3971 604 4034 Filius
627 3979 683 4048 est,
704 3971 753 4036 illc
775 3971 876 4052 gignit,
899 3972 947 4033 bie
968 3971 1106 4052 gignitur.

102 4145 141 4229 ‘D
159 4149 325 4223 ἐξηρεύξατο.
361 4159 407 4210 Atti
425 4169 449 4212 at
466 4159 523 4210 editi
540 4151 573 4206 sb
591 4150 684 4225 ἐπιφε·
734 4151 785 4218 τὴν
802 4150 840 4211 εἰς
858 4148 950 4209 αὐτόν.
976 4159 1019 4208 dlii
1030 4167 1054 4208 ει
1063 4159 1120 4209 editi
1130 4157 1170 4225 aqi
1181 4152 1219 4213 sla
1228 4149 1322 4208 αὐτόν.
1424 4149 1426 4152 ’

102 4231 226 4284 emmor,
248 4219 414 4294 ἐξηρεὺξατο.
769 4227 792 4275 b.
811 4227 867 4288 lleq.
880 4229 981 4289 Sequar.
998 4227 1088 4289 buglis.
1107 4228 1205 4278 Gobler.
1217 4235 1240 4277 ει
1249 4227 1321 4275 Desii.

135 4290 150 4364 [-
166 4292 334 4372 βεεὸεμεε.
353 4297 451 4376 Gobier.
470 4295 542 4373 Dasil3
560 4294 683 4374 etbnqlic.
735 4288 807 4374 φησί
830 4297 853 4344 dt
877 4309 931 4372 moa
954 4287 1073 4362 Σάῤῥαε.
1118 4295 1199 4346 Ceteri
1222 4301 1246 4343 st
1264 4289 1321 4341 editi

101 4364 174 4473 w
188 4356 604 4497 ἧιῗέξιὲαζοιῇῗῐῗησεᾋεεῗιιειιιήῗω
620 4375 684 4431 me.
733 4376 788 4478 wia
802 4361 975 4494 Ιῗέξέἷζιξεε.
999 4431 1072 4480 Desii.
1092 4438 1116 4478 st
1132 4427 1223 4508 duplic.
1241 4415 1265 4471 εἶ
1279 4414 1319 4487 μὴ

136 4503 156 4551 l·
173 4495 229 4560 bes.
242 4499 343 4564 ,Seguee
354 4500 525 4564 llasildnqb'c.
545 4507 567 4549 at
585 4499 682 4552 Goblcr.
733 4489 820 4563 λόγος.
855 4499 936 4552 Ceteri
952 4505 976 4550 ει
993 4498 1050 4551 editi
1067 4489 1092 4546 si
1106 4489 1145 4560 μὴ
1165 4507 1179 4542 ο
1196 4483 1288 4555 λόγος.
