3212 5060
521 273 627 318 onxrro
643 273 687 316 ιιι.
703 273 818 316 conrtu
830 273 964 318 animos.
1278 259 1339 326 565

113 423 152 485 ita
181 421 239 486 illis
275 425 485 504 respondisse:
519 423 588 486 Non
615 436 659 488 ιιι
685 436 819 487 oestrum
845 443 934 486 nosse
963 434 1099 503 temporo
1127 434 1155 486 ιι
1181 440 1425 503 momentaneae.

114 545 189 607 qaae
211 527 309 589 Potor
328 531 432 607 pascit
453 530 485 588 t'n
506 545 562 588 saa
580 537 740 608 potestate.
774 525 839 586 Nou
860 533 932 586 tunc
946 531 980 585 ut
993 533 1078 584 antea
1093 531 1231 604 tanquam
1251 531 1340 594 homo
1396 547 1401 560 ¹

114 627 189 688 dixit
209 647 308 708 negot
330 628 435 700 Filios,
458 627 511 689 sed
533 639 671 690 vestram
691 645 755 689 cort
777 637 822 688 ιιι
838 630 924 688 scire.
959 624 1019 685 lam
1036 623 1184 704 siquidem
1198 630 1343 693 revixerat

114 748 185 790 caro
209 730 448 808 deposueratque
470 728 678 806 mortalitatem
701 735 730 788 et
751 726 848 788 divina
871 725 976 796 olleo&
989 734 1060 798 erat,
1083 743 1117 786 aa
1130 725 1256 804 proinde
1275 747 1343 792 eum

115 831 147 892 in
172 831 273 892 caelos
296 832 502 893 ascendentem
524 813 582 891 iam
604 847 666 889 non
688 827 811 888 decebat
832 826 994 888 seeundum
1016 843 1133 888 carnem
1150 830 1341 910 respondere,
1416 861 1419 869 ·

115 933 171 993 sed
196 939 231 993 ut
251 931 346 994 ileum
368 931 476 996 docere
499 940 529 992 et
550 930 664 991 dicere:
701 929 770 992 Non
797 942 843 992 ιιι
872 939 1006 991 amttam
1027 947 1117 991 nosse
1139 940 1275 1010 tempora
1295 931 1345 994 oei

114 1047 279 1104 momenta,
302 1023 377 1115 quoe
399 1033 493 1096 Pater
512 1035 617 1111 poscit
637 1035 670 1092 io
691 1049 748 1094 soa
766 1040 935 1110 potestat&
958 1031 1009 1092 sod
1022 1035 1172 1110 accipietis
1189 1036 1342 1096 virtatem.

118 1136 207 1208 Quae
229 1143 326 1197 autem
349 1135 445 1196 virtus
471 1131 569 1198 Patris
598 1140 715 1212 praeter
742 1129 872 1192 Filium?
903 1131 1042 1194 Christos
1065 1132 1143 1194 enim
1165 1131 1224 1194 aet
1243 1137 1343 1196 votos

117 1249 149 1298 ιι
172 1236 232 1298 Dei
251 1236 419 1315 Sapientia.

210 1439 262 1500 to.
306 1435 432 1496 Noverat
453 1436 551 1515 itaque
571 1435 663 1498 Filius
687 1442 809 1515 utpote
830 1433 880 1514 qui
903 1433 1031 1496 Verbum
1059 1443 1137 1510 erat,
1166 1437 1245 1500 unde
1272 1437 1345 1500 mibi

121 1537 241 1598 videtur
272 1537 391 1599 illorum
419 1537 575 1600 verborum
604 1537 631 1598 is
659 1555 729 1598 esse
757 1554 879 1598 sensus:
917 1535 1006 1615 „Ego
1037 1536 1154 1614 quidem
1176 1540 1261 1615 novi,
1291 1539 1346 1601 sed

122 1648 284 1713 „vestrum
306 1658 368 1700 non
390 1648 437 1701 est
457 1657 557 1700 nosse.
601 1639 714 1700 idcireo
737 1637 815 1699 enim
838 1655 903 1700 oum
925 1638 957 1698 in
980 1645 1081 1700 monte
1109 1639 1262 1714 sederem,
1292 1661 1344 1704 se·

119 1740 279 1813 „eundum
301 1759 418 1802 carnem
441 1740 501 1802 dixi
515 1739 717 1822 neqoeFilt'os
733 1733 836 1810 novit,⁴
850 1739 916 1819 quia
938 1739 969 1799 id
990 1739 1075 1800 vobis
1098 1749 1184 1820 atque
1206 1741 1343 1805 omnibus

90 1841 219 1914 ·‚,utile
250 1852 323 1904 erat.
368 1841 446 1904 llaec
474 1842 620 1922 siquidem
649 1852 679 1903 et
706 1841 742 1902 de
769 1842 889 1922 Angelis
918 1849 948 1903 ιι
975 1842 1012 1903 de
1038 1841 1113 1903 Filio
1136 1844 1239 1906 audire
1259 1843 1344 1906 robis

117 1943 289 2016 „conducit
315 1952 438 2023 propter
465 1946 582 2006 loturos
611 1943 792 2022 impostores
804 1949 818 2018 ‚'
844 1953 893 2018 ut,
921 1943 947 2006 si
975 1943 1032 2024 ipsi
1059 1944 1220 2008 daemones
1241 1945 1343 2026 Angeli

117 2045 251 2124 „specie
274 2044 410 2106 simulata
431 2046 469 2107 de
491 2046 550 2106 line
572 2045 673 2105 mundi
696 2044 902 2116 disseruerint,
927 2044 970 2104 eis
993 2047 1212 2119 uenumdatis,
1235 2045 1345 2125 quippe

116 2146 200 2226 „qui
232 2145 316 2208 illurn
340 2146 497 2225 ignorent.
541 2145 572 2205 Si
601 2145 672 2204 item
695 2144 892 2205 Antichristus
920 2162 952 2204 se
980 2143 1044 2222 ipse
1071 2147 1229 2207 ementitus
1251 2145 1344 2206 dicat:

117 2247 214 2327 „Ego
237 2267 304 2310 sum
333 2247 485 2317 Christus,
518 2253 605 2323 atque
634 2244 671 2304 de
694 2243 813 2304 dioillo
836 2251 865 2304 et
892 2244 951 2303 lure
978 2244 1058 2321 loqui
1085 2246 1284 2323 aggrediatur,
1312 2253 1347 2306 ut

118 2349 305 2423 „audientes
334 2347 478 2425 decipiat,
511 2365 565 2405 ros
593 2363 677 2405 meae
704 2345 828 2406 huiusce
856 2343 937 2404 vocis
964 2362 1057 2425 neque
1077 2345 1173 2407 Filios
1196 2363 1344 2432 memores

120 2449 241 2522 „tidem
271 2448 312 2508 illi
341 2447 526 2525 denegetist‘
570 2445 726 2507 Praeterea
748 2445 831 2506 raldo
852 2445 1023 2506 bominibus
1047 2446 1116 2508 utile
1139 2455 1185 2508 est
1205 2447 1294 2508 linem
1316 2454 1346 2508 et

120 2550 203 2610 diem
225 2549 294 2610 finis
316 2548 464 2625 ignorare,
486 2567 525 2610 ne
548 2546 573 2609 si
596 2567 662 2609 eum
686 2555 911 2627 cognoscerent.
933 2546 1141 2608 intermedium
1162 2548 1345 2628 negligerent

121 2660 241 2731 tempus
263 2649 386 2729 dies-que
407 2649 457 2710 lini
479 2651 633 2729 proximos
657 2659 854 2729 expectarent,
877 2657 909 2710 ut
932 2657 1001 2710 tuno
1022 2649 1119 2711 solnm
1137 2648 1193 2710 sibi
1209 2657 1345 2712 vacarent

121 2763 154 2814 et
174 2752 335 2831 vigilarent.
382 2751 526 2824 Quocirca
549 2762 665 2832 tempus
688 2751 793 2813 mortis
816 2751 998 2830 singulorum
1021 2751 1152 2824 reticuit,
1175 2770 1213 2812 ue
1234 2751 1342 2814 baius·

122 2854 206 2915 modi
227 2852 397 2932 cognitione
418 2853 510 2914 inllati
531 2855 669 2914 homiues
692 2853 846 2914 maximam
868 2853 1010 2932 temporis
1033 2860 1145 2931 partem
1161 2852 1344 2932 negligenter

124 2962 257 3029 agerent.
301 2952 463 3031 Utrumque
492 2971 561 3031 ergo
589 2963 619 3014 et
645 2954 777 3015 omnium
799 2972 897 3016 rerum
920 2967 950 3016 et
971 2953 1156 3033 singulorum
1176 2955 1266 3016 linem
1286 2974 1344 3018 uos

127 3053 232 3116 celarit
251 3051 381 3114 Verbum
402 3056 481 3128 (nam
503 3054 686 3133 singulorum
707 3055 775 3116 finis
797 3056 928 3118 omnium
951 3073 1069 3135 quoque
1091 3054 1158 3116 linis
1187 3061 1248 3126 cst,
1278 3073 1345 3118 cum

123 3154 258 3218 omnium
280 3153 350 3214 finis
372 3153 401 3215 in
417 3155 601 3234 singolorum
617 3157 675 3218 fine
689 3159 895 3234 continentur),
917 3166 950 3217 ut
964 3155 1200 3235 quandoquidem
1214 3155 1344 3218 incertus

122 3259 171 3320 ille
194 3264 243 3318 est
264 3265 295 3318 et
316 3273 466 3344 sempera
483 3257 569 3319 nobis
592 3266 773 3338 expectatur,
795 3257 927 3339 qnotidie
941 3257 1020 3319 velut
1034 3257 1129 3320 vocati
1143 3255 1343 3337 proficiamus,

120 3359 158 3421 ad
181 3377 215 3420 ea
237 3377 313 3438 quac
337 3367 408 3420 sunt
428 3359 530 3438 priora
552 3368 672 3422 nosmet
697 3361 780 3441 ipsos
807 3359 1002 3423 extendentes
1025 3369 1054 3421 et
1075 3376 1150 3438 quae
1171 3366 1251 3422 retro
1272 3368 1344 3424 sunt

122 3460 342 3524 obliviscentes.
387 3459 461 3534 Quis
491 3461 570 3523 enim
597 3462 645 3526 die
673 3463 796 3526 extremi
824 3463 892 3524 finis
915 3460 1032 3542 cognito
1054 3477 1114 3522 non
1136 3460 1342 3524 intermedium

121 3683 216 3732 domm.
233 3682 345 3732 omittant
362 3671 477 3741 o'rttdlri
501 3683 565 3733 εσθε
582 3677 708 3752 δύναμιν.
759 3685 858 3744 Segoer.
875 3677 1001 3748 περὶτῆς
1018 3673 1120 3748 ἡμέρας
1135 3677 1237 3742 καὶτῆς
1251 3695 1343 3734 συντε-

121 3749 292 3812 buldagi.
318 3758 341 3798 ιι
359 3751 458 3828 Segoeu
476 3765 491 3810 η
510 3744 525 3799 ὁ
543 3743 608 3806 υἱός.
643 3753 707 3804 Ειιιιί
756 3745 836 3806 totae.
863 3743 1340 3814 Ceteristeditinsgirriraatrrdltlar.

123 3826 148 3868 et
166 3816 205 3866 olii
224 3833 239 3892 g
259 3809 273 3864 ὃ
292 3815 422 3884 Χριστος,
792 3822 809 3872 i.
827 3821 928 3881 Seguer.
944 3812 1173 3896 προφασίζονται.
1209 3817 1261 3869 box
1278 3819 1343 3870 idem
1456 3833 1460 3852 ¹

159 3900 179 3933 e.
198 3898 252 3951 γαρ
277 3887 345 3935 abest
369 3884 707 3948 attentatarum.
759 3896 783 3937 et
800 3886 968 3950 nterqnelieg.
987 3899 1019 3933 ro
1037 3879 1150 3934 ἑκάστου
1167 3881 1250 3939 τέλος.
1281 3887 1344 3937 taio

121 3953 215 4002 ibidem
234 3954 290 4014 tteg.
311 3953 333 4004 1.
352 3963 375 4003 ιι
392 3951 491 4016 Segner.
509 3943 649 4018 ἐσήμανεν.
758 3950 790 4002 τὸ
809 3946 923 4004 ἑκάστου
939 3949 1038 4010 τέλους,
1052 3955 1183 4004 mendose.

158 4021 175 4068 l.
194 4020 248 4100 lleg.
262 4021 283 4070 1.
296 4029 320 4071 ιι
328 4021 428 4083 Seguer.
445 4014 508 4088 περὶ
525 4011 649 4085 ἀγγέλων
663 4015 710 4070 arai
793 4024 815 4072 Ιι,
833 4023 873 4072 Sic
891 4021 946 4086 lteg.
967 4021 988 4071 1.
1007 4022 1146 4085 Segaerion.
1164 4021 1302 4072 Goblsricn.
1320 4027 1346 4070 at

120 4081 271 4154 nogiomo.
759 4089 902 4140 tetelml.
936 4090 979 4138 tot
998 4099 1075 4141 sotem
1094 4089 1207 4140 eteditio
1225 4085 1343 4138 Commel.

158 4172 181 4218 g.
200 4155 240 4206 Sic
257 4165 358 4221 aterque
376 4157 433 4219 lleg.
451 4156 550 4218 segnes.
570 4155 667 4207 Gobler.
685 4163 709 4207 et
759 4151 791 4206 ab
809 4150 923 4206 ἑκάστου
941 4147 1103 4221 ἀπέκρυψεν.
1141 4157 1192 4206 blot
1211 4155 1265 4214 neg.
1279 4155 1301 4202 t.
1319 4156 1345 4198 οι

120 4223 229 4274 retain.
249 4223 271 4273 1.
304 4226 334 4274 ιι
355 4224 396 4274 xlii
415 4233 439 4274 ιι
456 4225 513 4276 editi
534 4235 709 4292 μετασχημα·
759 4216 914 4304 seguonttai
929 4217 984 4290 γὰρ
1000 4219 1046 4273 arai
1063 4215 1093 4274 ἐν
1109 4222 1156 4288 τῷ.
1182 4221 1227 4272 dlii
1245 4227 1269 4266 et
1285 4215 1343 4263 editt

122 4285 259 4347 τίζωνται.
759 4304 805 4340 και
821 4285 875 4357 γὰρ
894 4284 924 4340 ἐν
940 4291 987 4356 τῷ.
1328 4331 1341 4346 .

158 4361 182 4410 tr.
201 4359 369 4424 Uterqoelleg.
388 4363 487 4422 Segaer.
499 4359 571 4411 baril.
583 4361 708 4422 ettnglic·
795 4360 810 4408 Ι.
829 4361 884 4422 fleg.
902 4360 923 4407 1.
949 4361 1027 4425 prima
1045 4369 1117 4409 mana
1135 4365 1159 4406 et
1176 4356 1273 4409 segnes·
1292 4347 1341 4410 ’Ψ

120 4418 229 4474 ἑαυτόν.
264 4427 342 4478 Ceteri
351 4436 376 4476 ιι
388 4429 444 4480 editi
462 4419 554 4478 αὐτόν.
590 4429 708 4489 lloxlteg.
760 4417 846 4479 ὄντος·
880 4426 1043 4489 Sedetani.
1067 4422 1172 4474 seeundo
1194 4411 1343 4490 ΜΨ·
1376 4433 1380 4442 ’
1415 4479 1419 4486 ,

125 4493 150 4542 t.
175 4486 237 4558 περὶ
268 4491 316 4553 τῆς
348 4487 450 4560 ἡμέρας
475 4493 524 4556 τῆς
549 4490 708 4548 tondetur.
759 4507 808 4545 aaa
826 4485 912 4548 ὄντος.
