3214 5048
574 291 864 346 cremonensem
876 291 1012 338 munos.
1327 281 1391 348 397

161 451 243 510 statu
264 441 433 525 suspiciunt
454 449 485 504 et
504 441 699 517 admirentur,
718 444 932 525 responderet:
954 443 1103 510 nmmos
1127 450 1242 512 mouit
1261 467 1309 510 nro
1331 450 1476 516 ted-m

161 550 238 612 &sss
258 553 380 612 olorem
402 563 531 608 annm
553 548 586 607 s'n
609 561 704 626 opero
725 564 797 620 roo,
826 554 857 609 et
877 546 1035 612 Forocoor't
1054 566 1103 610 oro
1121 557 1158 610 et
1180 567 1392 630 cmprrpcm

160 647 273 712 Isrndl.
316 648 399 712 ldem
431 653 529 708 sutem
557 643 624 725 ipse
653 663 771 726 quoque
799 645 930 728 Spiritus
957 648 990 711 in
1016 648 1144 712 Psalmis
1172 649 1391 730 praenuncians

159 749 272 812 eichst:
308 735 503 812 consuluisti
521 765 589 810 eom
608 765 703 828 sopor
725 765 819 828 opero
839 767 983 812 manners
1005 760 1145 824 tuorum,
1174 751 1254 832 quod
1276 759 1307 813 et
1326 750 1390 812 llo-

158 851 260 914 minus
290 849 328 910 de
356 849 456 928 seipso
485 846 533 909 lris
557 847 716 916 confirmat
742 847 860 910 verbis:
903 849 966 930 Epo
994 861 1094 914 octoas
1117 857 1299 918 constitutus
1322 871 1417 914 seor·

160 971 221 1016 ren
248 953 286 1014 ol
313 968 349 1013 eo
379 967 473 1032 snper
494 948 571 1011 Sion
591 961 886 1013 orontem-rosetum
907 953 982 1012 uus.
1024 950 1121 1013 Porro
1143 953 1391 1032 quemadmodum

160 1071 229 1118 oum
250 1052 345 1114 monti
366 1051 440 1114 Sion
462 1067 591 1130 corpore
619 1049 730 1124 illuxit,
760 1059 831 1114 tuno
858 1069 920 1112 uon
941 1049 1074 1131 incoepit
1095 1061 1234 1114 essesut
1254 1071 1389 1132 regnare,

152 1155 218 1218 'sed
239 1173 306 1219 urm
329 1162 411 1217 esset
431 1152 498 1232 ipse
520 1150 648 1214 Verbum
668 1159 698 1214 et
712 1169 764 1214 rex
779 1153 991 1232 sempiternus,
1014 1139 1182 1214 humaniter
1196 1152 1287 1214 voluit
1303 1173 1390 1216 suum

156 1271 284 1336 mgnum
305 1254 426 1317 illucere
447 1269 567 1334 quoque
587 1253 620 1314 iu
642 1251 732 1326 Sion,
761 1261 795 1314 ut
815 1253 929 1316 seilicet
950 1263 980 1314 et
1000 1271 1058 1314 nos
1079 1261 1109 1314 at
1130 1251 1198 1314 illos
1220 1271 1237 1314 a
1257 1264 1390 1334 peceato,

159 1357 241 1438 quod
264 1357 296 1418 in
319 1356 363 1416 eis
385 1353 536 1435 regnabat,
558 1353 720 1416 redimeret
733 1361 763 1416 et
776 1353 808 1416 iu
822 1363 978 1435 paternum
994 1355 1041 1416 sui
1056 1353 1212 1434 imperium
1225 1353 1391 1434 redigerem

159 1475 218 1538 qua
240 1457 342 1536 utique
362 1456 478 1519 ratione
498 1457 531 1518 iu
552 1473 644 1535 opera
664 1463 713 1518 est
733 1456 924 1532 constitutus,
947 1475 1008 1518 non
1030 1475 1106 1537 quoe
1127 1455 1260 1520 noudum
1276 1465 1389 1532 essent,

160 1551 215 1622 sed
237 1577 312 1640 quos
333 1558 392 1621 iam
413 1558 574 1621 existerent
596 1565 626 1653 et
647 1556 855 1620 emendatione
877 1557 1054 1638 indigerent.

243 1762 295 1826 53.
338 1758 431 1840 igitur
458 1759 514 1821 hee
536 1757 682 1822 dictiones
704 1760 833 1830 crcooit,
861 1761 1011 1840 formauit
1032 1771 1063 1823 et
1074 1763 1242 1825 conrn'tnr‘t
1262 1759 1388 1822 eandem

155 1861 267 1926 habent
288 1859 550 1941 significationem,
584 1879 641 1940 neo
670 1859 729 1922 ullo
757 1861 850 1922 modo
878 1861 1022 1940 probent,
1053 1855 1102 1924 rel
1126 1880 1196 1924 eum
1218 1860 1387 1941 incoepisse

158 1981 245 2038 esse,
264 1963 310 2026 vel
332 1969 459 2024 creatam
482 1961 547 2025 eius
571 1979 640 2024 esse
663 1969 815 2036 naturam,
837 1962 892 2025 sed
913 1963 1121 2045 intelligendae
1143 1971 1214 2026 suut
1235 1964 1272 2026 de
1292 1981 1385 2026 reuo-

159 2063 292 2138 ratione,
325 2082 381 2144 qua
408 2082 466 2125 nos
499 2062 642 2144 singedari
668 2061 814 2127 beneficio
842 2064 956 2128 reiecit.
998 2066 1101 2146 ltaque
1130 2065 1200 2127 lieet
1225 2065 1300 2126 haec
1320 2065 1386 2128 eius

157 2165 219 2230 sint
238 2164 339 2240 verba,
360 2165 427 2246 ipse
448 2164 641 2228 nihilomiuus
662 2173 860 2230 secuturus
882 2165 946 2228 illas
970 2165 1070 2230 docuit
1091 2166 1220 2228 existere
1241 2183 1309 2227 oum
1331 2165 1386 2226 ait:

155 2267 323 2350 Antequam
350 2265 505 2330 Adroltonr
533 2267 639 2346 fieret,
673 2283 726 2346 epo
755 2285 839 2336 cnm,
872 2275 916 2328 et:
950 2285 1017 2328 enm
1045 2266 1144 2329 coeloe
1168 2265 1386 2346 prneporodot,

155 2371 281 2432 oderem
302 2367 358 2440 tttt,
382 2375 412 2429 et
433 2367 515 2446 opud
536 2365 623 2428 illum
646 2383 730 2427 eroon
751 2385 801 2428 rer
817 2375 887 2447 nptc
903 2369 1092 2445 componens.
1127 2364 1384 2438 Quemadmodum

155 2487 226 2533 vero
249 2459 314 2548 ipse
336 2476 415 2541 erat,
438 2475 595 2546 autequam
617 2466 702 2528 lieret
722 2466 884 2542 Abraham,
912 2467 1007 2530 lsrael
1029 2475 1127 2530 eutem
1147 2474 1219 2547 post
1238 2465 1470 2537 Abrahamoxn,

156 2571 250 2632 lactus
273 2577 329 2644 est,
352 2576 524 2648 conumque
546 2577 594 2630 est
614 2568 723 2649 ipsum,
746 2587 813 2632 oum
828 2569 914 2649 prius
930 2569 1084 2644 existeret,
1105 2577 1211 2650 postea
1226 2569 1384 2632 formatum

156 2689 235 2745 esso,
256 2671 345 2752 idque
367 2689 431 2734 uon
452 2671 517 2734 eius
539 2671 687 2736 existendi
709 2671 898 2753 principium,
922 2672 976 2734 sed
997 2673 1156 2734 humanam
1178 2670 1214 2733 ab
1237 2689 1272 2732 eo
1293 2678 1383 2734 natu-

154 2791 219 2838 ram
247 2781 411 2836 assumtam
444 2771 629 2853 significare,
662 2772 694 2834 in
724 2792 782 2853 quo
809 2773 947 2836 videlicet
973 2773 1070 2836 tribuo
1091 2772 1188 2835 lsrael
1209 2777 1384 2851 cougregut3

49 2885 56 2892 ’
106 2891 109 2896 ·
155 2873 196 2936 ita
217 2891 284 2935 oum
306 2874 372 2951 ipse
394 2892 513 2954 semper
527 2873 568 2935 sit
581 2891 648 2935 oum
660 2873 761 2946 Patre,
783 2891 884 2934 rerum
900 2883 1064 2936 creatarum
1080 2883 1127 2936 est
1141 2891 1259 2953 quoque
1274 2872 1383 2953 opifex,

55 2966 57 2974 '
155 2972 312 3053 palamque
334 2979 382 3032 est
403 2990 499 3049 opera¹
514 2972 583 3052 ipso
606 2990 675 3034 esse
696 2971 876 3052 posteriora,
899 2980 930 3033 et
950 2990 1022 3034 uoce
1046 2977 1161 3036 creooit
1181 2989 1243 3033 non
1265 2971 1384 3033 ostendi

157 3091 226 3135 eum
254 3088 322 3132 esse
353 3069 507 3150 coepisse,
539 3069 594 3132 sed
626 3089 751 3151 operum
783 3071 1088 3144 administrationem,
1121 3087 1209 3150 quam
1236 3070 1268 3130 in
1296 3087 1384 3130 carne

155 3173 261 3254 gessit,
286 3170 465 3252 suscepisse.
511 3171 628 3253 Quippe
650 3170 750 3234 decuit
769 3172 879 3253 ipsum,
902 3171 952 3252 qui
974 3170 1049 3233 alius
1065 3170 1101 3232 ab
1117 3170 1271 3251 operibus,
1292 3169 1384 3232 immo

155 3274 206 3356 qui
229 3280 346 3336 creator
367 3271 485 3334 illorum
508 3281 583 3350 erat,
606 3291 709 3337 eorum
731 3292 849 3355 quoque
870 3275 901 3336 in
917 3292 952 3336 se
974 3275 1128 3353 suscipere
1148 3271 1384 3346 renovationem,

156 3385 188 3439 ut
214 3376 280 3458 ipse
306 3373 405 3438 nocui
434 3393 522 3439 causa
553 3383 672 3440 orestus
700 3377 800 3438 omnia
827 3376 859 3440 in
888 3377 991 3456 seipso
1013 3381 1162 3438 recrearet
1182 3393 1218 3436 ao
1237 3373 1383 3436 reliceret.

153 3475 301 3568 llinoubi
323 3475 395 3538 dixit
418 3482 543 3549 cronois,
565 3476 666 3540 statim
688 3495 808 3541 eausam
830 3496 937 3558 nempe
959 3496 1052 3558 opero
1073 3477 1195 3550 addidit,
1218 3483 1251 3538 ut
1272 3473 1384 3538 scilieet

153 3577 201 3642 itis
222 3576 322 3641 verbis
345 3582 380 3640 c'n
401 3595 496 3658 opero
519 3582 621 3642 creari
639 3579 875 3660 significaretur,
896 3579 978 3642 illum
1000 3579 1150 3642 homiuem
1172 3577 1237 3640 lieri
1252 3578 1294 3641 ad
1315 3579 1382 3658 ipsa

156 3697 246 3764 opero
276 3679 479 3742 instauranda.
530 3680 663 3761 Namque
696 3700 731 3746 ea
757 3691 806 3746 est
837 3681 1021 3745 consuetodo
1051 3680 1222 3762 scripturae
1254 3679 1381 3754 divium,

152 3895 202 3960 τὴν
219 3889 306 3960 edelr
323 3891 394 3965 ἔχον.
431 3898 511 3950 ceteri
529 3907 553 3950 st
565 3900 622 3952 editi
634 3894 684 3961 τὴν
694 3893 743 3950 cd-
792 3903 890 3953 Gobler.
899 3901 1036 3952 deluimt.
1049 3909 1071 3951 et
1078 3902 1102 3952 d.
1112 3894 1182 3968 μετὰ
1191 3893 1241 3952 τὸν
1250 3893 1379 3970 Ἀβραάμ.

151 3961 202 4029 τὴν
217 3959 326 4034 hono.
791 3970 835 4018 stit
850 3978 874 4020 et
891 3969 948 4018 editi
966 3961 1016 4016 τόν
1034 3971 1153 4021 omittunt.

184 4037 201 4087 l.
226 4039 326 4098 Seguer.
350 4041 374 4085 et
391 4035 447 4097 liep.
467 4027 611 4096 deicerentur.
647 4035 692 4086 stit
717 4043 741 4086 et
825 4037 841 4085 i.
874 4035 947 4086 Besil.
970 4029 1025 4103 ἄρα
1048 4029 1099 4084 σὺν
1120 4035 1159 4114 spi
1175 4031 1261 4106 scarpi
1278 4033 1378 4094 mciv,

152 4104 209 4156 editi
226 4095 403 4153 removeo.
792 4093 881 4156 αὐτός.
918 4103 1006 4166 lleg-lus
1029 4094 1085 4169 ἄρα
1107 4093 1149 4154 doc
1170 4100 1223 4154 σὺν
1239 4103 1278 4170 τῷ
1295 4100 1381 4169 πατρὶ

184 4185 207 4234 g.
224 4170 366 4223 dulcimd.
385 4161 466 4225 ὅπως.
501 4170 562 4222 ibid.
579 4169 671 4234 duplic.
684 4162 740 4236 πρὸ
792 4161 881 4223 adedr-
904 4171 957 4220 llox
974 4173 1046 4233 Sego.
1061 4173 1150 4234 duplic.
1165 4175 1380 4226 conterrentes.

150 4235 258 4288 τούτου.
294 4240 410 4305 idemque
433 4255 488 4290 cnm
514 4240 614 4300 sepner.
639 4239 739 4291 Gobler.
794 4239 817 4288 t.
840 4245 864 4288 et
887 4237 911 4287 o.
929 4238 1020 4289 addunt
1042 4232 1089 4288 καὶ
1111 4233 1194 4299 δῆλόν
1217 4233 1294 4290 ἐστιν
1317 4255 1379 4304 quos

152 4313 177 4356 st
192 4307 348 4358 Felclmrnoi
360 4309 382 4357 l.
400 4315 424 4358 et
441 4309 465 4358 t.
484 4299 617 4374 ὑπάρχειν
633 4297 740 4364 ἔαυτόν.
793 4305 882 4358 obsunt
898 4307 928 4356 ab
946 4307 1000 4358 aliie
1018 4315 1040 4358 ot
1059 4308 1164 4358 editione
1182 4308 1300 4360 domuel.

109 4377 112 4384 ’
150 4371 212 4424 uuiti
230 4385 254 4426 et
272 4375 312 4426 alli
330 4367 462 4442 ὑπάρχειν
479 4366 572 4429 αὐτόν.
824 4374 847 4424 l.
865 4375 964 4436 Sernes.
983 4366 1022 4428 tls
1037 4367 1130 4424 αὐτόν.
1164 4377 1255 4426 lbidem
1280 4372 1378 4451 dubles.

185 4442 210 4490 lr.
228 4442 545 4505 summoueantur.
563 4443 739 4508 etScriptorr.
790 4448 815 4492 et
832 4441 936 4494 lelolm
956 4443 978 4494 l.
997 4433 1183 4503 ἀγωνίσηται
1197 4437 1245 4490 stoi
1280 4457 1297 4489 α
1332 4431 1379 4486 stol

150 4501 196 4558 tus
207 4516 230 4559 ot
239 4509 297 4562 editi
308 4503 359 4560 riv
376 4500 457 4576 crispi
484 4511 738 4576 PaolopostScpuer.
789 4505 882 4577 uror.
918 4511 971 4562 llox
988 4512 1079 4575 duplic.
1090 4506 1178 4577 λέγων
1195 4503 1228 4560 τὸ
1245 4456 1284 4566 εἰ
1298 4453 1378 4575 {prce
