3174 5082
411 307 557 351 sansacu
572 307 610 350 aa
624 308 768 352 suaseras
783 308 927 351 nicaenas
942 309 1059 352 sanast.
1309 295 1348 358 15

121 467 219 526 suisse
241 461 505 523 disarirnen'inter
527 474 587 518 aon
609 457 690 522 nesci
710 459 772 521 sire
793 477 854 520 non
877 459 957 538 gigni
979 472 1008 523 et
1029 477 1091 522 non
1113 461 1189 524 lieri.
1236 462 1268 524 S.
1291 461 1432 524 lii-neor.

118 563 219 625 larius
243 561 320 624 lilro
344 570 453 622 cantra
473 558 679 622 Constantium
701 579 783 622 num.
803 564 851 624 to.
875 563 996 624 eandam
1019 581 1120 626 aorem
1145 563 1245 626 reddit
1260 563 1347 624 iana-

120 663 273 734 scibilem,
300 657 364 722 n'isi
389 661 473 738 {arie
496 659 600 740 leporii
622 651 804 744 ἀγέννητον.
848 662 999 724 Novitates
1023 681 1146 736 vocam,
1176 668 1274 746 inquit
1295 663 1349 726 ille

120 767 162 828 ad
185 765 411 831 Constantiam,
435 759 488 820 sed
509 761 649 838 profanas
672 761 794 822 devitari
816 761 899 824 iubet
919 763 1090 844 Apostolus.
1136 765 1181 826 Tu
1204 783 1257 826 cut
1278 764 1346 845 pias

122 863 272 936 excludis,
296 879 362 922 enm
384 859 562 939 praesertim
586 860 622 920 ab
645 879 680 920 eo
703 861 813 928 dietum
836 862 888 924 sit:
918 864 1014 926 omnis
1037 867 1181 944 scriptura
1203 867 1345 928 divinitus

123 965 267 1044 inspirata
279 961 359 1024 utilis
370 959 438 1022 est?
460 959 735 1034 innascibilem
751 961 893 1040 seriptum
908 982 1050 1042 nusquam
1066 967 1148 1046 logis,
1158 967 1298 1047 numquid
1315 975 1348 1030 et

125 1067 185 1128 hac
199 1062 365 1142 negandum
382 1062 446 1136 erit,
470 1062 537 1142 qnia
550 1078 661 1122 norunt
673 1060 743 1123 est?
767 1061 908 1125 ll'atanda
923 1083 1037 1144 pnopna
1056 1065 1233 1130 Tertulliani
1241 1070 1345 1142 aeria,

126 1173 179 1250 pai
204 1166 283 1228 libra
313 1166 346 1226 de
368 1167 468 1226 anima
490 1182 554 1244 cap.
570 1167 601 1226 4.
625 1182 727 1253 oasam
754 1155 910 1248 ἀγένητον
939 1165 1134 1226 cainiana
1158 1168 1220 1230 loco
1239 1170 1345 1249 patella

127 1281 198 1332 atate
221 1271 313 1332 citata
335 1265 427 1327 simul
451 1265 582 1326 innatum
606 1274 635 1326 et
657 1265 797 1326 iniectam
821 1265 932 1328 reddit.
977 1265 1170 1344 Consequens
1192 1269 1268 1328 enim
1291 1277 1347 1344 est,

94 1381 99 1389 “
126 1375 236 1450 inquit,
268 1377 300 1428 nt
328 1387 363 1427 en
384 1365 437 1428 Dei
465 1367 535 1428 llatu
563 1365 691 1428 animam
713 1366 844 1444 professi
866 1365 984 1428 initium
1008 1366 1035 1428 ei
1058 1367 1243 1446 deputemus.
1287 1368 1351 1430 llac

125 1471 208 1535 Plato
221 1469 357 1539 excludit,
373 1467 539 1528 innatam
563 1478 598 1529 et
621 1469 802 1530 iniectam
817 1467 944 1530 animam
957 1468 1075 1530 nolens:
1100 1479 1127 1528 et
1139 1478 1237 1529 natam
1253 1476 1350 1530 aulem

124 1573 265 1634 dominus
289 1571 454 1642 elisatam,
478 1587 513 1629 en
528 1568 603 1630 initii
616 1567 837 1632 constitutione.
872 1567 933 1630 Nee
945 1569 1045 1630 statim
1057 1568 1221 1632 erravimus
1233 1578 1350 1630 nnum-

121 1693 179 1752 qne
189 1672 332 1744 dieentes,
341 1670 408 1749 qntia
420 1669 533 1732 seilicet
545 1671 622 1734 aliod
635 1671 674 1731 sit
685 1669 882 1744 natum,aliud
894 1671 1012 1745 laetum,
1022 1679 1054 1732 nt
1063 1679 1138 1759 pote
1151 1670 1221 1732 illud
1233 1671 1349 1732 anime-

119 1773 198 1836 libus
210 1781 395 1851 competens.
418 1770 608 1832 Differentiae
623 1782 729 1846 antem,
752 1791 805 1834 sna
816 1771 952 1834 habenda
966 1772 1029 1834 locs
1039 1779 1069 1834 et
1080 1780 1224 1852 tempora,
1239 1771 1350 1838 habent

119 1874 282 1956 aliquando
305 1881 335 1934 et
355 1873 537 1952 passivitatis
559 1873 745 1937 commercia.
790 1873 874 1954 Capit
890 1874 989 1952 itaque
1004 1882 1034 1936 et
1043 1875 1184 1936 iacturam
1195 1891 1251 1952 pra
1263 1873 1348 1936 nuci

119 1976 211 2058 poni3
235 1974 379 2054 siqnidem
401 1993 500 2048 amne,
524 1974 734 2054 quodqnoqno
750 1977 838 2036 mado
853 1975 1051 2053 aecipitesse,
1072 1985 1239 2055 generatur.
1274 1975 1347 2036 Nam

120 2086 151 2140 et
174 2079 268 2139 isatar
291 2075 355 2156 ipsa
377 2095 486 2156 parens
509 2077 576 2138 laeti
598 2083 699 2156 potest
719 2076 792 2138 dici:
820 2077 863 2138 sic
885 2084 916 2137 et
930 2075 1013 2136 Plato
1036 2075 1137 2138 utitur.
1181 2076 1262 2138 Haec
1284 2076 1347 2138 ilie.

205 2177 257 2240 tx:
303 2177 348 2238 De
370 2188 521 2258 tempore,
545 2197 601 2258 pno
624 2176 696 2239 ltaea
718 2178 790 2240 dato
810 2177 872 2256 suit
894 2177 1037 2256 epistola,
1063 2177 1218 2240 dicendum
1236 2157 1347 2240 instat.

119 2285 248 2346 Constat
278 2284 473 2360 compositam
503 2281 601 2358 {aisse
624 2290 699 2359 post
720 2277 842 2341 Euselii
871 2279 1074 2340 Caesariensis
1103 2286 1252 2352 martem:
1277 2297 1349 2340 nana

117 2387 228 2450 Aeaeis
252 2385 317 2444 eins
339 2399 514 2444 ssaaaessare
537 2385 655 2460 scripta
677 2391 734 2450 est.
757 2391 791 2440 ut
810 2389 896 2458 patet
916 2395 1000 2440 ianm.
1016 2381 1047 2440 3.
1094 2379 1215 2440 Certum
1237 2397 1350 2460 quaque

120 2496 181 2556 ast,
210 2488 361 2562 scriptam
381 2483 478 2560 fuisse
499 2491 621 2544 mortno
644 2480 772 2543 liusedio
795 2479 1027 2547 Niconaedtensi.
1057 2479 1294 2560 quatadopuidem
1315 2480 1350 2540 de

120 2605 166 2658 eo,
191 2598 336 2666 tanquam
358 2587 410 2666 pai
428 2601 491 2646 nan
512 2582 643 2664 amplius
666 2593 745 2645 esset
766 2591 937 2662 superstes,
957 2584 1075 2662 passim
1098 2580 1233 2660 loquitur
1256 2581 1350 2644 Atlan-

118 2691 240 2752 nasins.
289 2685 425 2768 Dent'pue
451 2690 535 2767 pacis
568 2695 701 2766 tempore
730 2683 872 2766 nulloque
901 2686 934 2744 in
963 2681 1162 2745 Athanasium
1188 2695 1350 2762 praesume

117 2794 332 2870 perseeutione
355 2789 462 2852 editam
485 2807 557 2857 esse,
579 2791 713 2849 innuunt
736 2786 806 2847 iaec
828 2785 1021 2865 verbannus
1034 2783 1348 2848 inanimamur:

122 2889 167 2948 Ne
189 2888 321 2960 mireris,
344 2887 369 2948 si
390 2905 470 2948 nunc
491 2888 532 2948 ita
555 2905 589 2946 se
612 2894 715 2963 gerant
728 2886 871 2961 (anisnis,
894 2885 1041 2964 siqnidem
1064 2883 1143 2946 haud
1166 2884 1258 2946 multo
1279 2893 1350 2964 post

124 2988 259 3046 intutum
282 2993 342 3055 est,
365 2993 398 3043 nt
418 2984 508 3044 iidem
531 2985 567 3042 ad
590 2984 712 3043 iniurias
735 3003 768 3043 se
791 2993 1028 3056 sedentariam,
1052 2983 1217 3064 deindeque
1240 2985 1350 3044 colion·

123 3095 185 3148 tent
210 3091 241 3144 et
261 3081 415 3142 tribunum
437 3081 526 3142 nobis
549 3079 778 3155 minitabuntnr3
800 3083 847 3143 his
870 3083 950 3143 enim
971 3092 1033 3144 tata
1056 3084 1191 3143 innitittn
1212 3101 1353 3170 perversa

124 3187 247 3248 illorum
271 3181 415 3244 doctrina.
459 3181 509 3244 lin
530 3181 637 3263 petibus
655 3185 853 3262 perspicuum
872 3184 984 3261 suerit,
1008 3183 1080 3244 liaeo
1103 3195 1173 3244 terna
1195 3187 1437 3262 scripsisset-²⁰⁸·

125 3287 160 3350 S.
183 3287 392 3355 armannum,
417 3301 483 3345 mm
505 3285 695 3364 patescerent
716 3283 828 3345 Ariani
845 3281 980 3366 nihilque
1003 3293 1111 3347 eontra
1132 3287 1232 3363 ipsam
1249 3283 1354 3365 palam

124 3389 320 3454 molirentur.
369 3385 521 3460 Quaer'raa
548 3385 739 3448 statuendum
763 3385 898 3458 videtur,
927 3390 1072 3467 scriptam
1094 3402 1158 3446 esse
1180 3385 1256 3448 iana
1277 3383 1353 3468 spa-

125 3492 236 3555 stalam
257 3490 294 3550 ad
317 3503 395 3550 anna
419 3489 492 3552 350.
515 3487 555 3548 ad
576 3504 690 3549 annum
712 3489 802 3558 354„
825 3505 930 3568 neotpe
948 3499 1020 3568 past
1041 3488 1172 3550 reditum
1193 3487 1354 3551 Athanasii

126 3591 344 3654 Alemandriam
374 3592 469 3651 aan‘sa
493 3588 639 3668 Greparia
663 3589 867 3652 Aleaandriae
889 3591 1161 3671 pseudoepiscopo,
1191 3601 1350 3672 antequam

124 3714 190 3768 eram
212 3698 327 3758 iterum
347 3709 461 3754 occare
485 3695 615 3771 coeperit
639 3689 846 3753 Constantius.

209 3793 245 3856 Χ.
291 3791 330 3856 ln
357 3793 420 3874 fine
448 3792 627 3853 subdamus
649 3789 819 3872 Epistulam
838 3791 963 3854 Buselii
983 3793 1187 3856 Caesariensis
1216 3794 1256 3855 ad
1276 3811 1351 3856 suae

122 3898 287 3961 Paraeeiae
321 3894 472 3965 immines,
505 3893 748 3974 quenadmodum
780 3910 812 3954 se
846 3893 1006 3956 subiecisse
1038 3898 1083 3956 ait
1109 3893 1143 3954 S.
1166 3893 1350 3956 Athanasius

121 4019 205 4063 num.
221 3999 269 4068 3.,
298 4006 334 4058 ut
364 4006 393 4056 et
423 4004 525 4058 enatat
551 3996 584 4055 in
605 3999 814 4075 manuscripta
836 3992 926 4074 Rapio
949 4014 984 4056 ae
1006 4000 1037 4058 in
1060 3991 1225 4058 Basiliensi
1245 3994 1351 4056 Felalt-

119 4103 232 4172 manni,
257 4115 351 4180 eaque
377 4097 409 4156 in
431 4103 511 4158 tama
527 4096 557 4158 2.
581 4096 719 4157 editionis
744 4095 960 4158 Cananelianae
982 4101 1099 4157 inserta
1120 4105 1176 4169 est,
1200 4114 1264 4158 mm
1279 4112 1350 4158 sero

118 4207 208 4266 nimis
229 4199 451 4264 animaduersa
471 4212 528 4259 sua
552 4195 617 4258 laea
639 4196 769 4276 amplias
792 4199 901 4277 reponi
913 4199 974 4256 iam
987 4212 1049 4258 non
1060 4205 1174 4277 posset,
1196 4208 1231 4267 ut
1245 4195 1352 4260 ididem

118 4305 238 4368 diaimr.
283 4297 323 4366 In
345 4298 423 4364 odiis
446 4307 545 4360 autem
568 4297 748 4360 editionibus
766 4302 890 4379 penitus
914 4301 1025 4358 omissa
1047 4297 1117 4374 [nit.

1157 4459 1167 4490 i
