2822 5030
329 221 443 266 conum
457 221 817 270 mommmmunmrun.
1122 213 1184 276 917

0 404 4 429 ;
36 377 297 437 resurrectionem
318 371 543 437 mnunoiareri
586 373 645 436 Sari
665 392 719 437 ros
741 375 840 438 omnia
853 385 974 457 praeter
986 385 1121 444 naturam
1137 379 1267 442 rii-non.

1 496 22 538 is
48 485 79 537 et
101 473 268 555 appellatis,
298 493 336 536 ne
358 475 437 536 iuxta
458 473 621 537 naturalem
644 493 765 540 sensnm
788 480 991 542 oeconomiam
1014 488 1185 544 enarrantes

6 597 25 640 a
50 576 226 656 proferatis,
254 593 361 656 nempe
383 575 511 639 Verbum
539 595 608 639 vero
634 577 784 641 hominem
811 582 919 644 samum
940 599 1020 646 essa.
1063 582 1185 644 Dixistia

1 698 37 739 un
63 679 129 758 ipso
152 677 269 740 Domini
292 695 365 740 vooe
386 685 525 742 testatum
548 679 618 742 iDud
641 697 724 742 esse:
746 680 860 745 Sanam
882 693 911 746 ot
933 689 1072 764 oooitotr'o
1090 685 1186 747 borm-

1 825 2 828 ,
27 783 64 840 in
84 779 199 841 motum
216 797 320 860 prono
341 791 387 842 ast
409 779 446 842 ob
468 781 670 844 adnleseentia
692 799 764 858 auo,
792 800 853 844 non
874 783 1090 866 intelligentes,
1118 803 1184 848 oum

8 881 34 942 it
59 881 96 942 ab
118 879 331 958 odolescentia,
353 880 434 954 illuri,
458 881 537 961 quod
559 881 596 943 ab
618 881 738 944 inimioo
760 882 883 946 insitum
905 885 1035 948 atletale
1057 895 1113 960 ost,
1135 887 1185 950 in-

1 1000 89 1042 *ssa
133 981 263 1062 ideoque
284 983 390 1044 iuravit
411 981 555 1044 Dominus
577 982 669 1045 David
691 982 861 1056 raritatem,
889 983 926 1045 da
954 985 1052 1048 iruotu
1072 987 1185 1049 renuis

1 1105 21 1146 s
47 1103 81 1145 se
104 1082 253 1146 Christum
276 1084 440 1148 seeundum
460 1101 579 1147 earnem
601 1085 805 1158 excitaturum,
828 1103 890 1146 non
904 1085 955 1164 qui
970 1105 1006 1148 ex
1021 1085 1187 1150 Divinitatis

8 1183 125 1246 tatione
147 1185 237 1246 bomo
261 1185 363 1266 speeie
381 1193 468 1250 tonus
490 1185 635 1248 sidonius
659 1194 741 1248 esset
760 1185 903 1275 (alioquin
925 1186 996 1266 quid
1018 1203 1095 1267 opus
1109 1186 1186 1248 iuis-

30 1296 67 1346 nt
96 1286 206 1347 iuraret
232 1285 377 1348 Dominus
399 1285 545 1363 Danieli),
574 1287 627 1349 sed
654 1286 703 1367 qui
733 1289 859 1350 formam
891 1287 969 1350 serui
999 1296 1187 1350 assumturus

0 1396 60 1460 et,
85 1405 120 1448 ex
142 1386 259 1466 Virgine
280 1388 363 1450 nasei
385 1407 420 1450 ao
441 1389 545 1452 astaus
568 1395 756 1468 staturaeque
778 1396 966 1469 aunuentum
982 1397 1089 1452 nostro
1104 1407 1188 1452 more

11 1493 98 1570 ipere
119 1488 304 1568 dignaretur,
328 1497 362 1552 ut
382 1489 424 1552 ait
443 1489 621 1570 Apostolus:
646 1491 726 1564 Quio
747 1509 820 1572 ergo
838 1494 932 1572 pueri
952 1493 1189 1554 communiones-

21 1603 35 1653 t
59 1595 150 1652 corni
169 1594 370 1671 resonarint,
395 1602 424 1654 et
443 1597 508 1673 ipsa
530 1591 671 1654 similitor
684 1596 884 1673 participavit
898 1594 1023 1667 eisdam
1047 1591 1189 1654 subtiliter

9 1693 97 1764 dem,
130 1690 280 1770 quianon
303 1691 491 1764 exsemine,
514 1692 567 1754 ssd
590 1710 626 1753 ex
648 1691 771 1772 Spiritu,
795 1694 1013 1768 otimiano,
1038 1691 1187 1772 quianon

1 1811 21 1853 is
46 1793 241 1872 partioipavit,
263 1793 316 1855 sed
338 1813 374 1855 ox
396 1794 510 1856 semine
531 1792 621 1856 David
645 1801 675 1855 ot
695 1793 829 1856 Abrabae
852 1801 882 1856 et
903 1793 982 1856 Adae
1003 1793 1133 1875 prodiit,
1156 1801 1189 1855 ut

5 1895 104 1974 iptum
128 1901 184 1956 est

45 2200 77 2262 9.
122 2195 182 2258 Cor
208 2194 308 2272 itaqua
335 2209 436 2254 sacras
464 2193 632 2274 Scripturas
654 2201 844 2273 apertamque
872 2193 1027 2254 ueritatem
1053 2185 1196 2273 praeter-'

12 2305 113 2360 tentes
137 2293 250 2355 dicitis:
280 2292 336 2366 „si
356 2311 419 2354 non
441 2311 476 2354 ex
498 2311 533 2354 aa
553 2292 620 2372 ipse
641 2293 687 2354 rir
707 2293 860 2373 apparuit,
883 2293 937 2356 sad
957 2293 1116 2356 humanam
1138 2312 1189 2356 as-

2 2395 137 2458 umendo
167 2392 364 2454 substantiam
392 2393 484 2456 bomo
512 2395 608 2456 iaetus
636 2400 699 2468 est;
738 2411 808 2472 ergo
835 2395 899 2455 riro
928 2394 1104 2457 coniunctus
1132 2401 1190 2470 est,

5 2498 109 2574 ritque
129 2493 274 2556 Dominus
296 2493 424 2574 gloriae,
447 2495 497 2574 qui
519 2495 676 2556 oruoiflxus
699 2502 759 2568 oet,
784 2493 926 2558 bomoi“
969 2495 1002 2558 Si
1024 2495 1114 2576 initur
1134 2513 1189 2560 au-

9 2597 79 2658 ritis
101 2595 220 2658 Petrum
242 2595 402 2658 dicentem:
425 2595 514 2658 Hune
537 2595 692 2658 Christum
714 2608 742 2658 et
764 2595 927 2659 Dominum
948 2597 1023 2676 ferit
1043 2597 1124 2660 Deus
1142 2595 1192 2659 Ia-

27 2747 37 2776 ,
62 2717 148 2780 ortem
163 2717 217 2760 vos
233 2699 442 2779 eran'finistia,
465 2697 605 2777 quirinum
630 2695 738 2759 iaotum
752 2695 947 2776 inteDigetisi
969 2696 1001 2758 si
1016 2695 1104 2757 Verbi
1119 2695 1190 2757 Dei-

9 2819 64 2871 m,
89 2799 192 2877 eenuid
215 2799 312 2861 adhue
325 2799 458 2862 *Arianos
480 2798 718 2878 reprehenditis,
741 2817 808 2860 oum
830 2796 932 2860 eadem
955 2813 1032 2877 quae
1054 2795 1095 2858 illi
1118 2813 1190 2858 sen-

1 2897 69 2961 tis?
113 2898 145 2959 Si
167 2917 238 2960 vero
261 2917 325 2961 eam
348 2899 475 2979 quaein
497 2898 593 2962 Verbo
616 2905 664 2960 est
684 2899 762 2961 servi
784 2899 920 2972 sormam,
944 2915 996 2959 our
1017 2896 1113 2959 adhue
1133 2913 1190 2956 ro·

0 3017 81 3063 oum
103 2997 264 3080 pugnatis?
307 2999 413 3062 Verum
428 3018 614 3080 nequaquam
636 2999 826 3074 ineruditis,
849 3017 916 3060 nam
932 2999 1041 3060 iterum
1055 2995 1277 3064 instatistnnn,

0 3121 27 3162 .1
40 3107 158 3174 natura,
181 3117 256 3179 quae
266 3101 407 3180 probarit,
429 3101 459 3162 iu
470 3101 532 3163 Deo
551 3102 684 3164 existens
699 3109 851 3180 peceatum
867 3118 927 3160 nou
942 3097 1055 3172 feeerit,
1077 3096 1107 3160 ri
1122 3115 1193 3176 ergo

0 3201 155 3275 minetur,
171 3202 251 3282 quod
268 3211 366 3265 autem
384 3202 412 3263 ri
430 3202 588 3277 demetur,
604 3203 636 3264 iu
647 3207 726 3264 statu
743 3199 965 3263 estrioiento.“
993 3197 1032 3262 bt
1045 3197 1144 3276 dicite,
1166 3199 1194 3260 si

1 3325 24 3366 n
40 3321 166 3384 poooaro
181 3321 219 3366 ox
233 3304 414 3368 necessitate
429 3303 472 3376 ut,
493 3321 616 3384 peomne
632 3301 795 3366 seeundum
810 3309 947 3364 naturam
962 3300 1035 3376 erit3
1056 3307 1086 3362 et
1106 3299 1133 3362 si
1154 3299 1194 3362 ita

12 3423 66 3467 res
83 3404 180 3480 babet,
203 3405 372 3468 eonoednis
391 3412 510 3486 oportet
520 3415 643 3468 naturae
657 3413 820 3468 oreatorem
835 3401 947 3482 peceati
967 3419 1035 3464 ease
1047 3399 1193 3482 opificem.

15 3504 95 3566 obsi
106 3505 310 3586 blasphemum
321 3506 393 3570 iDud
405 3515 461 3581 eat
472 3513 503 3568 ot
518 3506 545 3568 si
557 3523 683 3568 neeesse
694 3511 788 3568 estex
799 3501 1104 3582 aoetdenupmeatum
1116 3520 1195 3576 esee,

27 3606 111 3668 idum
133 3614 261 3668 estnon
283 3625 406 3688 peceare
428 3607 590 3670 seeundum
611 3614 746 3670 naturam
767 3606 873 3680 tuisse,
896 3611 984 3684 atque
1001 3604 1075 3666 arieo
1098 3604 1195 3666 torma

0 3740 1 3761 t
24 3709 62 3781 i,
87 3725 161 3786 qrrae
184 3707 214 3768 in
236 3707 324 3772 Verbi
344 3709 460 3772 Deitato
482 3709 634 3790 apparuit,
655 3726 717 3770 nou
739 3706 768 3768 ri
789 3706 905 3779 adacta,
936 3705 990 3767 sed
1012 3711 1117 3784 suapte
1139 3699 1194 3766 ua'·

7 3894 77 3954 nino,
95 3891 138 3942 sed
156 3893 265 3958 proximo
283 3895 311 3944 ad
331 3893 512 3944 similitudinem
522 3894 557 3944 si·
642 3893 666 3943 b.
685 3894 718 3942 ita
743 3893 842 3954 Deguer.
870 3890 968 3941 Gobier.
995 3897 1019 3940 et
1040 3889 1147 3941 Feiokm.
1164 3889 1198 3951 1..

1 3964 71 4012 ilicet.
609 3975 671 4026 quot
689 3961 821 4024 sequimur.
857 3958 918 4008 Eiiti
943 3971 998 4006 tero
1023 3971 1077 4008 oum
1096 3958 1198 4010 castoris

13 4031 82 4080 .Sie
107 4029 208 4090 Sarner.
230 4036 302 4078 rocta.
339 4027 400 4078 111111
424 4041 480 4078 raro
506 4039 559 4076 rtu-
609 4043 669 4078 maa.
685 4025 807 4094 μορφῆς·
832 4018 1093 4080 καὶπᾶλνέαποῖς·
1123 4023 1197 4074 Paulo

22 4094 125 4158 inetur
141 4090 181 4144 δέ.
223 4096 288 4146 iutra
306 4095 405 4158 Segner.
428 4095 498 4146 aetna
514 4087 560 4144 iar
609 4103 666 4160 poet
682 4095 781 4147 Gobiar.
797 4101 824 4144 at
840 4092 945 4144 retortu.
963 4093 986 4144 t.
1011 4083 1054 4142 ὅτι
1076 4085 1092 4152 ἡ
1111 4085 1199 4156 ἆμαρ·

36 4159 149 4229 ἑτέρων.
329 4192 330 4196 =
610 4157 726 4222 τῆσασα.
764 4162 828 4212 inira
847 4161 1054 4223 Signanflobiar.
1072 4167 1095 4210 et
1112 4158 1198 4208 Deiot-

12 4269 17 4279 .
43 4233 76 4281 tta
98 4233 197 4294 Segusa.
232 4231 295 4280 Editi
311 4245 367 4282 vero
385 4222 414 4287 ἐξ
430 4221 522 4280 αὐτοῦ.
611 4233 693 4282 manni
713 4232 735 4280 l.
752 4223 786 4278 τὸ
804 4221 834 4280 δὲ
850 4220 881 4278 ἒν
898 4219 1011 4295 ἀνάγκη.

0 4322 22 4355 2.
42 4301 144 4360 Seguor.
164 4298 234 4350 Gobi.
254 4305 278 4348 et
295 4299 400 4348 Foieim.
419 4299 440 4348 1.
459 4291 561 4365 λαμβά·
645 4300 663 4350 1.
675 4299 785 4360 ‚sigum
802 4291 983 4363 ρλαςφημίας.

4 4378 31 4411 τε
49 4359 95 4414 ἐπὶ
113 4363 161 4425 τῆς
186 4359 332 4431 τοῦλόγου
357 4359 497 4426 θεότητος,
515 4359 562 4414 arai
645 4367 668 4416 k.
687 4367 751 4416 iiaee
774 4367 798 4415 in
822 4364 970 4428 Synodoii.
997 4357 1082 4412 acts
1111 4355 1198 4423 [Drusi

6 4424 56 4484 ἔτι,
77 4434 148 4483 maio.
175 4435 226 4484 tior
240 4436 311 4486 iidero
324 4428 360 4482 tir
378 4427 424 4482 iao
440 4427 558 4484 ἐκείνων.
613 4432 686 4483 Cone.
703 4433 766 4484 eott.
784 4431 900 4484 Tomxl.
919 4445 944 4494 p.
957 4420 1037 4493 bibl.
