3212 5060
598 255 706 298 θΙΙΔΤΙΟ
722 254 765 298 111.
781 253 897 298 CONTRA
912 255 1044 298 biileOS.
1274 234 1278 243 Ι
1349 244 1408 304 571

190 409 457 502 Paulusnscripsit:
497 407 636 470 Gbrr'etos
665 405 723 468 Dm'
747 411 847 469 virtue
870 417 899 470 et
921 406 979 471 Dei
1000 412 1163 490 snpientia,
1194 426 1281 488 quem
1303 427 1496 488 quaesereoo.

191 528 382 593 progressum
405 508 518 590 aceepit
539 506 714 588 Sapientia?

276 717 327 779 52.
371 712 515 774 Homines
544 709 662 791 quidem
691 716 793 790 utpote
815 709 905 770 creati
927 709 957 770 iu
979 712 1084 774 virtute
1106 713 1245 794 progredi
1268 721 1298 774 et
1319 713 1412 792 proii-

191 835 259 878 cere
281 825 417 896 possunt.
461 813 537 875 Hinc
556 812 660 872 Enoch
682 809 841 898 translatus
864 817 925 883 est,
954 811 1128 892 Moysesque
1156 817 1318 878 crescendo
1341 835 1411 895 per.

191 919 353 994 ticiebatur,
377 923 406 977 et
426 915 509 977 Isaac
531 911 711 993 proficiendo
734 929 858 989 magnus
881 921 926 972 cst
948 911 1080 984 effectus,
1101 915 1261 992 Apostolus
1284 917 1353 978 item
1377 917 1412 978 ad

193 1037 323 1101 eanquae
345 1017 443 1097 priora
467 1021 538 1077 sunt
560 1033 593 1076 se
614 1021 740 1074 testatur
762 1012 951 1074 entendere.¹
974 996 1087 1090 Singuli
1110 1013 1220 1076 scilicet
1242 1017 1412 1080 ulteriorem

192 1131 258 1184 aute
282 1141 314 1183 se
342 1119 480 1200 gradum,
513 1135 571 1196 quo
599 1115 866 1194 progrederentur,
899 1113 1040 1178 habuere.
1083 1113 1120 1176 tt
1147 1115 1199 1176 Dei
1219 1115 1333 1192 Filius,
1362 1121 1411 1199 qni

191 1223 310 1303 quidem
333 1221 415 1282 solus
438 1220 502 1298 ipse
525 1226 580 1291 est,
603 1235 730 1296 quonam
752 1235 785 1278 se
806 1225 906 1297 potest
928 1207 1111 1278 extendere?
1140 1207 1247 1278 Omnia
1269 1218 1497 1296 siquidemrnor,

191 1326 223 1384 in
245 1343 312 1384 eum
335 1320 501 1383 contuendo
523 1319 696 1398 proficiunt,
730 1317 794 1396 ipse
817 1337 904 1392 vero,
938 1337 1004 1380 cum
1027 1317 1110 1379 sotus
1137 1318 1192 1390 sit,
1222 1317 1252 1378 in
1280 1318 1347 1380 scio
1368 1329 1415 1380 est

191 1425 290 1496 Patre,
313 1442 329 1484 a
351 1441 410 1502 quo
433 1440 493 1484 nou
515 1421 590 1482 ultre
612 1419 808 1500 progreditur,
832 1420 885 1480 sed
908 1438 1027 1498 semper
1048 1419 1080 1480 io
1103 1437 1139 1480 eo
1161 1427 1270 1480 manet.
1313 1420 1415 1498 imque

192 1525 346 1586 bominum
368 1534 415 1585 est
442 1523 602 1603 proficere,
635 1531 664 1584 at
692 1521 743 1582 Dei
773 1521 881 1593 Filius,
913 1522 980 1600 quia
1008 1519 1082 1582 nibil
1104 1540 1163 1600 quo
1185 1521 1415 1600 progrederetur

192 1627 324 1700 baberet,
346 1645 412 1688 cum
434 1626 464 1686 in
486 1625 573 1686 Patre
595 1624 634 1686 sit
655 1625 819 1703 perfectus,
842 1623 973 1709 seipsum
995 1641 1049 1701 pro
1072 1623 1161 1682 nobis
1182 1621 1359 1694 humiliarit,
1383 1631 1415 1684 ut

191 1747 246 1788 nos
275 1728 305 1790 in
336 1727 399 1788 eius
428 1725 591 1788 humilitate
620 1727 713 1804 magis
743 1743 878 1788 crescere
899 1743 1069 1804 possemus.
1113 1724 1198 1786 tund
1220 1731 1318 1786 autem
1341 1725 1413 1788 nibil

191 1838 239 1890 est
258 1830 471 1892 incrementum
493 1835 639 1902 nostrum,
662 1846 748 1906 quam
772 1827 961 1900 manebus,
984 1845 1186 1906 quaesomus
1210 1835 1338 1900 movent,
1362 1847 1412 1890 rc·

191 1931 328 1994 cedemus
351 1937 382 1992 et
401 1931 438 1992 ad
459 1931 556 2010 ipsum
578 1929 750 1992 accedamus
767 1929 911 2002 Verbunm
934 1929 1172 2009 quandoquidem
1188 1937 1218 1990 et
1233 1929 1297 1990 eius
1312 1929 1411 1992 humi-

190 2032 256 2096 litas
284 2033 357 2095 nibil
385 2033 464 2094 abiud
491 2041 553 2105 est,
583 2049 670 2110 quam
691 2031 771 2110 quod
793 2049 910 2092 carnem
932 2039 1065 2094 nostram
1088 2032 1209 2110 accepit.
1252 2030 1319 2092 Nun
1341 2049 1411 2111 ergo

190 2135 318 2196 Verbum
342 2141 374 2196 ut
394 2133 522 2196 Verbum
543 2133 669 2211 proficit,
692 2150 757 2194 oum
779 2134 940 2210 perfectum
964 2133 1003 2194 sit
1025 2152 1059 2194 er
1082 2134 1220 2212 perfeeto
1234 2132 1321 2195 Patre
1343 2134 1411 2196 nui—

189 2237 274 2316 iaque
297 2236 418 2297 omuino
440 2253 473 2296 re
496 2241 595 2313 egeat,
619 2234 672 2294 sed
694 2234 794 2312 potius
816 2233 880 2294 aliis
902 2233 1075 2311 proficiendi
1098 2233 1137 2294 sit
1160 2251 1258 2320 causa.
1305 2233 1410 2298 Verum

190 2339 239 2400 hte
260 2339 347 2399 etiam
369 2337 499 2397 bumano
522 2354 606 2397 more
634 2336 728 2396 dictus
758 2341 804 2396 est
830 2336 992 2413 proficere,
1025 2335 1163 2412 quoniam
1192 2335 1344 2397 bominum
1373 2336 1413 2397 sit

190 2439 345 2518 proficere.
380 2437 456 2499 Hinc
477 2445 560 2499 caute
582 2436 740 2500 admodum
762 2437 946 2517 Evangelista
968 2445 1092 2498 aetatem
1115 2456 1180 2500 cum
1201 2439 1412 2518 progressione

191 2539 358 2612 coniunxit,
382 2537 528 2618 siquidem
550 2539 627 2600 ordla
650 2546 698 2600 est
718 2539 803 2601 Verbi
827 2547 856 2601 et
876 2539 928 2600 Dei
950 2547 1046 2609 actes,
1076 2539 1130 2602 sed
1152 2549 1262 2601 aetates
1284 2541 1321 2624 ad
1342 2561 1411 2604 cor·

190 2657 264 2720 pora
286 2640 447 2722 pertinent.
490 2640 534 2702 bd
562 2659 670 2721 corpus
700 2641 789 2721 igitur
816 2649 930 2721 spectat
956 2641 1125 2704 huiusmodi
1146 2660 1342 2721 progressus,
1375 2663 1410 2704 eo

188 2741 267 2802 enim
290 2743 464 2823 proficiente
485 2743 516 2806 in
538 2743 604 2824 ipso
625 2745 737 2824 pariter
765 2743 949 2806 cernentium
976 2743 1070 2805 oculis
1099 2743 1269 2822 proficiebat
1296 2745 1410 2822 patcia-

190 2843 249 2904 ctio
271 2843 439 2906 divinitatis.
485 2845 602 2918 Quanto
624 2863 715 2925 porro
737 2839 921 2908 manifestius
936 2845 1071 2915 divinitas
1088 2863 1121 2906 se
1136 2844 1305 2925 explicabat,
1329 2853 1410 2911 tanto

190 2942 283 3020 magis
316 2944 395 3022 apud
428 2963 532 3006 ornnes
560 2946 697 3006 homines
728 2945 819 3026 gratia
848 2945 912 3008 eius
942 2955 1078 3024 tanquam
1100 2945 1228 3008 bominis
1252 2947 1409 3008 crescebat.

132 3097 138 3110 .
191 3043 263 3104 Nam
284 3042 381 3106 inians
405 3045 522 3124 quidem
544 3047 728 3125 gestabatur,
756 3067 832 3128 puer
853 3057 949 3110 autem
972 3049 1064 3118 sactus
1086 3048 1229 3109 remansit
1249 3047 1279 3108 in
1302 3047 1410 3128 oemplo

189 3144 334 3225 ipsosque
356 3147 526 3209 sacerdotes
549 3147 586 3209 de
606 3147 671 3228 lege
693 3148 893 3230 interrogarit.
928 3149 1046 3211 Sensim
1062 3157 1159 3212 autem
1174 3157 1327 3210 crescente
1342 3167 1411 3210 cor-

188 3265 264 3328 pore
287 3255 316 3308 et
337 3246 434 3310 Verbo
457 3249 588 3329 seipsum
611 3249 642 3310 iu
657 3269 693 3312 eo
707 3251 909 3331 patefaciente,
931 3252 1028 3331 primo
1044 3251 1149 3312 Petras
1172 3249 1336 3330 deindeque
1354 3250 1408 3312 aiii
1504 3323 1508 3339 Ι

190 3367 258 3410 eum
280 3368 349 3412 rere
370 3349 477 3412 Filium
497 3349 551 3412 Dei
574 3369 642 3412 esse
664 3353 852 3427 confitentur,
875 3354 1061 3433 quantumvis
1083 3351 1183 3414 iudaei
1206 3370 1271 3414 cum
1294 3360 1409 3414 veteres

182 3457 251 3518 dum
275 3451 343 3512 novi
367 3450 417 3514 isti
438 3447 516 3514 uitro
539 3453 675 3515 claudant
697 3453 809 3529 ocutos,
832 3473 870 3516 ne
892 3455 1017 3529 videant,
1041 3455 1119 3536 quod
1137 3455 1192 3516 -btc
1213 3453 1243 3514 in
1266 3454 1410 3535 supientia

224 3605 248 3654 d.
266 3603 337 3654 besil.
355 3599 513 3670 προκόψειν.
549 3607 636 3669 Regius
657 3608 678 3660 1.
697 3610 774 3670 prima
857 3609 881 3658 b.
901 3609 956 3671 Reg,
970 3610 991 3658 l.
1009 3611 1108 3672 Seguer.
1128 3607 1374 3660 Gobier.et'Feicbm.
1389 3611 1409 3662 l.

190 3687 260 3720 meno
279 3665 422 3738 προκόψῃ,
442 3675 483 3723 sed
503 3676 608 3724 seconde
626 3671 771 3742 προκόψει,
821 3675 970 3742 μετρεῖται.
1008 3677 1069 3726 Editi
1088 3676 1177 3742 otiique
1193 3669 1373 3744 μεμέτρηται.

190 3747 216 3788 nt
233 3741 305 3789 ceteri
324 3749 347 3788 et
362 3743 427 3818 editi.
463 3741 513 3790 bier
532 3743 774 3808 neptesrguer.
858 3745 872 3794 i.
899 3746 939 3795 Sic
957 3744 1132 3810 uterquebeg.
1155 3745 1253 3806 Seguer.
1273 3747 1410 3797 Gobterian.

189 3799 287 3854 ἑαυτοῦ
303 3806 424 3872 βαθμον.
451 3801 772 3879 Regbca'rrrdrpoedpo'r.
823 3811 928 3862 Feiekm.
949 3813 971 3861 1.
990 3821 1013 3862 et
1031 3813 1055 3862 5.
1089 3815 1117 3863 bt
1135 3812 1175 3862 aiii
1194 3821 1216 3862 et
1235 3813 1307 3864 editio
1318 3815 1410 3865 Comm.

190 3875 251 3925 butri
270 3885 293 3923 et
311 3877 351 3924 etii
369 3865 453 3922 critob
469 3870 590 3940 βαθμόν.
822 3871 972 3944 ἀνθρώπῳ.

223 3959 244 3993 e.
262 3943 302 3992 Sic
320 3943 376 4005 fleg.
388 3943 409 3992 l.
420 3945 519 4003 Sessar.
532 3945 628 3994 Gobter.
637 3953 660 3994 et
669 3947 773 3996 Feicbrru
858 3947 880 3996 ir.
902 3949 957 4008 aeg.
971 3947 993 3996 t.
1012 3948 1110 4006 Segaer.
1129 3947 1227 3998 Gobirr.
1239 3957 1262 3997 et
1272 3949 1376 4000 Feiebm.
1388 3952 1411 4000 l.

191 4009 212 4059 t.
248 4013 276 4060 tt
288 4010 363 4060 oiiiet
374 4013 431 4063 editi
448 4001 496 4058 oria
507 3997 586 4076 εἶχεν,
598 4004 771 4068 ἓπεὶτέλεοος.
824 4005 922 4061 ἑαυτὸν
938 4007 968 4062 ἐν
985 4006 1066 4079 αὐτῷ.
1102 4007 1334 4066 retemptabat»
1351 4010 1411 4066 ἑαυ-

187 4078 280 4128 nueu
299 4079 386 4142 usar.
407 4079 478 4128 eutr.
498 4087 521 4128 a
539 4079 676 4129 reterns.
695 4065 729 4139 ἦν
745 4073 775 4129 tv
824 4080 873 4147 sp.
911 4083 989 4132 cusu
1007 4091 1029 4131 u
1048 4083 1103 4132 earn
1121 4075 1330 4148 reuertens.
1347 4134 1358 4162 ¹

67 4191 72 4198 .
189 4144 228 4212 τῷ
245 4148 337 4226 aptot.
372 4147 434 4198 Editr'
461 4157 532 4212 etque
557 4148 597 4198 aiii
623 4138 663 4196 etv
684 4140 715 4196 tv
736 4145 775 4214 τᾷ
859 4150 875 4200 Ι.
894 4149 1125 4212 neptemque.
1143 4145 1188 4199 καὶ
1206 4143 1234 4198 or‘
1251 4147 1309 4200 νέοι
1326 4161 1409 4199 rores

187 4227 280 4280 met.
826 4215 960 4268 Gobierian.
981 4228 1004 4268 et
1022 4219 1125 4269 Fricbm.
1146 4219 1168 4269 l.
1186 4212 1232 4268 καὶ
1249 4215 1306 4266 νέοι
1325 4201 1408 4262 οὗτοι.

223 4283 240 4331 t.
259 4268 293 4342 ἢν
310 4282 415 4334 ueterum
434 4290 472 4333 est
489 4283 512 4332 in
526 4283 582 4346 fleg.
594 4285 616 4334 1.
825 4285 870 4334 tttt
894 4294 917 4335 et
934 4285 990 4336 editi
1007 4277 1053 4334 arni
1069 4281 1127 4336 rior
1144 4277 1223 4336 οὕτω.
1262 4281 1335 4332 rante
1353 4288 1409 4344 post

223 4364 245 4410 g.
264 4351 304 4400 Sic
323 4352 377 4414 fleg.
399 4351 419 4400 l.
445 4359 468 4400 rt
490 4351 589 4413 Segoer.
626 4353 652 4402 in
675 4350 730 4402 eliis
752 4359 775 4403 et
825 4352 881 4416 fleg.
896 4354 917 4403 Ι.
937 4345 979 4402 ὅτι
996 4347 1026 4403 ἰν
1045 4366 1077 4402 σο
1105 4349 1133 4416 ip
1150 4345 1320 4424 ngoxdmfog.
1357 4345 1408 4418 tter
1515 4353 1516 4357 ’

186 4415 259 4466 editis
276 4409 308 4466 τό
328 4419 404 4469 deest.
440 4419 491 4470 Mox
516 4420 572 4482 fleg.
592 4419 613 4472 t.
633 4429 658 4470 et
674 4421 775 4484 Segurr.
825 4421 887 4470 idem
907 4430 930 4471 et
947 4423 1045 4485 Seguer.
1066 4435 1114 4481 την
1128 4414 1233 4484 σοφίαν
1247 4423 1407 4489 scearpeo-

187 4476 306 4549 καὶγὰρ
325 4477 340 4533 ὃ
357 4477 553 4551 semermes.
824 4482 942 4540 κόπτειν.
977 4491 1004 4540 tn
1028 4489 1083 4538 attis
1101 4498 1125 4538 et
1141 4484 1211 4536 editis
1228 4483 1296 4532 deest
1313 4491 1407 4539 «arar.
