3174 5082
278 327 315 395 18
674 339 699 382 s.
714 337 867 382 ιτιιιυιειι
881 335 1101 380 εκεκιεειεεοει

190 498 413 580 ε.εεε.μίμησις
447 490 483 555 δὲ
517 485 608 554 καθὰ
640 493 806 570 προεῖπον
836 482 893 572 τῆς
912 479 1087 570 Ἰουδαϊκῆς
1108 489 1315 570 κακοηθείας.
1362 486 1420 550 καὶ
1444 483 1518 578 γὰρ

181 615 184 620 “
276 591 482 678 ἐλεγχόμενοι
509 582 655 675 κάκεῖνοι
676 583 768 671 παρὰ
789 587 847 671 τῆς
869 581 1043 673 ἀληθείας,
1071 583 1192 670 καὶμὴ
1217 582 1390 668 δυνάμενοι
1416 585 1519 671 πρὸς

276 688 378 779 αὐτὴν
400 685 617 774 ἀντιβλέπειν,
643 683 907 774 ε’προφασίζοντο
929 687 1093 796 λέγοντες·
1116 689 1149 750 τί
1171 693 1283 762 ποιεῖς
1296 683 1335 751 σὺ
1352 696 1515 772 σημεῖον,

276 793 333 860 ἵνα
362 792 484 876 ῦόωμεν
512 793 565 856 καλ
586 787 823 872 πιστεύσωμέν
851 811 925 869 σοι,·
956 793 990 854 τί
1019 785 1182 874 έργάζη”),·
1216 791 1325 851 καίτοι
1353 793 1514 874 σημείων

191 921 267 964 m.
277 893 443 962 τοσούτων
464 897 653 978 γενομένων,
678 885 759 968 ῶςτε
780 891 960 975 λέγεινκαὶ
976 883 1110 967 αὐτούς’
1133 893 1167 954 τί
1181 889 1353 970 ποιοῦμεν,
1377 882 1435 953 ότι
1448 877 1515 953 οῦ-

277 1020 333 1076 τος
356 991 578 1081 ό,ἀνθρωπος
598 990 709 1060 πολλὰ
730 1000 825 1058 ποιεῖ
840 994 1008 1078 σημεῒα’),·
1037 991 1141 1083 νεκροί
1157 987 1218 1074 γὰρ
1234 981 1411 1075 ἠγείροντο,
1436 1014 1514 1072 χω-

277 1100 329 1166 λοὶ
351 1094 582 1184 περιεπάτουν,
606 1094 726 1181 τυφλοὶ
749 1087 940 1178 ἀνέβλεπεν,
965 1092 1082 1177 λεπροὶ
1106 1089 1357 1176 έκαθαρίζοντο,
1381 1092 1441 1156 καί
1465 1091 1510 1155 τὸ

276 1197 363 1287 ῦόωρ
386 1193 474 1278 οένος
497 1197 629 1284 ἐγένετο,
654 1197 707 1262 καὶ
732 1189 801 1260 ἀπὸ
824 1198 925 1260 πέντε
946 1189 1054 1278 ἀρτων
1077 1191 1302 1278 ἐκορέσθησαν
1324 1214 1509 1270 πεντακις-

272 1304 383 1386 χίλιοι.
420 1302 474 1367 καὶ
498 1297 530 1365 οἱ
551 1299 610 1383 μὲν
633 1293 755 1374 πάντες
778 1293 967 1378 ἐθαύμαζον
988 1296 1042 1361 καὶ
1065 1292 1282 1379 προςεκόνουν
1303 1289 1360 1358 τὸν
1375 1289 1506 1376 κόριον,

275 1399 509 1490 ὁμολογοῦντες
531 1397 565 1466 ἐν
588 1391 676 1482 αὐτῷ
700 1397 916 1483 πληροῦσθαι
936 1393 995 1474 τὰς
1011 1399 1217 1482 προφητείας
1231 1395 1285 1460 καὶ
1301 1385 1401 1459 αὐτόν
1414 1385 1507 1458 εἶναι

273 1503 355 1572 θεὸν
377 1505 436 1570 τοῦ
459 1502 543 1568 θεοῦ
566 1497 623 1564 τὸν
646 1496 732 1565 υἱόν·
755 1495 853 1581 μόνοι
875 1497 911 1563 δέ
933 1497 965 1562 οἱ
983 1504 1176 1580 Φαρισαῖοι,
1200 1493 1230 1588 εί
1251 1497 1303 1560 καὶ
1327 1493 1504 1580 ’λαμπρό-

273 1630 353 1690 τερα
382 1600 477 1688 ἡλίου
506 1597 690 1688 φαινόμενα
719 1586 758 1682 ,ἦν
785 1597 827 1664 τὰ
855 1603 988 1684 σημεῖα,
1023 1593 1113 1682 ὅμως
1135 1595 1239 1664 πάλιν
1261 1595 1431 1683 ἐγόγγυζον
1457 1591 1503 1676 ῶς

275 1699 422 1788 ἀμαθεῖς
443 1703 497 1768 καὶ
520 1699 646 1785 ἔλεγον·
670 1698 759 1764 όιατί
781 1697 819 1765 οὐ
843 1691 1083 1785 ἀνθρωποςῶν
1095 1708 1206 1776 ποιεῖς
1222 1697 1359 1766 σεαυτὸν
1374 1696 1502 1780 θεόν’),·

274 1802 418 1892 ἀφρονες
445 1804 500 1869 καί
527 1804 573 1887 τῷ
597 1797 669 1868 ἀντι
690 1801 809 1888 τυφλοί
831 1799 889 1887 τὴν
912 1799 1070 1868 διάνοιαν.
1117 1801 1191 1866 όίον
1212 1799 1250 1865 τὸ
1274 1798 1417 1883 ἔμπαλιν
1441 1797 1501 1867 αό-

274 1903 352 1984 τοὺς
379 1905 499 1990 λέγειν·
529 1897 620 1968 ἀιατί
647 1901 687 1967 σὺ
710 1901 791 1981 θεὸς
814 1896 859 1968 ῶν
882 1899 1066 1987 ἀνθρωπος
1088 1905 1223 1988 γέγονας
1230 1930 1241 1982 ,·
1273 1899 1315 1966 τὰ
1336 1899 1397 1987 γὰρ
1421 1901 1499 1988 ἔργα

275 2005 357 2073 θεὸν
380 2000 479 2072 αὐτόν
503 2004 671 2084 ἐδείκνυεν,
695 2004 751 2072 ἵνα
772 2001 830 2089 τὴν
850 2005 910 2088 μὲν
934 1999 1128 2091 ἀγαθότητα
1139 2003 1197 2068 τοῦ
1210 1993 1340 2088 πατρὸς
1353 2027 1495 2091 πρυςκυ-

274 2107 409 2196 νηοωσι,
432 2105 491 2194 τὴν
514 2107 549 2173 δὲ
572 2103 613 2174 δι’
638 2101 723 2191 ἡμᾶς
745 2100 844 2173 αὐτοῦ
869 2101 1057 2189 οἰκονομίαν
1080 2101 1299 2187 θαυμάσωσι·
1322 2107 1420 2172 τοῦτο
1434 2107 1494 2190 μὲν

274 2204 350 2277 οάτε
372 2208 490 2295 ἔλεγον,
515 2201 583 2274 ἀλλ’
608 2204 683 2276 οῦτε
704 2207 746 2275 τὰ
767 2205 922 2295 γινόμενα
943 2207 1079 2293 βλέπειν
1103 2203 1285 2290 ἐβούλοντο.
1319 2199 1495 2294 ἢῦβλεπον

271 2314 348 2396 μέν·
371 2309 408 2391 ἐξ
427 2303 567 2406 ἀνάγκης
587 2309 649 2396 γὰρ
672 2297 710 2398 ἦν
734 2304 935 2396 όρῦναότά·
958 2306 1061 2374 πάλιν
1084 2308 1120 2374 ἀὲ
1142 2297 1311 2395 ἐγόγγυζον
1332 2309 1491 2394 μεταβαλ-

271 2412 419 2496 λόμενοι·
449 2413 540 2480 ἀιατί
568 2411 602 2478 ἐν
624 2413 671 2496 τῶ
695 2409 851 2496 σαββάτῳ
873 2409 1074 2498 θεραπεύεις
1096 2407 1153 2477 τὸν
1175 2408 1411 2495 παραλυτικὸν,
1441 2413 1494 2476 καὶ

270 2511 328 2578 τὸν
357 2512 392 2579 ἐκ
419 2513 549 2596 γενετῆς
570 2510 696 2597 τυφλόν
718 2508 793 2578 τότε
815 2515 925 2589 ποιεῖς
948 2507 1193 2596 ἀναβλέπεινίμ
1231 2513 1329 2577 τοῦτο
1353 2511 1388 2578 δὲ
1409 2509 1494 2598 πρό-

273 2635 376 2698 φασις
408 2609 511 2676 πάλιν
539 2600 578 2695 ἦν
605 2613 658 2676 καὶ
687 2611 789 2694 μόνον
817 2610 1007 2698 γογγυσμός.
1044 2615 1097 2679 καὶ
1125 2611 1186 2698 γὰρ
1215 2611 1249 2678 ἐν
1278 2621 1352 2692 ταῖς
1378 2609 1493 2691 ἀλλοις

272 2705 408 2796 ἡμέραις
435 2707 683 2796 θεραπεύοντος
706 2715 764 2778 τοῦ
786 2719 898 2798 κυρίου
921 2715 1034 2780 πᾶσαν
1058 2713 1155 2782 νόσον
1177 2715 1230 2780 καὶ
1254 2717 1363 2781 πᾶσαν
1383 2713 1490 2796 μαλα-

270 2815 358 2891 κίαν,
389 2809 509 2878 ἐκεῖνον
536 2810 690 2898 συνήθως
719 2813 919 2900 ἐμέμφοντο,
943 2817 1144 2900 καὶμᾶλλον
1165 2813 1289 2903 ἤθελον
1313 2809 1490 2901 ἀθεότητος

271 2911 354 2996 ἴχειν
377 2907 539 2981 ῦπόνοιαν
561 2913 780 3000 Ι’Βεελζέβοῦλ
803 2909 1025 2999 ὀνομάζοντες,
1049 2911 1070 3003 ἢ
1091 2912 1304 3004 ἀρνήσασθαι
1325 2915 1382 3004 τὴν
1405 2914 1490 2982 λόίαν

268 3020 439 3102 πονηρίαν.
485 3008 643 3084 ἀλλὰκαὶ
668 3013 772 3097 οῦτως
794 3019 852 3083 τοῦ
875 3021 1023 3104 σωτῆρος
1044 3020 1240 3106 πολυμερῶς
1261 3020 1313 3085 καί
1329 3015 1490 3103 πολυτρό-

267 3139 342 3196 πως
370 3115 574 3198 όεικνόοντος
603 3119 738 3186 ’ἑαυτοῦ
768 3116 995 3208 τὴνθεότητα
1023 3122 1076 3187 καί
1100 3115 1384 3206 εὐαγγελιζομένου
1407 3121 1489 3186 πᾶσι

266 3223 403 3304 πατέρα,
428 3213 523 3318 οόόέν
545 3211 643 3306 ἧττον
667 3219 781 3304 ῶσπερ
805 3220 852 3296 είς
874 3226 990 3304 κέντρα
1004 3221 1207 3301 λακτίζοντες
1223 3215 1394 3308 ἀντέλεγον
1409 3221 1487 3288 ἐκεῖ·

266 3340 319 3383 νοι
338 3320 613 3404 μωρολογοῦντες,
638 3319 694 3384 ἵνα
714 3319 816 3400 μόνον
838 3319 921 3386 κατὰ
941 3320 999 3406 τὴν
1021 3329 1120 3390 θείαν
1136 3329 1320 3408 παροιμίαν
1335 3320 1486 3410 ἀπροφά-

267 3437 337 3494 οεις
359 3407 607 3504 ίφὲυρίοκοντες
627 3424 815 3503 χωρίσωοιν
838 3419 973 3501 ἑαυτοὺς
995 3417 1064 3490 ἀπὸ
1086 3427 1144 3510 τῆς
1166 3419 1334 3511 ἀληθείας.

351 3521 380 3582 2.
423 3509 577 3583 Ἰουδαῖοι
597 3519 658 3601 μὲν
680 3508 753 3585 ‘ofin
776 3520 809 3586 οἱ
831 3521 905 3590 τότε
919 3527 1058 3590 τοιαῦτα
1072 3525 1339 3614 πονηρευόμενοι,
1363 3527 1416 3592 καί
1432 3518 1486 3608 ἀρ-

267 3613 420 3701 νούμενοι
452 3616 510 3684 τόν
540 3617 666 3706 κόριον,
702 3619 835 3702 εἰκότως
861 3627 927 3690 τῶν
956 3649 992 3692 τε
1020 3623 1129 3710 νόμιον
1145 3629 1204 3694 καί
1227 3630 1285 3716 τῆς
1306 3625 1392 3714 πρός
1412 3624 1505 3704 τοῦς

223 3809 225 3812 Ι
264 3721 412 3803 πατέρας
440 3717 636 3806 ἐπαγγελίας
664 3720 725 3800 ἔξω
753 3722 913 3809 γεγόνασι.
958 3729 1011 3792 καλ
1031 3721 1197 3813 Ἆρειανολ
1221 3729 1257 3796 δὲ
1280 3731 1335 3795 νῦν
1354 3723 1485 3794 Ἰουδαΐ-

264 3815 374 3900 ζοντες
402 3812 429 3886 τ’
454 3815 553 3888 αὐτόν
582 3846 642 3905 μοι
672 3823 806 3891 δοκοῦσι
833 3827 973 3910 πάσχειν
1001 3831 1048 3915 τῶ
1071 3829 1212 3918 Καιάφα
1239 3831 1293 3896 καί
1321 3839 1393 3908 τοῖς
1413 3825 1484 3896 τότε

266 3925 481 4005 Φαρισαίοις·
505 3916 599 3990 οάδέν
622 3921 682 4009 γὰρ
706 3919 846 4012 ὁρῶντες
869 3927 1001 4014 εῦλογον
1026 3929 1163 4012 λ’γουοαν
1186 3931 1310 3999 ἑαυτῶν
1325 3931 1382 4019 τὴν
1399 3930 1483 4016 αἵρε-

263 4041 333 4101 σιν,
363 4021 553 4112 προφάσεις
582 4023 769 4108 ἐπινοοῦσι,
795 4028 886 4096 διατί
903 4035 1003 4097 τοῦτο
1026 4033 1080 4096 καὶ
1100 4028 1145 4116 μὴ
1168 4035 1266 4098 τοῦτο
1287 4039 1481 4119 γέγραπταις

261 4121 316 4188 καλ
336 4121 381 4212 μή
404 4148 459 4192 τοι
478 4125 665 4216 θαυμάσῃς,
690 4127 720 4195 εί
740 4132 876 4196 τοιαῦτα
898 4135 954 4197 νῦν
969 4135 1194 4219 μηχανῶνται·
1214 4130 1283 4219 μετ’
1302 4131 1411 4220 ὀλίγον
1423 4131 1480 4219 γὰρ

333 4275 543 4341 1)102n.6,30.
613 4283 721 4346 2)Ιοεα.
743 4287 782 4348 11,
801 4285 843 4336 47.
915 4286 940 4348 3)
959 4287 1025 4340 Ιοεο.
1047 4289 1085 4350 10,
1104 4289 1144 4340 θθ.
1215 4291 1241 4350 4)
1260 4291 1325 4342 ίοεο.
1344 4291 1369 4341 ό.
1387 4298 1410 4341 οι
1425 4289 1449 4340 9.

295 4426 318 4464 ι.
336 4412 392 4475 fleg.
409 4409 608 4486 λαμπρότερον.
936 4439 956 4472 ε.
975 4423 1015 4474 Sic
1033 4425 1089 4488 λες.
1125 4425 1169 4476 Ani
1187 4440 1243 4476 τειο
1261 4433 1285 4476 ει
1302 4425 1360 4477 editi
1374 4415 1462 4476 αάτυῦ.

295 4479 318 4530 b.
336 4478 371 4530 Ιιε
389 4481 445 4544 λος.
464 4493 488 4534 ει
504 4485 576 4538 Βεεῖί.
611 4487 675 4540 Εῶιί
699 4501 754 4539 vero
778 4501 846 4538 men·
934 4490 958 4540 d.
977 4491 1020 4544 ίῖῖι
1043 4493 1128 4546 alludit
1151 4495 1176 4545 S.
1195 4493 1339 4546 Athanasius
1363 4495 1394 4546 ad
1415 4493 1478 4546 Ριοι.

261 4543 320 4596 dosa
338 4546 429 4601 addunt
447 4543 503 4612 τόν.
