3212 5060
550 211 848 266 amaroruconrru
861 211 997 258 munos.
1314 201 1377 264 535,

153 391 219 434 non
250 371 309 433 iam
340 364 506 438 terrestris,
521 441 524 452 .
539 362 593 426 sed
619 361 747 426 Verbum
776 364 891 444 etipsa
914 363 1018 427 ellecta
1041 372 1123 426 esset
1144 363 1183 426 ob
1205 365 1303 446 ipsum
1324 367 1460 430 morse.

157 473 303 546 Verbum,
326 469 406 549 quod
428 466 524 528 nostri
547 483 635 526 causa
658 483 725 527 caro
748 466 855 528 lactum
879 476 933 528 est
1025 455 1040 528 J

243 575 295 640 34.
339 571 378 634 Ut
409 577 508 630 autem
526 557 704 640 ¹accuratius
732 567 873 646 cognosci
900 569 1013 646 possit,
1046 578 1181 632 naturam
1207 567 1295 630 Verbi
1316 569 1376 649 pati

149 676 232 739 nibil
253 692 360 755 posse,
391 669 546 748 carnisque
568 668 755 729 infirmitates
777 678 899 746 propter
919 671 1114 750 carnemipsi
1136 669 1271 744 attribui,
1300 671 1379 733 baud

24 763 26 772 ¹
113 841 117 852 ,
158 778 195 840 ab
217 796 250 838 re
273 775 329 836 erit
349 773 468 835 beatum
490 771 610 832 Petrum
633 768 752 842 audire3
779 757 888 846 'dignus
911 767 1056 846 siquidem
1077 772 1161 832 testis
1185 780 1244 845 est,
1274 772 1320 833 cui
1343 772 1379 832 de

159 879 310 941 Salvatore
332 873 441 938 dicenti
463 873 537 934 fides
559 870 712 933 habeatur.
749 869 799 931 Sio
822 887 892 948 erqo
914 869 946 930 in
960 868 1094 948 Epistola
1116 871 1233 933 scribit:
1260 873 1378 938 Cbrr‘sto

160 981 255 1060 ipr'tur
279 994 341 1058 pro
364 976 450 1038 nobis
472 991 564 1035 corne
582 988 687 1052 poseo.
730 969 860 1032 Proinde
883 969 1085 1036 cumesuriro
1107 971 1213 1035 dicitur
1235 982 1263 1034 et
1284 973 1378 1048 sitire,

160 1067 312 1152 laborare,
335 1078 489 1157 ignorare,
520 1073 667 1140 dormire,
690 1072 778 1146 llere,
801 1072 971 1151 postulare,
1001 1072 1118 1150 iugero,
1142 1074 1239 1149 nasci,
1261 1074 1379 1138 calicem

161 1181 330 1262 deprecari,
363 1197 398 1239 ac
426 1173 553 1255 denique
580 1193 780 1254 quaecumque
808 1175 904 1236 carme
930 1173 1052 1255 propria
1081 1181 1166 1247 sunt,
1198 1173 1235 1236 de
1257 1173 1380 1251 singulis

161 1293 243 1346 recte
263 1281 319 1344 dici
341 1278 455 1359 possit:
485 1275 602 1338 Christo
625 1276 714 1354 igitur
735 1293 823 1336 carne
844 1293 899 1356 pro
921 1275 1009 1336 nobis
1032 1273 1180 1337 esuriente
1203 1273 1464 1352 asloensem

162 1402 254 1462 seque
281 1382 417 1460 ignorare
445 1379 575 1451 dicente,
604 1377 736 1456 colaphis
765 1395 852 1438 caeso
874 1385 904 1440 et
925 1377 1076 1440 laborante
1097 1394 1152 1457 pro
1173 1375 1261 1437 nobis
1284 1394 1381 1452 carne,

164 1483 287 1546 exaltato
309 1481 396 1554 item,
418 1486 748 1552 nascente„crescente
771 1497 875 1552 carne,
899 1479 1021 1540 timente
1041 1486 1072 1539 et
1093 1477 1201 1540 latente
1222 1495 1326 1552 carne,
1349 1498 1384 1542 ac

162 1585 277 1646 dicente
300 1581 450 1644 similiter:
479 1579 516 1640 Si
535 1579 608 1660 fieri
625 1590 737 1660 potest,
762 1590 900 1644 trement
920 1600 940 1642 ο
960 1599 1006 1642 mc
1029 1579 1111 1642 colam
1133 1584 1204 1652 iste,
1226 1579 1381 1660 vapulante

160 1694 189 1747 et
210 1682 373 1764 accipiente
401 1699 456 1761 pro
486 1679 574 1742 nobis
604 1699 710 1754 carne,
733 1681 770 1742 in
799 1681 904 1744 ceteris
926 1681 1043 1744 demum
1067 1678 1214 1742 similibus
1236 1681 1292 1742 rite
1314 1681 1381 1744 addi

159 1794 260 1866 queat:
279 1803 342 1866 pro
364 1783 451 1847 nobis
476 1801 578 1846 corne.
612 1782 726 1845 ldcirco
749 1782 827 1844 enim
850 1791 880 1844 et
894 1783 959 1862 ipse
973 1781 1134 1862 Apostolus
1150 1781 1236 1845 dicit:
1261 1783 1380 1846 correo

156 1891 253 1968 ipitur
271 1903 365 1968 porro
388 1903 450 1946 non
472 1869 639 1958 divinitate,
669 1884 724 1946 sed
741 1902 802 1964 pro
824 1883 911 1946 nobis
936 1901 1043 1956 corne,
1066 1892 1100 1945 ut
1120 1882 1187 1946 illae
1208 1885 1392 1980 affectiones¹

160 2005 221 2050 non
241 1987 381 2068 propriae
398 1986 488 2048 Verbi
510 1995 642 2058 naturae,
664 1985 719 2047 sed
741 1985 836 2047 carnis
858 1988 963 2047 notura
984 1985 1122 2064 propriae
1145 2003 1212 2048 esse
1234 2003 1379 2063 agnosce·

158 2099 272 2152 rentur.
315 2088 431 2151 Nemini
452 2087 541 2167 igitur
563 2088 636 2147 haec
656 2086 783 2147 humana
806 2085 867 2146 sint
889 2087 1043 2157 scandalo,
1074 2085 1129 2146 sed
1157 2104 1261 2148 omnes
1282 2087 1381 2165 potius

158 2207 372 2270 agnoscamus,
405 2187 535 2248 Verbum
564 2185 682 2264 quidem
711 2202 765 2264 pro
793 2193 916 2245 naturae
944 2203 1015 2246 suae
1037 2183 1205 2246 conditione
1227 2185 1300 2246 nihil
1320 2187 1381 2266 pati

158 2310 261 2371 posse,
284 2289 338 2352 sed
359 2295 484 2368 propter
505 2304 633 2359 carnem,
656 2301 744 2364 quam
765 2284 870 2358 induit,
893 2284 1010 2352 istailli
1033 2282 1163 2358 attribui,
1185 2287 1252 2366 quia
1274 2304 1381 2368 nempe

159 2391 232 2453 baec
254 2389 354 2450 carnis
383 2388 504 2468 propria
533 2395 619 2460 sunt,
652 2385 809 2467 ipsumque
837 2403 943 2465 corpus
967 2385 1126 2449 Salvatoris
1149 2395 1195 2448 est
1215 2388 1379 2476 proprium.

161 2489 306 2564 Quocirca
329 2489 376 2550 ille
401 2489 519 2570 quidem
542 2487 629 2552 nullis
646 2508 680 2550 ex
694 2495 800 2550 natura
822 2507 874 2550 sua
897 2487 1043 2549 obnoxius
1066 2487 1270 2552 allectionibus
1293 2481 1380 2552 si'cuti

162 2601 209 2654 est
230 2600 393 2671 permanet,
417 2611 471 2654 nec
492 2591 528 2654 ob
551 2591 597 2652 his
620 2590 754 2666 laeditur,
777 2591 828 2653 sed
853 2609 901 2652 eas
923 2590 1023 2671 potius
1046 2589 1124 2652 delet
1145 2599 1175 2651 et
1197 2592 1379 2666 exterminat,

161 2694 299 2756 homines
328 2702 441 2770 autem,
473 2692 545 2773 ipsis
575 2692 779 2754 allectionibus
801 2693 831 2754 in
859 2691 958 2766 illum,
992 2690 1041 2770 qui
1069 2709 1169 2753 earum
1192 2709 1298 2771 expers
1322 2701 1378 2767 est,

162 2795 252 2856 veluti
273 2794 422 2856 translatis
444 2802 474 2855 et
495 2793 609 2868 deletis,
632 2792 669 2854 iis
693 2801 723 2853 et
744 2793 801 2872 ipsi
822 2791 907 2854 liberi
927 2793 1039 2873 pariter
1059 2791 1089 2852 iu
1104 2803 1279 2872 perpetuum
1294 2781 1397 2870 flunt,

163 2893 408 2976 quemadmodum
423 2893 479 2954 ,bis
499 2892 598 2954 verbis
614 2893 739 2954 loannes
762 2892 864 2982 docete
887 2891 926 2955 m
947 2897 1030 2955 scitis
1053 2894 1131 2974 quod
1152 2893 1203 2956 ille
1224 2900 1378 2975 apparuit,

164 3005 199 3056 ut
225 3005 348 3073 peccato
365 2983 647 3083 ,nostro'tollerrm
676 3005 704 3056 et
727 3005 882 3074 peccorum
912 2997 944 3055 in
973 3011 1005 3056 eo
1027 3005 1163 3056 nonest.
1210 2994 1292 3066 Quae
1313 3013 1379 3056 eum
1438 3065 1440 3073 ¹

164 3093 204 3155 ita
227 3093 296 3166 sint,
319 3093 416 3156 nullus
440 3102 517 3154 certe
539 3095 622 3156 locus
645 3096 793 3157 haeretico
816 3093 990 3174 relinquitur
1004 3094 1063 3155 boc
1076 3093 1164 3155 modo
1181 3093 1379 3158 obtrectandi:

165 3195 392 3270 „Quare-earo,
415 3214 489 3276 quae
511 3206 614 3258 nature
643 3197 778 3272 mortalis
800 3205 853 3269 cst,
875 3194 1046 3265 reviviscit?
1069 3195 1156 3270 Quod
1178 3195 1203 3257 si
1220 3195 1378 3273 reviviscit,

94 3289 101 3307 '
165 3315 246 3371 „eur
267 3283 328 3358 non
350 3295 456 3360 iterum
480 3298 572 3359 esurit
594 3308 623 3359 et
645 3298 709 3360 sitit
730 3307 760 3361 et
779 3297 890 3380 patitur
911 3297 1101 3377 mortalisque
1121 3306 1230 3373 manet,
1254 3315 1320 3359 cum
1342 3317 1378 3361 ex
1438 3282 1442 3288 ⁴

165 3483 232 3532 deest
250 3483 272 3534 in
292 3482 346 3532 aliis
364 3491 388 3534 et
405 3483 461 3533 edit.
492 3449 748 3536 (lobienet'i'elclrm.
796 3485 840 3534 itii
865 3492 888 3534 et
911 3484 983 3534 editio
1010 3483 1125 3534 Commel.
1150 3477 1197 3532 oro
1221 3481 1312 3532 τοῦτο
1330 3475 1378 3534 οὒκ

167 3550 188 3600 l.
201 3551 312 3601 omittunt
325 3552 379 3600 item
393 3546 474 3616 σαρκί
487 3560 542 3616 post
552 3547 746 3620 κρυπτομένου.
796 3543 898 3620 εἴρηκε·
915 3549 1039 3617 Χριστοῦ
1055 3545 1196 3632 (redderer
1211 3543 1330 3632 drdqqr't,

796 3616 1378 3766 ,alatr,strumarum

797 3767 925 3885 roiqtqq&
952 3823 972 3872 l.
991 3823 1089 3884 Segner.
1114 3823 1211 3874 Gobler.
1229 3822 1335 3874 llelclm.
1354 3824 1378 3876 1.

198 3902 220 3951 g.
242 3889 381 3950 Sequerirn.
405 3887 502 3939 Gobler.
520 3888 623 3938 Felckm.
643 3889 664 3938 l.
682 3897 707 3938 ct
723 3887 746 3938 2.
798 3891 909 3940 omittunt
927 3881 963 3944 oc
979 3881 1044 3938 iore.

166 3958 278 4006 omittunt
298 3949 344 4004 troi
367 3947 436 4009 ὅλως
456 3950 546 4004 πάντα
570 3949 604 4002 τὰ
622 3955 743 4004 τοιαῦτα.
832 3959 853 4006 lt.
872 3957 912 4008 Sic
930 3957 1054 4020 lieg.1.et
1071 3956 1169 4020 Sequor.
1195 3958 1224 4007 st
1241 3958 1265 4008 io
1283 3958 1337 4009 aliis
1355 3967 1379 4011 et

164 4023 193 4074 bt
208 4023 232 4073 in
250 4032 352 4088 utroque
369 4025 426 4087 licg.
444 4023 569 4074 basilicos.
585 4023 706 4086 inplicta.
724 4031 748 4072 ot
775 4061 779 4068 .
797 4025 867 4074 editis
890 4025 959 4075 deest
975 4017 1019 4078 dr.
1062 4023 1114 4074 lior
1136 4025 1226 4088 duplic.
1244 4019 1289 4074 stoi
1312 4019 1381 4074 cirro-

165 4089 318 4142 Fclclrmaoni
336 4091 359 4142 b.
379 4100 475 4158 praeter
491 4091 532 4142 illa
556 4091 626 4141 verba
653 4091 747 4141 additur
795 4085 959 4158 λειμμένων;
978 4091 1100 4142 mendose.
1123 4093 1152 4143 m
1170 4093 1226 4155 neg.
1239 4094 1260 4142 l.
1279 4095 1378 4156 Sequor.

164 4149 231 4226 ὑπὲρ
249 4151 328 4226 ἡμῶν
345 4161 427 4229 σαρκί
443 4161 508 4224 quod
527 4161 550 4210 in
563 4159 617 4208 aliis
635 4167 659 4208 et
676 4158 747 4209 editis
797 4167 821 4210 et
837 4161 909 4210 editio
928 4160 1044 4210 Commel.
1061 4153 1107 4208 sai
1125 4150 1337 4226 ἃπηλειμμένων.

165 4226 241 4305 dpest.
266 4229 317 4304 llos
335 4228 433 4306 Remi.
447 4235 476 4307 ,οι
493 4228 592 4307 Sequer.
611 4219 656 4274 ded
668 4216 744 4306 fodq'
831 4226 847 4276 l.
875 4227 979 4278 veretro.
1002 4227 1026 4278 2
1049 4235 1074 4279 at
1097 4227 1169 4280 editio
1192 4226 1308 4279 Commel.
1331 4222 1379 4282 vit·

165 4305 267 4358 οιρηκε·
285 4295 408 4361 Χριστοο
426 4308 475 4343 ουν
490 4293 747 4373 audomarensi-eo·
797 4287 940 4374 dpoprlorc,
960 4296 1083 4376 mendoso.
1185 4362 1191 4374 ι

164 4357 746 4499 :uestreamesctera:
796 4363 1263 4494 rr,ur{retriutorem

163 3691 166 3700 ,
198 3651 216 3701 i.
239 3641 285 3698 ἀπ’
303 3643 370 3718 ἐμοῦ
387 3652 455 3701 deest
473 3653 495 3701 io
515 3654 570 3716 lien.
591 3653 611 3702 l.
630 3661 653 3703 et
671 3655 742 3718 Sego.

163 3719 287 3784 iidemque
304 3719 392 3769 ibidem
410 3729 433 3768 et
451 3720 546 3770 Gobler.
565 3737 591 3770 ac
606 3721 708 3772 Felclm.
721 3722 745 3774 1.

165 3787 278 3838 omittunt
296 3785 388 3842 τοῦτο,
407 3779 453 3833 καὶ
470 3783 644 3853 τυπτομένου.
