2872 5046
352 215 469 260 conant
483 215 702 260 succurramur
717 215 805 260 ursan
819 201 857 260 1.‘
1146 203 1209 270 889

26 379 121 444 tare,
147 367 273 447 impium
296 366 399 440 luerit3
422 366 476 428 sed
497 365 548 446 qui
570 365 607 428 dc
622 365 753 428 hominis
766 366 992 446 inobsequentia
1003 370 1210 448 quaestionem
1220 383 1295 430 caat.

20 473 89 546 uit,
116 467 262 532 iudicium
284 466 375 540 dedit,
399 483 459 546 quo
482 465 630 546 duplicem
652 485 767 546 poenae
789 470 968 531 seutentiam
990 470 1123 548 protulit,
1147 481 1209 532 ter-

21 595 36 636 a
71 569 200 650 corpori
223 568 341 630 dicens:
368 567 463 630 Terra
485 585 517 630 ea
539 578 568 630 et
588 571 622 630 in
645 580 762 631 terrum
783 575 960 647 reuerteris,
983 579 1071 650 atque
1092 571 1132 634 ita
1147 571 1209 632 lio-

27 695 52 735 o
96 671 279 734 sententiam
312 671 427 731 ferente
460 667 613 747 corruptio
646 687 757 749 corpus
790 671 912 750 excipit,
945 671 1061 734 animae
1095 681 1208 734 autem:

17 787 80 836 rte
104 775 270 846 mortaria
299 781 329 834 et
357 772 401 832 sic
431 770 464 832 in
492 769 566 831 duas
595 769 737 830 dividitur
764 779 863 848 partes
885 771 976 834 homo
999 774 1211 855 damnaturque

16 877 99 937 *duo
123 873 266 936 secedere
286 872 361 934 loca.
407 869 553 943 Quocirca
570 888 648 950 opus
670 869 725 932 luit
745 869 904 944 iudicante,
926 881 959 933 ut
980 873 1046 952 ipse
1067 893 1211 953 peraeae

23 997 63 1038 m
93 977 226 1037 solveret
247 974 415 1046 decretum,
445 973 515 1034 dum
537 971 567 1032 in
590 973 686 1032 torma
709 971 838 1033 damnati
859 971 1028 1034 indemnata
1049 983 1080 1036 et
1099 976 1212 1055 peccati

23 1086 104 1142 orte
127 1077 212 1138 risus
235 1085 290 1148 est,
313 1084 346 1136 ut
367 1081 397 1136 et
418 1072 619 1136 reconciliatio
642 1073 693 1134 liei
717 1091 785 1135 cum
806 1074 930 1135 homine
951 1073 1045 1146 fieret,
1068 1084 1098 1136 et
1119 1077 1211 1140 liber·

15 1259 17 1264 Α
45 1179 153 1241 totius
186 1175 317 1238 hominis
345 1194 400 1256 per
427 1173 580 1266 homiuem
609 1173 742 1236 oriretur·
767 1173 956 1236 in0novitate
985 1175 1120 1254 imaginis
1147 1179 1213 1241 Filii

22 1305 31 1342 r
62 1281 140 1341 lesu
164 1277 273 1341 Christi
295 1276 414 1338 Domini
435 1275 542 1337 nostri.
588 1275 676 1348 Quod
699 1274 726 1336 si
749 1275 819 1339 mihi
841 1275 929 1338 alium
950 1276 1149 1338 damnationis
1163 1278 1211 1339 lo-

23 1403 36 1444 ι
66 1389 194 1461 praeter
215 1379 272 1441 hos
295 1379 372 1440 duos
394 1377 525 1440 indicare
547 1376 663 1450 valetis,
686 1377 794 1438 merito
818 1377 952 1440 dixeritis
966 1379 1005 1441 'in
1027 1386 1089 1439 tres
1111 1387 1212 1458 partes

29 1485 75 1558 di=
96 1481 249 1542 hominem
273 1489 303 1540 ct
324 1497 359 1540 ex
382 1479 499 1541 duobus
522 1478 641 1558 quidem
662 1478 736 1539 locis
759 1480 979 1542 revocationem
1003 1482 1108 1542 tactam
1132 1499 1212 1556 esse,

37 1582 141 1646 tertio
171 1599 240 1642 vero
270 1581 386 1652 tertiam
415 1587 530 1661 partem
558 1597 679 1642 manere
706 1578 832 1640 vinculis
862 1580 1036 1660 colligatam.
1081 1581 1113 1643 Si
1141 1600 1212 1644 vero

23 1689 97 1748 lum
121 1683 210 1745 alium
233 1682 330 1748 locum
355 1681 513 1744 ostendere
535 1679 664 1760 potestis
686 1690 805 1759 praeter
826 1682 995 1761 sepulcrum
1010 1691 1041 1744 et
1055 1677 1213 1759 iule'rnum,

34 1785 168 1866 quibus¹
188 1783 279 1844 homo
301 1783 431 1861 perlecta
455 1791 577 1861 ereptus
601 1782 641 1842 sit
663 1781 796 1852 (Christo
818 1799 873 1860 per
894 1801 978 1844 suam
1001 1784 1162 1861 perlectam
1184 1795 1215 1846 et
1327 1851 1333 1864 ,

21 1887 174 1950 issimam
202 1884 328 1946 iormum
356 1893 478 1946 noemae
508 1881 636 1944 similem
663 1901 721 1943 nos
744 1882 916 1959 liberante),
945 1903 998 1946 our
1023 1886 1120 1948 adhuc
1146 1886 1215 1950 talia

12 1987 138 2059 tertis,
161 1985 245 2066 quasi
266 1985 346 2046 Deus
369 1985 498 2046 humano
522 1985 624 2063 generi
646 1985 779 2046 nondum
801 1985 1010 2047 reconciliatus
1033 1985 1097 2047 stt?
1127 1987 1214 2060 Quo-

22 2094 68 2154 do
96 2088 189 2168 igitur
208 2086 343 2148 Salvator
364 2081 506 2146 advenit?
529 2103 566 2146 au
588 2085 669 2164 quod
690 2103 751 2145 non
774 2094 879 2164 posset
900 2093 995 2146 totum
1017 2085 1134 2148 solvere
1155 2087 1214 2148 ho-

22 2188 121 2254 rem?
145 2205 182 2250 an
205 2186 284 2265 quod
307 2194 447 2256 mentem,
470 2202 546 2262 quae
568 2184 660 2246 semel
682 2184 865 2263 peccaverit,
889 2184 930 2246 sit
951 2185 1147 2248 exsecratus?
1176 2203 1215 2250 au

22 2294 63 2354 rsi
91 2290 222 2359 timeret,
245 2305 284 2352 ne
306 2294 336 2347 et
359 2287 424 2365 ipse
446 2285 558 2362 peccati
580 2287 732 2364 particeps
756 2292 846 2358 esset,
870 2285 897 2345 si
912 2301 978 2346 cum
993 2283 1073 2347 Deus
1089 2287 1129 2347 sit
1142 2303 1214 2368 per·

20 2405 76 2456 tus
105 2391 197 2450 homo
219 2384 329 2447 lieret?
373 2385 433 2447 Sed
454 2385 620 2464 impietatis.
637 2385 716 2464 pleni
739 2395 819 2458 sunt,
842 2386 894 2464 qui
916 2385 990 2446 haee
1011 2385 1050 2446 ita
1073 2387 1213 2466 cogitant.

19 2509 80 2552 ‚arn
106 2487 185 2548 enim
208 2497 329 2567 peccato
352 2487 553 2550 definitionem
577 2485 723 2560 tribuitis,
747 2487 797 2566 qui
819 2487 894 2548 haec
913 2486 1083 2566 loquimini,
1106 2505 1214 2568 pecca·

11 2583 42 2654 ¹u
68 2591 187 2654 alenus
210 2609 247 2654 ex
268 2599 372 2653 natura
395 2605 474 2662 csse,
497 2598 531 2650 ut
552 2588 625 2650 dixit
646 2589 842 2668 impiissimus
862 2586 1077 2652 Manichacus?

68 2997 124 3056 to.
167 2991 247 3054 llaec
268 2991 338 3052 dum
360 2991 400 3052 ita
423 2991 558 3065 sentitis,
582 2991 732 3055 Creatoris
754 3001 879 3056 naturae
902 2993 1107 3055 criminatores
1130 2993 1213 3058 cstic

11 3115 56 3161 rm
80 3093 120 3156 alr
142 3093 228 3154 initio
253 3093 332 3154 licus
347 3093 439 3154 Adam
462 3093 638 3168 efformavit,
661 3113 731 3156 num
754 3094 888 3156 innatum
911 3093 968 3172 ipsi
992 3102 1145 3173 peecatum
1167 3096 1213 3158 el·

10 3195 78 3260 cit?
127 3194 204 3267 Quid
227 3193 316 3274 igitur
330 3205 488 3275 praecepto
504 3213 582 3274 opus
598 3193 676 3257 luit?
698 3213 751 3257 cur
767 3194 848 3257 illum
865 3195 1023 3269 damnavit,
1045 3195 1125 3274 quod
1140 3213 1213 3274 pec·

10 3294 110 3362 sset?
133 3311 192 3376 quo
214 3305 301 3375 pacto
322 3296 415 3358 Adam
437 3304 505 3358 ante
527 3295 761 3358 inobedientiam
783 3314 844 3358 non
866 3294 1039 3374 cognoverit
1058 3295 1169 3358 bonum
1185 3307 1216 3358 et

11 3397 122 3463 alum?
166 3399 261 3470 Quem
290 3393 403 3460 scilicet
423 3397 503 3459 Deus
523 3388 639 3460 'creant
667 3398 699 3460 in
721 3397 974 3478 incorruptionem
997 3405 1027 3458 et
1048 3397 1084 3458 ad
1107 3396 1213 3478 imagi·

10 3521 52 3563 rm
77 3515 152 3560 suae
172 3497 374 3571 aeternitatis,
396 3499 524 3562 eundem
545 3503 652 3562 natura
673 3499 786 3580 peccati
808 3506 929 3578 experte
951 3508 982 3560 et
1003 3498 1153 3560 voluntate
1175 3497 1213 3559 li·

10 3621 56 3663 rra
86 3598 224 3674 donavit,
248 3599 370 3664 lneidic
391 3609 493 3664 cutem
515 3601 628 3664 diodoli
648 3619 734 3666 nturi
756 3597 894 3664 rittraoit'
907 3605 942 3664 in
962 3602 1124 3678 madunt,
1147 3617 1215 3662 cum

15 3823 39 3871 d.
61 3819 104 3868 Sic
124 3816 236 3878 Segusa,
255 3819 292 3868 cul
312 3821 432 3896 consentit
449 3819 572 3898 Nunnium
624 3814 674 3900 air(
692 3811 900 3902 dpcprdcmoe,
919 3813 935 3884 ἢ
955 3813 991 3876 ὥς
1008 3815 1213 3888 cruentaverat,

24 3890 99 3938 editus
117 3879 232 3949 λέγοιτο.
272 3886 321 3936 llox
347 3888 410 3936 idam
434 3889 565 3949 Sescenta
624 3901 671 3938 act
689 3901 780 3942 curor.

10 3972 33 4014 y
51 3947 202 4014 ἀνάκλησιν
216 3948 369 4017 γεγονέναι,
387 3947 418 4002 ἐν
428 3947 458 4002 δὲ
469 3953 509 4020 τῷ
519 3949 575 4021 τρί-

10 4039 23 4088 l
47 4019 143 4090 W
167 4013 197 4070 ἐν
221 4015 333 4086 “W“
355 4015 387 4070 ’ὁ
406 4017 461 4070 ⁶⁸⁶·
501 4025 574 4072 ''⁸⁰¹‘'
626 4059 701 4122 areop.
721 4057 761 4107 nr.
782 4066 831 4108 tom
857 4055 1213 4122 concupiendum

10 4080 518 4224 βρἷξιξξῆᾞξὲνξῗῂῗω’ἦ’ἆ’““λ·
532 4101 575 4154 ⁷⁸*
624 4121 715 4258 {affin
734 4125 808 4182 cont.
827 4125 889 4176 cort.
909 4126 1026 4176 roan.
1046 4123 1172 4192 piacet.
1191 4129 1216 4174 n

19 4244 41 4278 a.
64 4225 98 4294 τῇ
121 4217 318 4291 &decenderat
341 4225 410 4276 deest
433 4226 456 4274 in
474 4223 575 4286 Segasa.
677 4229 706 4242 '⁹

10 4297 48 4344 lo.
85 4299 137 4344 ltux
149 4296 248 4355 sepner.
268 4294 365 4345 Gobler.
385 4302 408 4343 et
426 4293 531 4342 Felcltm.
553 4293 573 4342 l.
659 4293 740 4356 aste
758 4289 859 4356 Sepuer,
879 4294 977 4346 Gobler.
996 4301 1019 4342 et
1038 4289 1216 4342 tetrante
1332 4342 1338 4354 ,

27 4353 63 4413 ὥς
88 4353 224 4410 ἀδυνάτου
248 4351 490 4416 incatenantur
508 4351 574 4425 σύμ·
625 4360 714 4412 Srnod.
733 4363 858 4414 Constant.
877 4363 900 4413 in
915 4363 984 4412 editis
994 4351 1161 4425 ἀφθαρσίαν
1168 4351 1216 4408 aui

11 4442 79 4476 αντα
104 4421 270 4497 ἄνθρωπον,
289 4421 305 4492 ἢ
324 4421 360 4484 ὡς
375 4423 574 4496 postventura
624 4411 725 4479 adadun.

660 3991 676 4040 l.
695 3991 760 4041 llaec
778 3989 920 4040 adseruntur
938 3989 960 4039 in
979 3991 1075 4056 Spirorlo
1094 3991 1215 4041 Constan-
