3212 5060
540 279 650 324 oacrio
665 281 708 326 ur.
725 281 841 326 norrea
855 281 992 328 neuros.
1099 342 1102 353 Ι
1314 273 1377 336 577

137 438 187 502 bis
207 435 306 500 verbis
328 433 431 496 docet:
454 431 637 496 Potestotem
660 431 751 495 babeo
770 435 908 515 ponenda·
923 436 1056 500 animoso
1070 453 1174 507 meam.
1190 447 1218 499 et
1229 445 1454 518 potesta-reos.

141 553 199 606 tem
221 531 448 602 bobeo‘a'rercm
471 533 611 595 sumendi
630 551 703 606 eona,
726 542 756 594 et
778 553 864 597 nemo
889 535 975 599 tollet
997 555 1061 600 eom
1083 555 1103 598 o
1123 555 1179 600 me.
1396 617 1399 627 .

223 645 275 705 55.
320 635 523 706 Verumbaeo
545 651 605 694 non
627 641 749 696 naturae
772 635 871 708 Verbi,
894 647 1040 715 quatenus
1064 637 1193 702 Verbum
1215 649 1271 713 est,
1293 659 1367 720 pro-

138 741 204 823 pria
227 749 328 812 erant,
357 736 410 798 sed
433 735 581 809 Verbum,
611 753 629 794 o
653 733 759 796 Christi
783 735 887 796 hostes
910 745 939 798 et
960 738 1067 818 ingrati
1089 739 1204 814 ludaei,
1227 742 1258 804 iu
1280 759 1369 804 earne

138 845 214 905 baec
241 841 373 922 patiente
401 836 557 900 existebat.
601 835 678 896 ilinc
706 835 763 898 ista
792 853 854 896 non
876 845 945 898 aute
967 855 1084 900 carnem
1103 825 1272 904 'assumtam
1294 842 1370 905 dicta

141 952 221 1014 sunt,
245 942 299 1004 sed
321 949 479 1022 postquam
502 937 632 1000 Verbum
655 955 725 1000 earo
748 937 884 1000 etbomo
900 939 1079 1012 estfactum,
1102 940 1175 1002 baec
1189 941 1226 1002 de
1240 941 1370 1004 bumana

140 1055 246 1106 natura
268 1043 345 1106 diota
367 1060 436 1104 esse
459 1035 682 1119 scriptumest.
725 1039 811 1102 Certo
832 1039 898 1113 ille,
927 1039 965 1102 de
986 1057 1045 1119 quo
1068 1039 1127 1101 ista
1149 1041 1259 1120 scripta
1285 1051 1365 1118 eunt,
1437 1087 1443 1098 .

140 1145 285 1216 Lazarum
308 1164 330 1212 a
358 1129 486 1206 mortuis
514 1141 664 1216 excitavit,
695 1161 800 1222 aquam
823 1131 969 1204 convertit
989 1141 1022 1204 in
1043 1143 1159 1214 vinum,
1189 1159 1275 1204 caeco
1297 1151 1367 1206 nato

139 1245 237 1310 risum
258 1243 400 1318 restituit,
423 1253 453 1305 et
474 1241 561 1304 dixit:
585 1243 647 1322 Epo
671 1241 700 1308 'et
721 1244 816 1307 Peter
836 1263 932 1307 unum
955 1259 1070 1307 rumor.
1116 1241 1263 1315 Quocirca
1286 1245 1313 1304 si
1335 1263 1371 1306 ex

141 1348 279 1410 humanis
312 1347 377 1408 eius
410 1344 502 1424 gestis
530 1345 720 1406 occasionem
749 1353 867 1425 captant
894 1345 1046 1408 humiliter
1073 1353 1102 1406 et
1123 1343 1237 1406 abiecte
1258 1343 1296 1406 de
1317 1342 1370 1406 Ilei
1470 1411 1474 1418 ,

140 1449 216 1510 Filio
239 1447 404 1520 sentiendi,
431 1446 584 1508 imovero
607 1446 761 1508 bominem
784 1465 853 1509 eum
875 1455 969 1510 totum
993 1466 1009 1508 e
1031 1454 1129 1521 terra,
1151 1464 1211 1507 uon
1234 1453 1332 1506 autem
1355 1463 1372 1510 e

142 1549 224 1612 caelo
256 1567 324 1611 esse
356 1547 552 1622 arbitrantur3
586 1565 640 1610 our
667 1566 728 1610 uon
758 1550 847 1610 etiam
875 1567 911 1610 ex
939 1547 1047 1611 divinis
1076 1547 1160 1610 lactis
1176 1545 1313 1610 'Verbum
1340 1547 1373 1610 in

141 1651 230 1713 Patre
263 1649 393 1713 existens
428 1657 594 1729 agnoscunt
625 1650 838 1730 propriamque
875 1650 1030 1732 deponunt
1056 1647 1262 1730 impietatem?
1310 1648 1372 1712 lllis

142 1752 222 1814 euim
243 1751 312 1812 lieet
331 1750 502 1831 perspicere
525 1749 653 1812 eundem
676 1751 800 1812 omnino
827 1769 906 1826 csse,
929 1751 979 1831 qui
994 1751 1110 1813 illorum
1127 1769 1252 1832 operum
1268 1759 1371 1816 auctor

141 1861 197 1926 est,
221 1853 322 1931 etqui
343 1851 464 1932 patibile
485 1869 595 1932 eorpus
618 1870 653 1912 ae
674 1851 786 1914 babere
811 1853 954 1928 ostendit,
976 1871 1043 1915 eum
1064 1852 1136 1916 illud
1151 1853 1232 1926 llere,
1256 1852 1371 1916 esurire
1380 1855 1463 1916 eaor!

141 1963 173 2016 et
199 1972 275 2033 quae
302 1952 437 2034 corporis
466 1952 588 2032 propria
618 1961 689 2016 sunt
715 1953 746 2015 iu
775 1973 811 2016 eo
832 1972 978 2035 apparere
998 1953 1146 2035 permisit.
1190 1953 1371 2018 Huiusmodi

142 2053 252 2135 quippe
280 2055 416 2136 eorporis
445 2054 652 2116 allectionibus
681 2053 921 2130 demonstrabat,
944 2073 995 2130 se,
1017 2074 1084 2117 cum
1105 2055 1186 2117 Deus
1208 2063 1292 2116 esset
1312 2057 1371 2118 im·

140 2155 310 2235 passibilis,
332 2155 503 2235 passibilem
527 2154 706 2216 assumsisse
728 2173 865 2229 caruem,
887 2163 917 2217 at
938 2175 974 2218 ex
997 2155 1139 2234 operibus
1161 2155 1256 2234 palam
1280 2155 1371 2216 lacie-

142 2257 209 2332 bat,
234 2277 285 2332 se,
314 2275 380 2318 oum
403 2257 457 2318 Dei
479 2255 608 2316 Verbum
631 2263 729 2329 esset,
751 2255 903 2316 bominem
924 2263 1030 2334 postea
1052 2255 1161 2316 lactum
1184 2273 1271 2329 esse,
1293 2255 1374 2318 uude

140 2359 251 2424 aiebat:
276 2359 309 2420 st
330 2357 413 2430 mihi,
436 2365 561 2436 utpote
583 2375 672 2436 quem
694 2357 824 2418 bumano
848 2373 976 2435 corpore
995 2353 1135 2417 ainictum
1150 2355 1281 2429 cernitis,
1305 2373 1372 2418 ore-

141 2461 213 2522 dere
235 2477 295 2520 uon
319 2456 423 2530 ruitis,
446 2456 552 2518 saltem
574 2456 718 2536 operibus
741 2457 869 2532 credite,
898 2464 933 2520 ut
954 2455 1140 2536 cognoscatis
1162 2474 1211 2518 me
1232 2457 1262 2518 iu
1284 2455 1371 2518 Patre

142 2571 175 2624 et
200 2561 319 2623 Patrem
351 2557 464 2630 inme
496 2577 575 2620 eece.
619 2558 709 2621 Plane
736 2558 926 2638 impudentes
954 2565 983 2620 et
1009 2557 1093 2638 impii
1122 2557 1281 2620 admodum
1304 2575 1372 2620 esee

141 2661 214 2724 mibi
243 2661 381 2723 videntur
408 2660 519 2722 Christi
548 2659 727 2734 adversarii,
761 2661 811 2741 qui
840 2661 982 2723 nimirum
1010 2659 1061 2722 ubi
1083 2659 1231 2722 audierint
1258 2659 1320 2739 Epo
1343 2667 1373 2722 et

140 2763 356 2828 Paterninum
383 2779 503 2833 scmus.
537 2780 661 2824 sensum
693 2761 855 2824 verborum
883 2761 1049 2824 adulterare
1079 2769 1110 2822 et
1130 2760 1227 2822 Patris
1248 2779 1283 2824 ac
1305 2759 1371 2822 Filii

141 2865 285 2926 unitatem
309 2862 441 2924 dividere
462 2862 534 2925 totis
557 2873 704 2925 conantur
725 2863 849 2936 viribus,
872 2883 941 2926 oum
962 2869 1061 2926 antem
1083 2863 1211 2937 llevisse,
1234 2861 1370 2937 sudasse,
1487 2865 1489 2872 ’

141 2981 264 3042 pessum
293 2979 360 3023 esse
387 2964 527 3036 audiunt,
557 2981 619 3024 non
648 2981 757 3043 corpus
786 2965 979 3044 adspectant,
1011 2964 1066 3025 sed
1093 2983 1128 3025 ex
1150 2963 1198 3026 bis
1221 2963 1300 3026 inter
1321 2979 1371 3025 res

146 3069 260 3124 creatae
289 3079 373 3135 eum,
403 3079 568 3142 perquem
591 3065 684 3126 iactae
706 3064 772 3128 illae
795 3074 882 3139 suut,
912 3065 1023 3128 audent
1042 3083 1246 3128 annumerare.
1279 3063 1370 3140 ¹Quid

144 3181 215 3243 ergo
246 3163 343 3226 adbuc
368 3163 437 3225 illos
466 3164 545 3225 iuter
576 3173 606 3226 et
633 3165 758 3227 ludaeos
787 3165 937 3229 interest?
980 3166 1019 3228 Ut
1040 3165 1118 3228 euim
1140 3165 1182 3228 illi
1204 3165 1257 3228 uei
1280 3183 1372 3246 opera

143 3263 234 3344 impie
254 3265 422 3327 Beelzebuli
444 3265 666 3340 adscribebant,
690 3267 729 3329 ita
752 3267 813 3341 isti,
836 3267 904 3348 quia
926 3267 1084 3330 bominum
1098 3285 1232 3348 ‚operum
1253 3267 1372 3330 illorum

144 3375 294 3430 auctorem
327 3366 405 3430 inter
430 3387 481 3429 res
508 3377 622 3431 maetas
646 3369 809 3444 collocant,
844 3369 963 3432 easdem
986 3387 1020 3431 ac
1041 3368 1082 3432 illi
1103 3387 1217 3451 poenas
1238 3367 1371 3450 pendent

73 3541 84 3560 .
144 3467 350 3548 inexpiabiles.

230 3672 282 3734 56.
326 3669 414 3750 Atqui
437 3689 562 3751 aequum
585 3671 704 3748 luisset,
726 3672 794 3736 illos
817 3691 854 3736 ex
876 3672 923 3734 bis
946 3669 1376 3752 verbiallpoetl’otercoum

178 3905 201 3952 g.
219 3891 260 3942 Sic
278 3897 378 3954 uterque
396 3890 453 3951 lleg.
472 3891 603 3953 etSeguer.
639 3895 667 3942 tt
677 3893 733 3943 editi
786 3893 877 3943 ibidem
901 3891 1007 3942 l'dlelrm.
1026 3889 1049 3941 2.
1074 3905 1129 3939 cnm
1154 3890 1224 3940 editis
1247 3883 1292 3938 arci
1310 3882 1375 3942 idac.

143 3965 167 4007 et
185 3958 226 4008 alii
244 3948 344 4010 odrair.
381 3959 512 4022 Utrumque
535 3966 614 4009 autem
633 3960 733 4010 uberta
785 3961 864 4016 Ceteri
883 3973 942 4009 mss.
959 3953 1006 4006 arel
1022 3950 1058 4006 τὰ
1076 3950 1142 4006 ἴδια.

143 4025 249 4075 Fslclm.
268 4026 292 4074 ὅ.
328 4025 394 4084 Oura
419 4027 506 4074 ibidem
525 4035 674 4089 sequuntur,
698 4029 734 4078 sic
818 4029 834 4077 i.
853 4027 954 4088 Segoer.
980 4027 1078 4077 Gobler.
1108 4033 1131 4076 et
1157 4025 1261 4076 Felelm.
1283 4026 1306 4076 l.
1331 4017 1375 4074 ὅτι

143 4101 237 4142 exstant
264 4095 287 4144 in
312 4093 417 4146 l'elclrua
436 4091 458 4142 2.
487 4101 511 4142 et
539 4095 562 4143 iu
591 4094 669 4144 editis.
706 4095 732 4144 lu
783 4107 813 4143 τε
830 4086 904 4147 θεός.
938 4087 1376 4156 uoxueg.t.arsteguer.to‘etaroev

143 4161 199 4210 aliis
217 4169 297 4210 autem
316 4175 374 4210 mss.
395 4161 425 4210 ita
438 4161 538 4222 legitur:
556 4152 733 4215 nuicdcdro'r
785 4153 876 4210 αὐτόν,

142 4220 219 4276 ἔστιν
247 4221 262 4275 d
287 4223 333 4276 καὶ
359 4221 394 4276 τὰ
416 4221 485 4296 ἔργα
509 4227 600 4277 ποιῶν
618 4221 632 4276 ὅ
651 4222 734 4284 αὐτός
821 4230 843 4278 tr.
864 4229 918 4308 dep.
939 4227 961 4278 l.
985 4235 1008 4278 et
1031 4229 1132 4290 Segner.
1155 4220 1206 4292 κᾷν
1223 4220 1299 4294 ἐμοὶ,
1318 4222 1375 4290 βλί-

142 4288 220 4345 lcrtr
238 4287 252 4343 d
270 4291 316 4344 aral
333 4289 365 4344 τὸ
384 4295 473 4364 σῶμα.
785 4287 1080 4361 ποντεςανθρῶπινον,
1096 4291 1289 4362 περιβεβλημέν
1322 4291 1374 4340 oui-

178 4365 202 4414 b.
221 4365 320 4427 Seguer.
340 4365 587 4416 contanceruto.
599 4365 629 4428 l..
641 4355 734 4416 αὐτόν.
784 4379 826 4430 μα
842 4357 880 4442 pig
898 4357 1055 4425 πιστεύητε·
1075 4357 1142 4414 ἀλλὰ
1155 4357 1206 4428 κᾷν
1217 4363 1275 4416 coir
1296 4372 1374 4428 pyott·

144 4432 185 4480 Sic
203 4433 259 4482 item
278 4435 355 4496 prima
375 4447 447 4483 manu
466 4435 489 4483 in
510 4433 582 4494 Regio
602 4435 632 4493 l.,
651 4441 675 4484 at
692 4449 733 4483 ee·
784 4443 931 4484 πιστευετε.

145 4501 224 4550 cunda
249 4515 320 4550 mauu
345 4490 429 4556 αὐτά,
454 4510 480 4551 ut
498 4504 521 4550 in
540 4501 594 4552 aliis
612 4501 733 4554 aredius.
819 4501 836 4550 l.
854 4500 911 4568 Rea,
932 4501 954 4552 l.
973 4508 997 4552 et
1015 4500 1114 4564 Sepuer.
1134 4490 1309 4548 enelamur.

178 4585 306 4630 llruartaru
319 4597 371 4630 oar.
385 4598 458 4630 ooox.
468 4599 520 4632 sac.
1135 4582 1167 4634 37
