3174 5082
412 344 556 387 srrsrom
572 343 609 386 ns
625 345 766 394 necnerrs
782 345 927 388 nrcssnle
943 345 1059 390 ersom.
1306 335 1347 398 ιθ

122 509 303 580 receperunt
324 513 401 571 eum,
425 495 504 557 dedit
526 500 569 557 eis
589 509 767 578 potestatem
787 497 870 578 filios
886 495 944 560 Dei
962 497 1042 580 fieri.
1086 497 1148 559 ntia
1171 517 1242 560 sero
1265 499 1430 561 eius-uem.

122 601 190 662 dem
216 597 300 660 vocis
327 595 502 675 signiticatiu
529 607 591 671 est,
620 617 676 677 qua
698 597 781 660 lsaac
801 597 933 660 Abrabae
956 599 1063 660 dicitur
1084 599 1179 672 lilius,
1209 609 1239 662 et
1261 601 1348 662 iacob
1398 637 1404 640 -

122 701 230 770 isaaci,
260 709 291 760 et
312 697 499 760 Paniarcbae
520 697 628 759 laeobi.
672 699 881 778 Respondeant
908 699 997 779 igitur
1024 718 1083 779 quo
1105 719 1198 762 seusu
1221 701 1274 762 llei
1296 702 1347 763 qq.

122 803 195 864 lium
218 819 288 862 esse
310 797 520 876 intelligentes,
542 799 599 858 ista
621 797 658 858 de
680 799 729 858 illo
752 800 859 862 audent
881 800 1018 862 effutire?
1061 801 1163 863 Nullus
1186 803 1265 864 enim
1288 803 1345 864 dn-

122 905 199 974 bito,
222 902 294 981 quin
316 899 353 960 ad
375 899 509 959 eamdem
532 897 723 959 devolvantur
744 899 922 976 impietatem
944 909 1030 978 atque
1047 903 1213 966 Eusebiani.
1257 903 1346 977 Quod

127 1003 153 1061 si
175 1019 279 1063 vocem
302 999 366 1061 Filii
389 999 552 1061 secundum
575 999 705 1078 priorem
729 999 971 1078 significationem
988 1003 1081 1062 l'erbu
1103 1006 1268 1078 attribuant,
1284 1025 1345 1085 quu

127 1121 234 1182 rrempe
256 1121 347 1164 sensu
369 1101 416 1164 bis
440 1101 526 1162 ctiam
549 1100 696 1173 convenit,
720 1100 770 1180 qui
793 1100 832 1162 ob
854 1119 955 1162 mores
977 1101 1006 1160 in
1029 1103 1132 1164 martius
1147 1115 1273 1166 mutatos
1289 1107 1346 1167 lmc

126 1205 249 1267 nomine
278 1203 435 1282 dignantur
462 1211 491 1262 et
518 1211 694 1282 potestatem
723 1202 802 1264 filios
824 1202 876 1265 [lei
899 1202 962 1264 lieri
985 1203 1132 1282 accipiunt
1152 1209 1237 1282 (quae
1259 1207 1345 1268 etiam

126 1306 246 1368 illorum
269 1313 333 1367 erat
354 1303 514 1379 doctrinam
536 1304 573 1376 si,
596 1303 726 1383 inquam,
750 1303 789 1366 ita
812 1303 915 1365 volunt
937 1323 1013 1376 esse,
1036 1303 1109 1364 nibil
1131 1323 1203 1365 sarae
1224 1325 1241 1365 a
1263 1308 1347 1368 uobis

125 1408 256 1470 Verbum
279 1407 398 1468 differre
420 1405 575 1478 ridebitur,
599 1423 655 1466 nac
675 1404 846 1484 unigenitus
869 1405 1012 1468 dicendus
1035 1405 1103 1478 erit,
1126 1405 1234 1486 quippe
1257 1405 1351 1484 quiet

126 1509 192 1588 ipse
218 1516 341 1588 propter
369 1507 504 1569 rit-tutem
530 1507 597 1568 Filii
624 1525 734 1567 nornen
761 1507 800 1568 sit
826 1515 1011 1568 consecutus.
1062 1505 1193 1585 Namque
1225 1507 1351 1574 etiamsi,

123 1609 373 1689 quemadmodum
401 1607 552 1682 dictitent,
579 1607 645 1669 talis
673 1609 737 1668 lore
764 1609 989 1687 praecognitus,
1018 1608 1106 1669 simul
1130 1617 1161 1669 ut
1182 1617 1271 1670 natus
1293 1619 1349 1678 est,

122 1711 187 1772 Filii
210 1729 319 1772 nomen
342 1709 490 1788 buiusqne
512 1710 642 1772 nominis
664 1710 754 1770 decus
776 1710 936 1788 acceperit:
968 1719 1065 1774 tamen
1088 1709 1160 1770 nibil
1181 1709 1260 1770 iuter
1281 1729 1348 1771 cum

121 1821 153 1874 ct
186 1813 255 1874 illos
288 1811 441 1882 intererit,
477 1810 534 1890 qui·
555 1819 623 1890 post
652 1811 715 1889 ipsa
746 1829 835 1889 opera
863 1811 1111 1872 eodemnomine
1135 1823 1205 1873 sunt
1226 1811 1347 1891 dignati,

122 1914 265 1993 quamdiu
294 1911 404 1974 sedicet
430 1912 495 1991 ipsc
518 1931 582 1973 eam
605 1912 754 1973 dumtaxat
775 1911 813 1972 ub
834 1931 951 1974 causam
974 1913 1051 1975 lilius
1075 1933 1141 1974 esse
1164 1911 1347 1974 attenuabi-

125 2027 184 2076 tur.
229 2013 345 2076 Etenim
365 2013 474 2088 bdam,
502 2015 554 2092 qui
581 2014 704 2092 gratiam
732 2013 817 2074 initio
839 2019 1006 2093 acceperat,
1037 2015 1183 2093 simulque
1205 2033 1239 2075 ae
1260 2023 1347 2075 natus

124 2125 174 2178 est
196 2117 226 2178 in
247 2115 382 2196 paradiso
404 2113 459 2176 luit
481 2115 652 2186 collocatus,
675 2115 748 2176 nibil
770 2115 923 2176 differebat
943 2115 979 2176 ab
1001 2112 1134 2186 Euocho,
1156 2115 1207 2194 qui
1230 2115 1424 2180 nonnionem

122 2219 223 2298 aliquo
252 2225 410 2298 postquam
442 2225 527 2278 uatus
557 2221 605 2278 est
633 2223 782 2296 tempore,
811 2234 877 2277 eum
900 2215 961 2276 beo
984 2215 1159 2296 placuisset,
1190 2217 1349 2277 manslatus

122 2319 196 2394 suit,
218 2339 314 2400 neque
336 2318 406 2382 item
429 2318 466 2380 ab
488 2318 647 2398 Apostoln,
679 2317 729 2396 qui
752 2329 782 2377 et
804 2317 867 2396 ipsc
888 2331 959 2397 pust
980 2327 1060 2378 recte
1082 2319 1154 2378 lacta
1178 2317 1208 2377 in
1229 2317 1348 2395 paradi·

122 2439 193 2482 sum
215 2431 261 2481 est
282 2429 404 2499 raptusa
433 2419 493 2482 imo
516 2438 571 2480 nec
593 2419 681 2479 ctiam
704 2419 740 2478 ab
764 2417 813 2477 illo
836 2417 968 2490 lamone,
998 2415 1044 2478 cui
1067 2416 1105 2476 ob
1128 2417 1350 2477 contessionem

126 2521 310 2602 promissum
334 2529 381 2582 est
401 2522 497 2601 ipsum
519 2521 660 2582 continuo
684 2519 714 2580 in
737 2518 876 2598 paradiso
898 2519 1038 2580 luturum.

214 2728 241 2788 7.
289 2725 394 2786 l'erum
417 2725 464 2786 bis
486 2723 526 2785 illi
550 2723 739 2785 vehementer
760 2721 859 2800 pressi
883 2721 959 2782 idem
982 2724 1058 2782 l'ortc
1081 2719 1256 2798 responsuri
1271 2727 1350 2789 suut,

126 2825 207 2902 quod
235 2843 325 2903 saepe
353 2807 560 2886 erubescentes
590 2823 775 2886 dictitarunt:
805 2824 875 2897 „lta
907 2822 1099 2900 intelligimus
1121 2821 1227 2882 filium
1262 2819 1351 2881 rebus

131 2925 282 2996 „caeteris
303 2925 489 2996 antecellere,
512 2934 542 2984 et
563 2924 628 2986 ideo
651 2924 834 3001 unigenitum
856 2925 930 2996 diei,
953 2924 1032 3002 quod
1054 2923 1120 3002 ipse
1141 2923 1225 2984 iulus
1247 2941 1264 2983 a
1285 2921 1350 2983 solo

134 3022 224 3092 „lieo
253 3023 347 3083 lamus
375 3022 431 3109 sit,
460 3031 556 3082 cetera
583 3041 652 3083 vero
681 3023 778 3084 omnia
807 3023 906 3084 allec
934 3043 986 3102 per
1007 3024 1111 3086 Filium
1139 3025 1200 3085 sint
1221 3031 1350 3084 cream.“

134 3123 210 3194 Quis
240 3139 352 3201 rpraeso
377 3123 499 3183 stultum
520 3121 596 3184 banc
617 3133 646 3186 et
668 3141 771 3183 novam
793 3123 1001 3201 cogitationem
1024 3125 1108 3185 vobis
1131 3125 1296 3205 suggessit,
1320 3132 1353 3185 ut

131 3225 285 3286 allimretis
309 3223 405 3286 solum
428 3223 534 3284 Filium
556 3223 681 3303 abipso
704 3223 769 3284 solo
791 3223 878 3284 Patre
898 3225 1005 3286 lactum
1025 3225 1129 3300 luisse,
1151 3237 1264 3288 caetera
1279 3243 1351 3285 vero

29 3329 34 3338 ’
129 3328 228 3388 omnia
263 3345 318 3406 per
349 3325 456 3387 Filium
491 3333 634 3420 tanquamu
656 3343 712 3404 per
744 3325 948 3388 administrum
980 3327 1075 3389 luisse
1103 3325 1270 3408 producta?
1320 3327 1351 3388 Si

128 3429 207 3491 enirn
241 3447 311 3508 prae
338 3427 512 3490 lassitudine
537 3427 634 3488 sulum
662 3427 766 3490 Filium
795 3429 930 3508 petubas
958 3449 972 3490 a
995 3431 1058 3494 lieo
1086 3429 1209 3510 produci
1237 3429 1352 3502 velitis3

128 3533 203 3591 haee
223 3531 260 3591 de
281 3530 342 3591 lleo
364 3531 494 3610 cogitare
515 3529 638 3609 impium
662 3547 733 3591 saue
755 3531 851 3604 luerit,
874 3532 999 3593 maxime
1021 3551 1088 3593 cum
1109 3531 1226 3593 Esaiam
1248 3531 1350 3594 dicen-

129 3641 190 3693 tem
217 3629 412 3694 audierimus:
441 3631 524 3693 Dens
552 3637 770 3712 sospitamus,
800 3632 884 3696 Dens
917 3637 970 3714 qui
1001 3638 1176 3696 construxit
1205 3637 1349 3696 ternum

126 3745 247 3808 terroe,
278 3752 341 3795 aton
373 3738 606 3814 amatoriaeque
636 3733 801 3806 lodorobit,
830 3753 885 3796 nee
907 3747 949 3796 eat
971 3737 1162 3813 investigatio
1186 3738 1352 3819 sapientiae

124 3839 205 3906 eroso,
249 3833 406 3913 Siquidem
430 3834 495 3914 ipse
522 3835 621 3913 potius
648 3834 741 3896 robur
762 3835 894 3914 impertit
914 3835 1115 3896 esurientibus
1138 3844 1168 3896 et
1188 3853 1242 3914 per
1264 3855 1350 3899 suum

123 3933 259 3998 Verbum
287 3933 454 3998 laborantes
480 3945 603 4000 recreat.
648 3935 699 3998 Sin
728 3953 800 3997 vero
829 3937 982 4016 indignum
1012 3936 1113 4014 seipso
1137 3955 1206 3998 esse
1227 3941 1350 4016 putarit,

122 4057 158 4102 aa
184 4054 220 4098 se
243 4036 374 4111 efficere,
403 4055 478 4119 quse
499 4045 568 4117 post
589 4037 694 4100 Filium
717 4047 786 4099 suut
807 4039 967 4117 producta3
997 4037 1026 4097 id
1049 4038 1135 4098 etiam
1158 4037 1270 4117 absque
1293 4041 1350 4101 im-

121 4307 171 4344 ceet
195 4291 286 4341 domini
308 4291 350 4342 liei
372 4295 421 4354 tsi,
447 4300 473 4342 ut
495 4293 613 4343 custodies
638 4295 714 4343 omnio
799 4305 821 4341 ι.
839 4285 886 4338 καί
903 4289 972 4339 deest
989 4289 1013 4338 in
1032 4291 1088 4354 ling.

119 4360 237 4410 mundato
256 4359 314 4420 ιιίιι,
334 4375 393 4422 quoe
404 4362 571 4424 epoproeeipio
583 4361 712 4422 tilitodie,
799 4357 822 4406 b.
835 4348 905 4406 ,odet
921 4347 1047 4406 sonariam
1070 4359 1138 4407 abest
1156 4375 1169 4408 ι
1188 4359 1291 4408 ielcim.
1310 4370 1351 4406 se·

62 4443 71 4462 ·
120 4436 147 4479 ιιι
170 4427 252 4494 poem:
274 4426 358 4476 ιιιιιιιιι
381 4434 403 4476 ιι
427 4429 489 4492 quod
509 4427 622 4492 placitum
639 4434 673 4478 ιιι
689 4429 715 4478 in
766 4426 841 4489 ptimo
860 4427 944 4476 codice
961 4437 1080 4490 anonymo
1091 4435 1113 4474 et
1125 4427 1220 4476 abedit
1234 4421 1350 4475 commel.

121 4499 250 4560 conspeetu
268 4493 356 4544 domini
373 4495 415 4545 liei
433 4497 475 4556 tsi,
495 4496 538 4556 filli
557 4497 612 4546 eatis
624 4495 716 4545 bostut
801 4508 821 4542 o.
840 4493 896 4554 lteg.
915 4486 963 4540 διὰ
981 4486 1131 4556 τοῦλόγου
1148 4486 1261 4546 ἑαυτοῦ,
1282 4497 1308 4537 ιιι
1324 4495 1349 4535 ιι

119 4565 165 4616 dei
181 4561 265 4613 otoni·
768 4561 829 4609 iolas
844 4567 898 4610 ante
916 4553 952 4608 τὰ
967 4553 1059 4606 πάντα
1075 4553 1110 4606 ru'
1122 4571 1151 4606 τε
1167 4553 1253 4622 μικρά
1272 4563 1314 4604 ιιι.
