<?xml version="1.0" encoding="UTF-8"?>
<!DOCTYPE html PUBLIC "-//W3C//DTD XHTML 1.0 Transitional//EN"
    "http://www.w3.org/TR/xhtml1/DTD/xhtml1-transitional.dtd">
<html xmlns="http://www.w3.org/1999/xhtml" xml:lang="en" lang="en">
 <head>
  <title>
</title>
<meta http-equiv="Content-Type" content="text/html;charset=utf-8" />
  <meta name='ocr-system' content='tesseract 3.04.00' />
  <meta name='ocr-capabilities' content='ocr_page ocr_carea ocr_par ocr_line ocrx_word'/>
</head>
<body>
  <div class='ocr_page' id='page_1' title='image "./sanctiathanasii03athagoog_0772.png"; bbox 0 0 3084 5042; ppageno 0'>
   <div class='ocr_carea' id='block_1_1' title="bbox 511 201 1348 270">
    <p class='ocr_par' dir='ltr' id='par_1_1' title="bbox 511 201 1348 270">
     <span class='ocr_line' id='line_1_1' title="bbox 511 201 1348 270; baseline 0.031 -26"><span class='ocrx_word' id='word_1_1' title='bbox 511 201 656 246; x_wconf 75' lang='lat' dir='ltr'>srrsrom</span> <span class='ocrx_word' id='word_1_2' title='bbox 671 202 692 244; x_wconf 89' lang='lat'>1.</span> <span class='ocrx_word' id='word_1_3' title='bbox 707 203 743 248; x_wconf 86' lang='lat' dir='ltr'>sn</span> <span class='ocrx_word' id='word_1_4' title='bbox 760 202 956 250; x_wconf 80' lang='lat' dir='ltr'>scaurronsa.</span> <span class='ocrx_word' id='word_1_5' title='bbox 1285 207 1348 270; x_wconf 79' lang='lat'>727</span> 
     </span>
    </p>
   </div>
   <div class='ocr_carea' id='block_1_2' title="bbox 110 336 1433 1759">
    <p class='ocr_par' dir='ltr' id='par_1_2' title="bbox 110 336 1433 1759">
     <span class='ocr_line' id='line_1_2' title="bbox 111 336 1433 439; baseline 0.014 -28"><span class='ocrx_word' id='word_1_6' title='bbox 111 359 265 430; x_wconf 88' lang='lat' dir='ltr'>unguntur</span> <span class='ocrx_word' id='word_1_7' title='bbox 285 368 320 412; x_wconf 91' lang='lat' dir='ltr'>ac</span> <span class='ocrx_word' id='word_1_8' title='bbox 342 336 385 410; x_wconf 62' lang='grc' dir='ltr'>ἀὲ</span> <span class='ocrx_word' id='word_1_9' title='bbox 401 347 546 412; x_wconf 85' lang='lat' dir='ltr'>omnibus</span> <span class='ocrx_word' id='word_1_10' title='bbox 565 350 718 414; x_wconf 88' lang='lat' dir='ltr'>docentur.</span> <span class='ocrx_word' id='word_1_11' title='bbox 762 353 794 416; x_wconf 89' lang='lat' dir='ltr'>Si</span> <span class='ocrx_word' id='word_1_12' title='bbox 816 353 906 434; x_wconf 87' lang='lat' dir='ltr'>igitur</span> <span class='ocrx_word' id='word_1_13' title='bbox 927 356 1055 438; x_wconf 80' lang='lat' dir='ltr'>Spiritus</span> <span class='ocrx_word' id='word_1_14' title='bbox 1077 341 1176 428; x_wconf 71' lang='lat' dir='ltr'>rnictio</span> <span class='ocrx_word' id='word_1_15' title='bbox 1200 370 1263 432; x_wconf 88' lang='lat' dir='ltr'>sive</span> <span class='ocrx_word' id='word_1_16' title='bbox 1285 385 1433 439; x_wconf 75' lang='lat' dir='ltr'>uu-esn.</span> 
     </span>
     <span class='ocr_line' id='line_1_3' title="bbox 113 450 1431 553; baseline 0.019 -39"><span class='ocrx_word' id='word_1_17' title='bbox 113 463 256 534; x_wconf 89' lang='lat' dir='ltr'>gueutum</span> <span class='ocrx_word' id='word_1_18' title='bbox 278 459 309 512; x_wconf 89' lang='lat' dir='ltr'>et</span> <span class='ocrx_word' id='word_1_19' title='bbox 331 450 462 530; x_wconf 88' lang='lat' dir='ltr'>sigillum</span> <span class='ocrx_word' id='word_1_20' title='bbox 485 457 539 528; x_wconf 87' lang='lat' dir='ltr'>est,</span> <span class='ocrx_word' id='word_1_21' title='bbox 563 451 594 512; x_wconf 93' lang='lat' dir='ltr'>in</span> <span class='ocrx_word' id='word_1_22' title='bbox 616 471 675 531; x_wconf 88' lang='lat' dir='ltr'>quo</span> <span class='ocrx_word' id='word_1_23' title='bbox 698 454 798 516; x_wconf 84' lang='lat' dir='ltr'>omnia</span> <span class='ocrx_word' id='word_1_24' title='bbox 820 457 905 536; x_wconf 79' lang='lat' dir='ltr'>mugit</span> <span class='ocrx_word' id='word_1_25' title='bbox 927 469 957 521; x_wconf 90' lang='lat' dir='ltr'>et</span> <span class='ocrx_word' id='word_1_26' title='bbox 979 472 1077 541; x_wconf 79' lang='lat' dir='ltr'>signat</span> <span class='ocrx_word' id='word_1_27' title='bbox 1091 465 1229 544; x_wconf 86' lang='lat' dir='ltr'>Verbum,</span> <span class='ocrx_word' id='word_1_28' title='bbox 1251 493 1343 553; x_wconf 86' lang='lat' dir='ltr'>quac·</span> <span class='ocrx_word' id='word_1_29' title='bbox 1429 523 1431 530; x_wconf 19' lang='grc' dir='ltr'><em>Α</em></span> 
     </span>
     <span class='ocr_line' id='line_1_4' title="bbox 113 551 1344 646; baseline 0.019 -30"><span class='ocrx_word' id='word_1_30' title='bbox 113 573 182 616; x_wconf 84' lang='lat' dir='ltr'>nam</span> <span class='ocrx_word' id='word_1_31' title='bbox 206 551 370 616; x_wconf 73' lang='lat' dir='ltr'>similitudo</span> <span class='ocrx_word' id='word_1_32' title='bbox 393 561 424 614; x_wconf 91' lang='lat' dir='ltr'>et</span> <span class='ocrx_word' id='word_1_33' title='bbox 445 552 653 614; x_wconf 78' lang='lat' dir='ltr'>conuenientia</span> <span class='ocrx_word' id='word_1_34' title='bbox 672 557 816 634; x_wconf 75' lang='lat' dir='ltr'>unguenti</span> <span class='ocrx_word' id='word_1_35' title='bbox 840 565 869 620; x_wconf 93' lang='lat' dir='ltr'>et</span> <span class='ocrx_word' id='word_1_36' title='bbox 890 558 978 639; x_wconf 86' lang='lat' dir='ltr'>sigilli</span> <span class='ocrx_word' id='word_1_37' title='bbox 1001 581 1071 625; x_wconf 90' lang='lat' dir='ltr'>esse</span> <span class='ocrx_word' id='word_1_38' title='bbox 1093 577 1191 646; x_wconf 88' lang='lat' dir='ltr'>potest</span> <span class='ocrx_word' id='word_1_39' title='bbox 1214 589 1280 634; x_wconf 82' lang='lat' dir='ltr'>carm</span> <span class='ocrx_word' id='word_1_40' title='bbox 1298 577 1344 640; x_wconf 83' lang='lat' dir='ltr'>his</span> 
     </span>
     <span class='ocr_line' id='line_1_5' title="bbox 112 654 1346 750; baseline 0.015 -32"><span class='ocrx_word' id='word_1_41' title='bbox 112 655 215 730; x_wconf 85' lang='lat' dir='ltr'>rebus,</span> <span class='ocrx_word' id='word_1_42' title='bbox 238 673 312 734; x_wconf 88' lang='lat' dir='ltr'>quae</span> <span class='ocrx_word' id='word_1_43' title='bbox 334 661 485 738; x_wconf 86' lang='lat' dir='ltr'>unguntur</span> <span class='ocrx_word' id='word_1_44' title='bbox 508 663 537 718; x_wconf 87' lang='lat' dir='ltr'>et</span> <span class='ocrx_word' id='word_1_45' title='bbox 559 654 736 734; x_wconf 77' lang='lat' dir='ltr'>signantur?</span> <span class='ocrx_word' id='word_1_46' title='bbox 765 657 873 738; x_wconf 77' lang='lat' dir='ltr'>Nequit</span> <span class='ocrx_word' id='word_1_47' title='bbox 894 663 1021 740; x_wconf 79' lang='lat' dir='ltr'>proinde</span> <span class='ocrx_word' id='word_1_48' title='bbox 1042 665 1107 728; x_wconf 84' lang='lat' dir='ltr'>lieri</span> <span class='ocrx_word' id='word_1_49' title='bbox 1129 677 1162 730; x_wconf 89' lang='lat' dir='ltr'>ut</span> <span class='ocrx_word' id='word_1_50' title='bbox 1184 669 1250 750; x_wconf 88' lang='lat' dir='ltr'>ipse</span> <span class='ocrx_word' id='word_1_51' title='bbox 1268 675 1346 736; x_wconf 84' lang='lat' dir='ltr'>inter</span> 
     </span>
     <span class='ocr_line' id='line_1_6' title="bbox 113 755 1343 854; baseline 0.015 -35"><span class='ocrx_word' id='word_1_52' title='bbox 113 775 165 820; x_wconf 91' lang='lat' dir='ltr'>res</span> <span class='ocrx_word' id='word_1_53' title='bbox 188 775 293 818; x_wconf 86' lang='lat' dir='ltr'>omnes</span> <span class='ocrx_word' id='word_1_54' title='bbox 315 763 501 817; x_wconf 77' lang='lat' dir='ltr'>numeretur.</span> <span class='ocrx_word' id='word_1_55' title='bbox 542 755 604 818; x_wconf 90' lang='lat' dir='ltr'>Nec</span> <span class='ocrx_word' id='word_1_56' title='bbox 624 757 705 820; x_wconf 83' lang='lat' dir='ltr'>enirn</span> <span class='ocrx_word' id='word_1_57' title='bbox 728 758 834 838; x_wconf 81' lang='lat' dir='ltr'>aliquis</span> <span class='ocrx_word' id='word_1_58' title='bbox 857 781 892 824; x_wconf 84' lang='lat' dir='ltr'>ex</span> <span class='ocrx_word' id='word_1_59' title='bbox 916 763 972 836; x_wconf 81' lang='lat' dir='ltr'>luis,</span> <span class='ocrx_word' id='word_1_60' title='bbox 997 767 1045 845; x_wconf 87' lang='lat' dir='ltr'>qni</span> <span class='ocrx_word' id='word_1_61' title='bbox 1070 769 1234 848; x_wconf 87' lang='lat' dir='ltr'>signantur,</span> <span class='ocrx_word' id='word_1_62' title='bbox 1260 775 1343 854; x_wconf 88' lang='lat' dir='ltr'>sigil-</span> 
     </span>
     <span class='ocr_line' id='line_1_7' title="bbox 114 857 1343 956; baseline 0.015 -38"><span class='ocrx_word' id='word_1_63' title='bbox 114 858 175 920; x_wconf 90' lang='lat' dir='ltr'>lum</span> <span class='ocrx_word' id='word_1_64' title='bbox 196 857 262 937; x_wconf 90' lang='lat' dir='ltr'>ipse</span> <span class='ocrx_word' id='word_1_65' title='bbox 284 857 427 920; x_wconf 84' lang='lat' dir='ltr'>dicendus</span> <span class='ocrx_word' id='word_1_66' title='bbox 450 857 504 930; x_wconf 84' lang='lat' dir='ltr'>sit,</span> <span class='ocrx_word' id='word_1_67' title='bbox 528 875 583 918; x_wconf 90' lang='lat' dir='ltr'>nec</span> <span class='ocrx_word' id='word_1_68' title='bbox 605 858 741 922; x_wconf 87' lang='lat' dir='ltr'>similiter</span> <span class='ocrx_word' id='word_1_69' title='bbox 762 861 869 941; x_wconf 85' lang='lat' dir='ltr'>aliquis</span> <span class='ocrx_word' id='word_1_70' title='bbox 892 882 926 924; x_wconf 83' lang='lat' dir='ltr'>ex</span> <span class='ocrx_word' id='word_1_71' title='bbox 949 863 1006 941; x_wconf 89' lang='lat' dir='ltr'>his,</span> <span class='ocrx_word' id='word_1_72' title='bbox 1030 869 1079 946; x_wconf 84' lang='lat' dir='ltr'>qui</span> <span class='ocrx_word' id='word_1_73' title='bbox 1103 881 1343 956; x_wconf 42' lang='lat' dir='ltr'>unguntur„uu·</span> 
     </span>
     <span class='ocr_line' id='line_1_8' title="bbox 114 957 1343 1050; baseline 0.015 -31"><span class='ocrx_word' id='word_1_74' title='bbox 114 966 256 1038; x_wconf 87' lang='lat' dir='ltr'>guentum</span> <span class='ocrx_word' id='word_1_75' title='bbox 278 957 356 1020; x_wconf 82' lang='lat' dir='ltr'>idem</span> <span class='ocrx_word' id='word_1_76' title='bbox 379 957 445 1018; x_wconf 89' lang='lat' dir='ltr'>erit.</span> <span class='ocrx_word' id='word_1_77' title='bbox 490 958 549 1020; x_wconf 88' lang='lat' dir='ltr'>Sed</span> <span class='ocrx_word' id='word_1_78' title='bbox 571 959 600 1019; x_wconf 90' lang='lat' dir='ltr'>id</span> <span class='ocrx_word' id='word_1_79' title='bbox 623 961 778 1040; x_wconf 89' lang='lat' dir='ltr'>proprium</span> <span class='ocrx_word' id='word_1_80' title='bbox 800 972 846 1025; x_wconf 88' lang='lat' dir='ltr'>est</span> <span class='ocrx_word' id='word_1_81' title='bbox 867 967 1004 1044; x_wconf 91' lang='lat' dir='ltr'>ungentis</span> <span class='ocrx_word' id='word_1_82' title='bbox 1027 977 1057 1030; x_wconf 86' lang='lat' dir='ltr'>et</span> <span class='ocrx_word' id='word_1_83' title='bbox 1075 971 1224 1050; x_wconf 84' lang='lat' dir='ltr'>signantis</span> <span class='ocrx_word' id='word_1_84' title='bbox 1244 974 1343 1040; x_wconf 79' lang='lat' dir='ltr'>Verbi.</span> 
     </span>
     <span class='ocr_line' id='line_1_9' title="bbox 114 1051 1342 1155; baseline 0.013 -33"><span class='ocrx_word' id='word_1_85' title='bbox 114 1059 303 1138; x_wconf 75' lang='lat' dir='ltr'>Unguentum</span> <span class='ocrx_word' id='word_1_86' title='bbox 325 1058 443 1137; x_wconf 88' lang='lat' dir='ltr'>quidem</span> <span class='ocrx_word' id='word_1_87' title='bbox 466 1061 605 1138; x_wconf 87' lang='lat' dir='ltr'>ungentis</span> <span class='ocrx_word' id='word_1_88' title='bbox 628 1051 804 1129; x_wconf 70' lang='lat' dir='ltr'>lucrinum</span> <span class='ocrx_word' id='word_1_89' title='bbox 826 1072 857 1126; x_wconf 90' lang='lat' dir='ltr'>et</span> <span class='ocrx_word' id='word_1_90' title='bbox 878 1062 1001 1130; x_wconf 82' lang='lat' dir='ltr'>odorem</span> <span class='ocrx_word' id='word_1_91' title='bbox 1023 1070 1141 1146; x_wconf 82' lang='lat' dir='ltr'>retinet,</span> <span class='ocrx_word' id='word_1_92' title='bbox 1164 1074 1248 1136; x_wconf 86' lang='lat' dir='ltr'>cuins</span> <span class='ocrx_word' id='word_1_93' title='bbox 1270 1093 1342 1155; x_wconf 87' lang='lat' dir='ltr'>par-</span> 
     </span>
     <span class='ocr_line' id='line_1_10' title="bbox 115 1160 1341 1256; baseline 0.013 -34"><span class='ocrx_word' id='word_1_94' title='bbox 115 1161 218 1240; x_wconf 82' lang='lat' dir='ltr'>ticipes</span> <span class='ocrx_word' id='word_1_95' title='bbox 240 1160 308 1222; x_wconf 87' lang='lat' dir='ltr'>iacti</span> <span class='ocrx_word' id='word_1_96' title='bbox 331 1161 381 1239; x_wconf 93' lang='lat' dir='ltr'>qui</span> <span class='ocrx_word' id='word_1_97' title='bbox 404 1169 555 1240; x_wconf 90' lang='lat' dir='ltr'>unguntur</span> <span class='ocrx_word' id='word_1_98' title='bbox 575 1162 691 1225; x_wconf 88' lang='lat' dir='ltr'>dicunt:</span> <span class='ocrx_word' id='word_1_99' title='bbox 727 1165 843 1229; x_wconf 70' lang='lat' dir='ltr'>Christi</span> <span class='ocrx_word' id='word_1_100' title='bbox 873 1169 969 1232; x_wconf 75' lang='lat' dir='ltr'>donn</span> <span class='ocrx_word' id='word_1_101' title='bbox 993 1173 1070 1234; x_wconf 84' lang='lat' dir='ltr'>odor</span> <span class='ocrx_word' id='word_1_102' title='bbox 1091 1191 1206 1236; x_wconf 82' lang='lat' dir='ltr'>snmus.</span> <span class='ocrx_word' id='word_1_103' title='bbox 1250 1175 1341 1256; x_wconf 86' lang='lat' dir='ltr'>Sigil-</span> 
     </span>
     <span class='ocr_line' id='line_1_11' title="bbox 113 1261 1340 1358; baseline 0.011 -32"><span class='ocrx_word' id='word_1_104' title='bbox 113 1263 173 1326; x_wconf 86' lang='lat' dir='ltr'>ium</span> <span class='ocrx_word' id='word_1_105' title='bbox 197 1281 267 1324; x_wconf 84' lang='lat' dir='ltr'>vero</span> <span class='ocrx_word' id='word_1_106' title='bbox 289 1261 433 1340; x_wconf 90' lang='lat' dir='ltr'>signantis</span> <span class='ocrx_word' id='word_1_107' title='bbox 456 1261 567 1324; x_wconf 87' lang='lat' dir='ltr'>Christi</span> <span class='ocrx_word' id='word_1_108' title='bbox 589 1264 716 1344; x_wconf 80' lang='lat' dir='ltr'>effigiem</span> <span class='ocrx_word' id='word_1_109' title='bbox 737 1277 852 1340; x_wconf 73' lang='lat' dir='ltr'>servm,</span> <span class='ocrx_word' id='word_1_110' title='bbox 886 1269 969 1332; x_wconf 87' lang='lat' dir='ltr'>onius</span> <span class='ocrx_word' id='word_1_111' title='bbox 998 1273 1047 1350; x_wconf 89' lang='lat' dir='ltr'>qui</span> <span class='ocrx_word' id='word_1_112' title='bbox 1071 1273 1226 1352; x_wconf 76' lang='lat' dir='ltr'>signantur</span> <span class='ocrx_word' id='word_1_113' title='bbox 1245 1279 1340 1358; x_wconf 85' lang='lat' dir='ltr'>parti-</span> 
     </span>
     <span class='ocr_line' id='line_1_12' title="bbox 113 1362 1340 1460; baseline 0.016 -37"><span class='ocrx_word' id='word_1_114' title='bbox 113 1365 196 1444; x_wconf 87' lang='lat' dir='ltr'>cipes</span> <span class='ocrx_word' id='word_1_115' title='bbox 220 1363 315 1426; x_wconf 77' lang='lat' dir='ltr'>effecti</span> <span class='ocrx_word' id='word_1_116' title='bbox 337 1362 374 1424; x_wconf 84' lang='lat' dir='ltr'>ad</span> <span class='ocrx_word' id='word_1_117' title='bbox 397 1382 461 1424; x_wconf 84' lang='lat' dir='ltr'>eam</span> <span class='ocrx_word' id='word_1_118' title='bbox 484 1365 717 1440; x_wconf 75' lang='lat' dir='ltr'>conformantur,</span> <span class='ocrx_word' id='word_1_119' title='bbox 739 1376 773 1448; x_wconf 80' lang='lat' dir='ltr'>ut</span> <span class='ocrx_word' id='word_1_120' title='bbox 794 1369 833 1430; x_wconf 88' lang='lat' dir='ltr'>ait</span> <span class='ocrx_word' id='word_1_121' title='bbox 850 1371 1028 1449; x_wconf 78' lang='lat' dir='ltr'>Apostolus:</span> <span class='ocrx_word' id='word_1_122' title='bbox 1053 1373 1157 1452; x_wconf 67' lang='lat' dir='ltr'>resson</span> <span class='ocrx_word' id='word_1_123' title='bbox 1177 1380 1242 1451; x_wconf 66' lang='lat' dir='ltr'>md,</span> <span class='ocrx_word' id='word_1_124' title='bbox 1263 1397 1340 1460; x_wconf 83' lang='lat' dir='ltr'>goes</span> 
     </span>
     <span class='ocr_line' id='line_1_13' title="bbox 110 1467 1338 1545; baseline 0.013 -18"><span class='ocrx_word' id='word_1_125' title='bbox 110 1469 226 1528; x_wconf 81' lang='lat' dir='ltr'>&#39;iterum</span> <span class='ocrx_word' id='word_1_126' title='bbox 244 1470 400 1545; x_wconf 83' lang='lat' dir='ltr'>portorio,</span> <span class='ocrx_word' id='word_1_127' title='bbox 423 1467 515 1528; x_wconf 86' lang='lat' dir='ltr'>donec</span> <span class='ocrx_word' id='word_1_128' title='bbox 536 1467 693 1545; x_wconf 76' lang='lat' dir='ltr'>formetur</span> <span class='ocrx_word' id='word_1_129' title='bbox 710 1468 850 1532; x_wconf 72' lang='lat' dir='ltr'>Christus</span> <span class='ocrx_word' id='word_1_130' title='bbox 865 1474 897 1532; x_wconf 78' lang='lat' dir='ltr'>in</span> <span class='ocrx_word' id='word_1_131' title='bbox 920 1473 1013 1536; x_wconf 76' lang='lat' dir='ltr'>uoltu.</span> <span class='ocrx_word' id='word_1_132' title='bbox 1059 1474 1123 1539; x_wconf 87' lang='lat' dir='ltr'>Hoc</span> <span class='ocrx_word' id='word_1_133' title='bbox 1137 1484 1234 1540; x_wconf 87' lang='lat' dir='ltr'>autem</span> <span class='ocrx_word' id='word_1_134' title='bbox 1250 1481 1338 1544; x_wconf 88' lang='lat' dir='ltr'>modo</span> 
     </span>
     <span class='ocr_line' id='line_1_14' title="bbox 114 1565 1338 1649; baseline 0.012 -22"><span class='ocrx_word' id='word_1_135' title='bbox 114 1565 221 1646; x_wconf 86' lang='lat' dir='ltr'>signati</span> <span class='ocrx_word' id='word_1_136' title='bbox 241 1565 452 1629; x_wconf 87' lang='lat' dir='ltr'>convenienter</span> <span class='ocrx_word' id='word_1_137' title='bbox 473 1567 732 1631; x_wconf 77' lang='lat' dir='ltr'>divinasnaturae</span> <span class='ocrx_word' id='word_1_138' title='bbox 755 1579 911 1632; x_wconf 85' lang='lat' dir='ltr'>consortes</span> <span class='ocrx_word' id='word_1_139' title='bbox 934 1573 1096 1649; x_wconf 83' lang='lat' dir='ltr'>reddimur,</span> <span class='ocrx_word' id='word_1_140' title='bbox 1119 1578 1163 1638; x_wconf 87' lang='lat' dir='ltr'>ati</span> <span class='ocrx_word' id='word_1_141' title='bbox 1179 1579 1265 1642; x_wconf 91' lang='lat' dir='ltr'>docet</span> <span class='ocrx_word' id='word_1_142' title='bbox 1280 1581 1338 1642; x_wconf 81' lang='lat' dir='ltr'>Po-</span> 
     </span>
     <span class='ocr_line' id='line_1_15' title="bbox 114 1667 1337 1759; baseline 0.011 -29"><span class='ocrx_word' id='word_1_143' title='bbox 114 1677 187 1740; x_wconf 87' lang='lat' dir='ltr'>trus,</span> <span class='ocrx_word' id='word_1_144' title='bbox 210 1675 297 1747; x_wconf 79' lang='lat' dir='ltr'>atqsue</span> <span class='ocrx_word' id='word_1_145' title='bbox 317 1667 357 1728; x_wconf 86' lang='lat' dir='ltr'>ita</span> <span class='ocrx_word' id='word_1_146' title='bbox 379 1667 535 1729; x_wconf 82' lang='lat' dir='ltr'>universae</span> <span class='ocrx_word' id='word_1_147' title='bbox 562 1687 612 1730; x_wconf 88' lang='lat' dir='ltr'>res</span> <span class='ocrx_word' id='word_1_148' title='bbox 634 1678 749 1732; x_wconf 79' lang='lat' dir='ltr'>uectae</span> <span class='ocrx_word' id='word_1_149' title='bbox 772 1671 857 1734; x_wconf 85' lang='lat' dir='ltr'>Verbi</span> <span class='ocrx_word' id='word_1_150' title='bbox 881 1672 911 1734; x_wconf 92' lang='lat' dir='ltr'>in</span> <span class='ocrx_word' id='word_1_151' title='bbox 933 1673 1044 1754; x_wconf 81' lang='lat' dir='ltr'>Spiritu</span> <span class='ocrx_word' id='word_1_152' title='bbox 1073 1677 1148 1739; x_wconf 86' lang='lat' dir='ltr'>liunt</span> <span class='ocrx_word' id='word_1_153' title='bbox 1168 1680 1337 1759; x_wconf 79' lang='lat' dir='ltr'>participes.</span> 
     </span>
    </p>
   </div>
   <div class='ocr_carea' id='block_1_3' title="bbox 198 1767 1519 1856">
    <p class='ocr_par' dir='ltr' id='par_1_3' title="bbox 198 1767 1519 1856">
     <span class='ocr_line' id='line_1_16' title="bbox 198 1767 1519 1856; baseline 0.002 -24"><span class='ocrx_word' id='word_1_154' title='bbox 198 1771 250 1832; x_wconf 80' lang='lat'>24.</span> <span class='ocrx_word' id='word_1_155' title='bbox 295 1767 407 1830; x_wconf 88' lang='lat' dir='ltr'>Omnes</span> <span class='ocrx_word' id='word_1_156' title='bbox 430 1768 566 1830; x_wconf 87' lang='lat' dir='ltr'>similiter</span> <span class='ocrx_word' id='word_1_157' title='bbox 586 1789 641 1849; x_wconf 86' lang='lat' dir='ltr'>per</span> <span class='ocrx_word' id='word_1_158' title='bbox 664 1770 805 1851; x_wconf 90' lang='lat' dir='ltr'>Spin&#39;tum</span> <span class='ocrx_word' id='word_1_159' title='bbox 834 1772 897 1834; x_wconf 81' lang='lat' dir='ltr'>liei·</span> <span class='ocrx_word' id='word_1_160' title='bbox 917 1775 1076 1854; x_wconf 78' lang='lat' dir='ltr'>participes</span> <span class='ocrx_word' id='word_1_161' title='bbox 1098 1776 1233 1844; x_wconf 69' lang='lat' dir='ltr'>domur.</span> <span class='ocrx_word' id='word_1_162' title='bbox 1278 1781 1340 1856; x_wconf 68' lang='lat' dir='ltr'>Ne·</span> <span class='ocrx_word' id='word_1_163' title='bbox 1412 1799 1416 1805; x_wconf 90' lang='lat'>·</span> <span class='ocrx_word' id='word_1_164' title='bbox 1516 1771 1519 1778; x_wconf 82' lang='lat'>&#39;</span> 
     </span>
    </p>
   </div>
   <div class='ocr_carea' id='block_1_4' title="bbox 111 1869 1465 3364">
    <p class='ocr_par' dir='ltr' id='par_1_4' title="bbox 111 1869 1465 3364">
     <span class='ocr_line' id='line_1_17' title="bbox 113 1869 1340 1954; baseline 0.005 -18"><span class='ocrx_word' id='word_1_165' title='bbox 113 1873 212 1944; x_wconf 61' lang='lat' dir='ltr'>men,</span> <span class='ocrx_word' id='word_1_166' title='bbox 241 1869 351 1949; x_wconf 75' lang='lat' dir='ltr'>inqiut,</span> <span class='ocrx_word' id='word_1_167' title='bbox 379 1871 613 1952; x_wconf 75' lang='lat' dir='ltr'>pnr’otempluen</span> <span class='ocrx_word' id='word_1_168' title='bbox 634 1873 693 1934; x_wconf 79' lang='lat' dir='ltr'>Det</span> <span class='ocrx_word' id='word_1_169' title='bbox 712 1877 785 1935; x_wconf 83' lang='lat' dir='ltr'>esn&#39;s</span> <span class='ocrx_word' id='word_1_170' title='bbox 806 1883 835 1936; x_wconf 83' lang='lat' dir='ltr'>et</span> <span class='ocrx_word' id='word_1_171' title='bbox 858 1873 993 1954; x_wconf 78' lang='lat' dir='ltr'>Spiritus</span> <span class='ocrx_word' id='word_1_172' title='bbox 1015 1876 1075 1939; x_wconf 75' lang='lat' dir='ltr'>lin·</span> <span class='ocrx_word' id='word_1_173' title='bbox 1094 1877 1209 1942; x_wconf 73' lang='lat' dir='ltr'>dcditot&#39;</span> <span class='ocrx_word' id='word_1_174' title='bbox 1230 1884 1263 1942; x_wconf 80' lang='lat' dir='ltr'>in</span> <span class='ocrx_word' id='word_1_175' title='bbox 1284 1899 1340 1942; x_wconf 86' lang='lat' dir='ltr'>eo-</span> 
     </span>
     <span class='ocr_line' id='line_1_18' title="bbox 114 1969 1338 2054; baseline 0.008 -19"><span class='ocrx_word' id='word_1_176' title='bbox 114 1969 184 2035; x_wconf 71' lang='lat' dir='ltr'>lis?</span> <span class='ocrx_word' id='word_1_177' title='bbox 227 1970 261 2034; x_wconf 84' lang='lat' dir='ltr'>Si</span> <span class='ocrx_word' id='word_1_178' title='bbox 289 1975 355 2052; x_wconf 79' lang='lat' dir='ltr'>quis</span> <span class='ocrx_word' id='word_1_179' title='bbox 379 1971 521 2052; x_wconf 76' lang='lat' dir='ltr'>templum</span> <span class='ocrx_word' id='word_1_180' title='bbox 543 1973 602 2035; x_wconf 78' lang='lat' dir='ltr'>lln&#39;</span> <span class='ocrx_word' id='word_1_181' title='bbox 621 1973 797 2047; x_wconf 79' lang='lat' dir='ltr'>ciolooen‘t,</span> <span class='ocrx_word' id='word_1_182' title='bbox 828 1975 979 2054; x_wconf 76' lang='lat' dir='ltr'>disperdet</span> <span class='ocrx_word' id='word_1_183' title='bbox 1006 1975 1095 2040; x_wconf 71' lang='lat' dir='ltr'>ilicem</span> <span class='ocrx_word' id='word_1_184' title='bbox 1116 1979 1209 2042; x_wconf 72' lang='lat' dir='ltr'>neus.</span> <span class='ocrx_word' id='word_1_185' title='bbox 1256 1980 1338 2044; x_wconf 76' lang='lat' dir='ltr'>Tern-</span> 
     </span>
     <span class='ocr_line' id='line_1_19' title="bbox 111 2059 1465 2164; baseline 0.007 -28"><span class='ocrx_word' id='word_1_186' title='bbox 111 2073 197 2154; x_wconf 81' lang='lat' dir='ltr'>plcnn</span> <span class='ocrx_word' id='word_1_187' title='bbox 218 2077 297 2136; x_wconf 76' lang='lat' dir='ltr'>enim</span> <span class='ocrx_word' id='word_1_188' title='bbox 316 2072 377 2135; x_wconf 80' lang='lat' dir='ltr'>Dei</span> <span class='ocrx_word' id='word_1_189' title='bbox 395 2085 533 2164; x_wconf 76' lang='lat' dir='ltr'>cunctans</span> <span class='ocrx_word' id='word_1_190' title='bbox 555 2085 607 2144; x_wconf 81' lang='lat' dir='ltr'>est.</span> <span class='ocrx_word' id='word_1_191' title='bbox 631 2076 710 2156; x_wconf 78' lang='lat' dir='ltr'>qnod</span> <span class='ocrx_word' id='word_1_192' title='bbox 731 2079 801 2137; x_wconf 79' lang='lat' dir='ltr'>estis</span> <span class='ocrx_word' id='word_1_193' title='bbox 824 2094 890 2139; x_wconf 84' lang='lat' dir='ltr'>cos.</span> <span class='ocrx_word' id='word_1_194' title='bbox 934 2075 992 2137; x_wconf 85' lang='lat' dir='ltr'>Sed</span> <span class='ocrx_word' id='word_1_195' title='bbox 1015 2077 1041 2138; x_wconf 90' lang='lat' dir='ltr'>si</span> <span class='ocrx_word' id='word_1_196' title='bbox 1065 2079 1194 2158; x_wconf 81' lang='lat' dir='ltr'>Spiritus</span> <span class='ocrx_word' id='word_1_197' title='bbox 1216 2089 1337 2144; x_wconf 75' lang='lat' dir='ltr'>sannaus</span> <span class='ocrx_word' id='word_1_198' title='bbox 1453 2059 1465 2122; x_wconf 73' lang='lat'>,&#39;</span> 
     </span>
     <span class='ocr_line' id='line_1_20' title="bbox 112 2169 1337 2258; baseline 0.003 -20"><span class='ocrx_word' id='word_1_199' title='bbox 112 2193 162 2238; x_wconf 85' lang='lat' dir='ltr'>res</span> <span class='ocrx_word' id='word_1_200' title='bbox 184 2183 280 2238; x_wconf 89' lang='lat' dir='ltr'>creata</span> <span class='ocrx_word' id='word_1_201' title='bbox 303 2184 403 2249; x_wconf 85' lang='lat' dir='ltr'>esset,</span> <span class='ocrx_word' id='word_1_202' title='bbox 436 2169 513 2236; x_wconf 83' lang='lat' dir='ltr'>nulls</span> <span class='ocrx_word' id='word_1_203' title='bbox 541 2194 613 2236; x_wconf 77' lang='lat' dir='ltr'>saruc</span> <span class='ocrx_word' id='word_1_204' title='bbox 635 2175 688 2236; x_wconf 86' lang='lat' dir='ltr'>llei</span> <span class='ocrx_word' id='word_1_205' title='bbox 716 2176 944 2238; x_wconf 82' lang='lat' dir='ltr'>communicatio</span> <span class='ocrx_word' id='word_1_206' title='bbox 974 2177 1061 2238; x_wconf 86' lang='lat' dir='ltr'>nobis</span> <span class='ocrx_word' id='word_1_207' title='bbox 1090 2180 1120 2240; x_wconf 92' lang='lat' dir='ltr'>in</span> <span class='ocrx_word' id='word_1_208' title='bbox 1149 2181 1216 2258; x_wconf 85' lang='lat' dir='ltr'>ipso</span> <span class='ocrx_word' id='word_1_209' title='bbox 1244 2193 1337 2254; x_wconf 84' lang='lat' dir='ltr'>esset,</span> 
     </span>
     <span class='ocr_line' id='line_1_21' title="bbox 113 2275 1336 2356; baseline 0.004 -18"><span class='ocrx_word' id='word_1_210' title='bbox 113 2277 165 2338; x_wconf 90' lang='lat' dir='ltr'>sed</span> <span class='ocrx_word' id='word_1_211' title='bbox 186 2277 231 2340; x_wconf 85' lang='lat' dir='ltr'>rei</span> <span class='ocrx_word' id='word_1_212' title='bbox 254 2285 369 2338; x_wconf 78' lang='lat' dir='ltr'>meatus</span> <span class='ocrx_word' id='word_1_213' title='bbox 391 2277 647 2356; x_wconf 86' lang='lat' dir='ltr'>coniungeremur‚</span> <span class='ocrx_word' id='word_1_214' title='bbox 671 2284 701 2338; x_wconf 89' lang='lat' dir='ltr'>et</span> <span class='ocrx_word' id='word_1_215' title='bbox 721 2275 836 2338; x_wconf 86' lang='lat' dir='ltr'>divinae</span> <span class='ocrx_word' id='word_1_216' title='bbox 858 2287 981 2338; x_wconf 86' lang='lat' dir='ltr'>naturae</span> <span class='ocrx_word' id='word_1_217' title='bbox 1002 2278 1088 2340; x_wconf 80' lang='lat' dir='ltr'>alieni</span> <span class='ocrx_word' id='word_1_218' title='bbox 1108 2299 1263 2354; x_wconf 77' lang='lat' dir='ltr'>eusenius,</span> <span class='ocrx_word' id='word_1_219' title='bbox 1287 2293 1336 2344; x_wconf 86' lang='lat' dir='ltr'>ut·</span> 
     </span>
     <span class='ocr_line' id='line_1_22' title="bbox 111 2376 1338 2457; baseline 0.003 -19"><span class='ocrx_word' id='word_1_220' title='bbox 111 2385 184 2457; x_wconf 88' lang='lat' dir='ltr'>pote</span> <span class='ocrx_word' id='word_1_221' title='bbox 208 2377 286 2440; x_wconf 85' lang='lat' dir='ltr'>nulla</span> <span class='ocrx_word' id='word_1_222' title='bbox 317 2377 347 2438; x_wconf 92' lang='lat' dir='ltr'>in</span> <span class='ocrx_word' id='word_1_223' title='bbox 369 2385 453 2456; x_wconf 90' lang='lat' dir='ltr'>parte</span> <span class='ocrx_word' id='word_1_224' title='bbox 476 2377 541 2440; x_wconf 88' lang='lat' dir='ltr'>eius</span> <span class='ocrx_word' id='word_1_225' title='bbox 564 2376 631 2438; x_wconf 84' lang='lat' dir='ltr'>lacti</span> <span class='ocrx_word' id='word_1_226' title='bbox 653 2377 821 2457; x_wconf 80' lang='lat' dir='ltr'>participes.</span> <span class='ocrx_word' id='word_1_227' title='bbox 865 2377 950 2438; x_wconf 85' lang='lat' dir='ltr'>Nunc</span> <span class='ocrx_word' id='word_1_228' title='bbox 977 2395 1048 2440; x_wconf 80' lang='lat' dir='ltr'>sero</span> <span class='ocrx_word' id='word_1_229' title='bbox 1075 2395 1143 2441; x_wconf 88' lang='lat' dir='ltr'>cum</span> <span class='ocrx_word' id='word_1_230' title='bbox 1172 2380 1281 2444; x_wconf 73' lang='lat' dir='ltr'>corten</span> <span class='ocrx_word' id='word_1_231' title='bbox 1309 2391 1338 2443; x_wconf 91' lang='lat' dir='ltr'>et</span> 
     </span>
     <span class='ocr_line' id='line_1_23' title="bbox 114 2467 1430 2562; baseline 0.003 -22"><span class='ocrx_word' id='word_1_232' title='bbox 114 2477 167 2540; x_wconf 81' lang='lat' dir='ltr'>uu</span> <span class='ocrx_word' id='word_1_233' title='bbox 189 2477 347 2558; x_wconf 80' lang='lat' dir='ltr'>participes</span> <span class='ocrx_word' id='word_1_234' title='bbox 369 2478 507 2552; x_wconf 79' lang='lat' dir='ltr'>dicemur,</span> <span class='ocrx_word' id='word_1_235' title='bbox 531 2477 631 2558; x_wconf 87' lang='lat' dir='ltr'>utique</span> <span class='ocrx_word' id='word_1_236' title='bbox 654 2486 780 2550; x_wconf 81' lang='lat' dir='ltr'>constet,</span> <span class='ocrx_word' id='word_1_237' title='bbox 802 2467 983 2557; x_wconf 87' lang='lat' dir='ltr'>unguentum</span> <span class='ocrx_word' id='word_1_238' title='bbox 1000 2488 1030 2541; x_wconf 88' lang='lat' dir='ltr'>et</span> <span class='ocrx_word' id='word_1_239' title='bbox 1049 2479 1189 2561; x_wconf 85' lang='lat' dir='ltr'>sigillum,</span> <span class='ocrx_word' id='word_1_240' title='bbox 1212 2483 1290 2562; x_wconf 89' lang='lat' dir='ltr'>quod</span> <span class='ocrx_word' id='word_1_241' title='bbox 1306 2483 1337 2544; x_wconf 94' lang='lat' dir='ltr'>in</span> <span class='ocrx_word' id='word_1_242' title='bbox 1425 2479 1430 2492; x_wconf 84' lang='grc'><em>“</em></span> 
     </span>
     <span class='ocr_line' id='line_1_24' title="bbox 114 2579 1336 2663; baseline 0.002 -21"><span class='ocrx_word' id='word_1_243' title='bbox 114 2579 202 2642; x_wconf 82' lang='lat' dir='ltr'>nobis</span> <span class='ocrx_word' id='word_1_244' title='bbox 225 2587 278 2653; x_wconf 83' lang='lat' dir='ltr'>est,</span> <span class='ocrx_word' id='word_1_245' title='bbox 301 2597 360 2640; x_wconf 92' lang='lat' dir='ltr'>non</span> <span class='ocrx_word' id='word_1_246' title='bbox 382 2580 540 2642; x_wconf 77' lang='lat' dir='ltr'>adrerum</span> <span class='ocrx_word' id='word_1_247' title='bbox 562 2581 704 2643; x_wconf 81' lang='lat' dir='ltr'>luctarum</span> <span class='ocrx_word' id='word_1_248' title='bbox 727 2580 779 2640; x_wconf 90' lang='lat' dir='ltr'>sed</span> <span class='ocrx_word' id='word_1_249' title='bbox 802 2579 838 2641; x_wconf 87' lang='lat' dir='ltr'>sd</span> <span class='ocrx_word' id='word_1_250' title='bbox 860 2580 923 2643; x_wconf 83' lang='lat' dir='ltr'>Filii</span> <span class='ocrx_word' id='word_1_251' title='bbox 947 2591 1081 2646; x_wconf 82' lang='lat' dir='ltr'>naturam</span> <span class='ocrx_word' id='word_1_252' title='bbox 1103 2583 1263 2663; x_wconf 82' lang='lat' dir='ltr'>pertinere,</span> <span class='ocrx_word' id='word_1_253' title='bbox 1287 2583 1336 2663; x_wconf 89' lang='lat' dir='ltr'>qui</span> 
     </span>
     <span class='ocr_line' id='line_1_25' title="bbox 113 2665 1336 2763; baseline -0.001 -19"><span class='ocrx_word' id='word_1_254' title='bbox 113 2699 170 2744; x_wconf 86' lang='lat' dir='ltr'>nos</span> <span class='ocrx_word' id='word_1_255' title='bbox 192 2699 248 2761; x_wconf 86' lang='lat' dir='ltr'>per</span> <span class='ocrx_word' id='word_1_256' title='bbox 269 2679 421 2760; x_wconf 89' lang='lat' dir='ltr'>Spiritum,</span> <span class='ocrx_word' id='word_1_257' title='bbox 439 2681 494 2760; x_wconf 81' lang='lat' dir='ltr'>qui</span> <span class='ocrx_word' id='word_1_258' title='bbox 516 2682 636 2761; x_wconf 92' lang='lat' dir='ltr'>inipso</span> <span class='ocrx_word' id='word_1_259' title='bbox 659 2689 715 2757; x_wconf 81' lang='lat' dir='ltr'>est,</span> <span class='ocrx_word' id='word_1_260' title='bbox 738 2679 817 2744; x_wconf 81' lang='lat' dir='ltr'>Patri</span> <span class='ocrx_word' id='word_1_261' title='bbox 839 2683 1000 2762; x_wconf 88' lang='lat' dir='ltr'>coniungit.</span> <span class='ocrx_word' id='word_1_262' title='bbox 1044 2683 1077 2743; x_wconf 95' lang='lat' dir='ltr'>ld</span> <span class='ocrx_word' id='word_1_263' title='bbox 1099 2683 1197 2763; x_wconf 90' lang='lat' dir='ltr'>ipsum</span> <span class='ocrx_word' id='word_1_264' title='bbox 1212 2665 1269 2744; x_wconf 85' lang='lat' dir='ltr'>nds</span> <span class='ocrx_word' id='word_1_265' title='bbox 1284 2683 1336 2743; x_wconf 93' lang='lat' dir='ltr'>lo-</span> 
     </span>
     <span class='ocr_line' id='line_1_26' title="bbox 112 2778 1335 2866; baseline 0 -20"><span class='ocrx_word' id='word_1_266' title='bbox 112 2801 221 2853; x_wconf 80' lang='lat' dir='ltr'>annes.</span> <span class='ocrx_word' id='word_1_267' title='bbox 248 2782 290 2844; x_wconf 88' lang='lat' dir='ltr'>uti</span> <span class='ocrx_word' id='word_1_268' title='bbox 311 2801 400 2862; x_wconf 87' lang='lat' dir='ltr'>supra</span> <span class='ocrx_word' id='word_1_269' title='bbox 423 2784 532 2846; x_wconf 88' lang='lat' dir='ltr'>dictum</span> <span class='ocrx_word' id='word_1_270' title='bbox 556 2793 617 2856; x_wconf 88' lang='lat' dir='ltr'>est,</span> <span class='ocrx_word' id='word_1_271' title='bbox 645 2783 693 2844; x_wconf 87' lang='lat' dir='ltr'>his</span> <span class='ocrx_word' id='word_1_272' title='bbox 716 2783 815 2844; x_wconf 86' lang='lat' dir='ltr'>verbis</span> <span class='ocrx_word' id='word_1_273' title='bbox 838 2783 939 2845; x_wconf 89' lang='lat' dir='ltr'>docet:</span> <span class='ocrx_word' id='word_1_274' title='bbox 969 2778 1008 2844; x_wconf 86' lang='lat' dir='ltr'>ln</span> <span class='ocrx_word' id='word_1_275' title='bbox 1037 2784 1092 2845; x_wconf 80' lang='lat' dir='ltr'>loc</span> <span class='ocrx_word' id='word_1_276' title='bbox 1120 2789 1335 2866; x_wconf 67' lang='lat' dir='ltr'>cognosciturus,</span> 
     </span>
     <span class='ocr_line' id='line_1_27' title="bbox 113 2884 1337 2966; baseline 0.002 -20"><span class='ocrx_word' id='word_1_277' title='bbox 113 2889 184 2965; x_wconf 79' lang='lat' dir='ltr'>gaio</span> <span class='ocrx_word' id='word_1_278' title='bbox 203 2889 237 2946; x_wconf 83' lang='lat' dir='ltr'>in</span> <span class='ocrx_word' id='word_1_279' title='bbox 257 2884 321 2948; x_wconf 74' lang='lat' dir='ltr'>lico</span> <span class='ocrx_word' id='word_1_280' title='bbox 343 2903 497 2949; x_wconf 81' lang='lat' dir='ltr'>munemne</span> <span class='ocrx_word' id='word_1_281' title='bbox 519 2896 547 2948; x_wconf 83' lang='lat' dir='ltr'>et</span> <span class='ocrx_word' id='word_1_282' title='bbox 570 2890 634 2966; x_wconf 79' lang='lat' dir='ltr'>ipse</span> <span class='ocrx_word' id='word_1_283' title='bbox 657 2890 689 2962; x_wconf 80' lang='lat' dir='ltr'>in</span> <span class='ocrx_word' id='word_1_284' title='bbox 709 2885 806 2956; x_wconf 76' lang='lat' dir='ltr'>nodis,</span> <span class='ocrx_word' id='word_1_285' title='bbox 828 2888 971 2966; x_wconf 76' lang='lat' dir='ltr'>qnoniam</span> <span class='ocrx_word' id='word_1_286' title='bbox 994 2884 1161 2965; x_wconf 81' lang='lat' dir='ltr'>dc‘Spin&#39;ts</span> <span class='ocrx_word' id='word_1_287' title='bbox 1183 2903 1239 2952; x_wconf 79' lang='lat' dir='ltr'>eoo</span> <span class='ocrx_word' id='word_1_288' title='bbox 1257 2886 1337 2949; x_wconf 77' lang='lat' dir='ltr'>cent</span> 
     </span>
     <span class='ocr_line' id='line_1_28' title="bbox 114 2984 1334 3067; baseline -0.002 -21"><span class='ocrx_word' id='word_1_289' title='bbox 114 2987 211 3048; x_wconf 78' lang='lat' dir='ltr'>nolin</span> <span class='ocrx_word' id='word_1_290' title='bbox 255 2986 286 3048; x_wconf 93' lang='lat' dir='ltr'>Si</span> <span class='ocrx_word' id='word_1_291' title='bbox 314 3005 405 3066; x_wconf 87' lang='lat' dir='ltr'>porro</span> <span class='ocrx_word' id='word_1_292' title='bbox 428 2986 557 3067; x_wconf 89' lang='lat' dir='ltr'>Spiritus</span> <span class='ocrx_word' id='word_1_293' title='bbox 588 2985 854 3048; x_wconf 87' lang='lat' dir='ltr'>communicatione</span> <span class='ocrx_word' id='word_1_294' title='bbox 882 2984 998 3046; x_wconf 84' lang='lat' dir='ltr'>divinoe</span> <span class='ocrx_word' id='word_1_295' title='bbox 1025 2992 1148 3046; x_wconf 83' lang='lat' dir='ltr'>naturae</span> <span class='ocrx_word' id='word_1_296' title='bbox 1178 2991 1334 3048; x_wconf 84' lang='lat' dir='ltr'>consortes</span> 
     </span>
     <span class='ocr_line' id='line_1_29' title="bbox 114 3083 1334 3165; baseline -0.006 -15"><span class='ocrx_word' id='word_1_297' title='bbox 114 3086 267 3160; x_wconf 80' lang='lat' dir='ltr'>efficimur,</span> <span class='ocrx_word' id='word_1_298' title='bbox 290 3107 377 3150; x_wconf 88' lang='lat' dir='ltr'>nemo</span> <span class='ocrx_word' id='word_1_299' title='bbox 400 3097 480 3150; x_wconf 88' lang='lat' dir='ltr'>certe</span> <span class='ocrx_word' id='word_1_300' title='bbox 501 3088 559 3151; x_wconf 92' lang='lat' dir='ltr'>nisi</span> <span class='ocrx_word' id='word_1_301' title='bbox 582 3089 703 3150; x_wconf 80' lang='lat' dir='ltr'>insonus</span> <span class='ocrx_word' id='word_1_302' title='bbox 720 3085 835 3160; x_wconf 76' lang='lat' dir='ltr'>dixerit,</span> <span class='ocrx_word' id='word_1_303' title='bbox 859 3085 1003 3165; x_wconf 87' lang='lat' dir='ltr'>Spiritum</span> <span class='ocrx_word' id='word_1_304' title='bbox 1020 3101 1080 3146; x_wconf 91' lang='lat' dir='ltr'>non</span> <span class='ocrx_word' id='word_1_305' title='bbox 1096 3083 1159 3156; x_wconf 77' lang='lat' dir='ltr'>net,</span> <span class='ocrx_word' id='word_1_306' title='bbox 1181 3083 1234 3146; x_wconf 90' lang='lat' dir='ltr'>sed</span> <span class='ocrx_word' id='word_1_307' title='bbox 1250 3101 1334 3144; x_wconf 85' lang='lat' dir='ltr'>crea-</span> 
     </span>
     <span class='ocr_line' id='line_1_30' title="bbox 114 3181 1335 3266; baseline -0.007 -14"><span class='ocrx_word' id='word_1_308' title='bbox 114 3197 160 3252; x_wconf 83' lang='lat' dir='ltr'>tae</span> <span class='ocrx_word' id='word_1_309' title='bbox 183 3207 250 3255; x_wconf 88' lang='lat' dir='ltr'>esse</span> <span class='ocrx_word' id='word_1_310' title='bbox 273 3197 404 3250; x_wconf 76' lang='lat' dir='ltr'>naturae.</span> <span class='ocrx_word' id='word_1_311' title='bbox 448 3189 510 3266; x_wconf 85' lang='lat' dir='ltr'>Nec</span> <span class='ocrx_word' id='word_1_312' title='bbox 531 3189 610 3250; x_wconf 81' lang='lat' dir='ltr'>enirn</span> <span class='ocrx_word' id='word_1_313' title='bbox 631 3187 686 3250; x_wconf 82' lang='lat' dir='ltr'>slis</span> <span class='ocrx_word' id='word_1_314' title='bbox 708 3188 745 3250; x_wconf 86' lang='lat' dir='ltr'>de</span> <span class='ocrx_word' id='word_1_315' title='bbox 766 3205 854 3250; x_wconf 84' lang='lat' dir='ltr'>causa</span> <span class='ocrx_word' id='word_1_316' title='bbox 877 3181 982 3260; x_wconf 74' lang='lat' dir='ltr'>hi,⁹in</span> <span class='ocrx_word' id='word_1_317' title='bbox 1005 3184 1111 3264; x_wconf 87' lang='lat' dir='ltr'>quihus</span> <span class='ocrx_word' id='word_1_318' title='bbox 1134 3183 1184 3248; x_wconf 90' lang='lat' dir='ltr'>ille</span> <span class='ocrx_word' id='word_1_319' title='bbox 1204 3191 1266 3258; x_wconf 89' lang='lat' dir='ltr'>est,</span> <span class='ocrx_word' id='word_1_320' title='bbox 1289 3183 1335 3244; x_wconf 80' lang='lat' dir='ltr'>nti</span> 
     </span>
     <span class='ocr_line' id='line_1_31' title="bbox 113 3281 1433 3364; baseline -0.008 -10"><span class='ocrx_word' id='word_1_321' title='bbox 113 3290 290 3354; x_wconf 79' lang='lat' dir='ltr'>efficiuntur.</span> <span class='ocrx_word' id='word_1_322' title='bbox 335 3290 423 3363; x_wconf 88' lang='lat' dir='ltr'>Quod</span> <span class='ocrx_word' id='word_1_323' title='bbox 445 3289 472 3352; x_wconf 90' lang='lat' dir='ltr'>si</span> <span class='ocrx_word' id='word_1_324' title='bbox 494 3291 568 3352; x_wconf 84' lang='lat' dir='ltr'>deos</span> <span class='ocrx_word' id='word_1_325' title='bbox 590 3289 692 3364; x_wconf 81' lang='lat' dir='ltr'>efficit,</span> <span class='ocrx_word' id='word_1_326' title='bbox 720 3289 842 3351; x_wconf 89' lang='lat' dir='ltr'>dubium</span> <span class='ocrx_word' id='word_1_327' title='bbox 865 3304 924 3348; x_wconf 93' lang='lat' dir='ltr'>nou</span> <span class='ocrx_word' id='word_1_328' title='bbox 949 3295 1012 3360; x_wconf 86' lang='lat' dir='ltr'>est,</span> <span class='ocrx_word' id='word_1_329' title='bbox 1041 3286 1111 3364; x_wconf 86' lang='lat' dir='ltr'>quin</span> <span class='ocrx_word' id='word_1_330' title='bbox 1139 3281 1203 3346; x_wconf 85' lang='lat' dir='ltr'>eiu&#39;s</span> <span class='ocrx_word' id='word_1_331' title='bbox 1231 3291 1335 3347; x_wconf 81' lang='lat' dir='ltr'>natare</span> <span class='ocrx_word' id='word_1_332' title='bbox 1431 3359 1433 3362; x_wconf 16' lang='grc' dir='ltr'>Ι</span> 
     </span>
    </p>
   </div>
   <div class='ocr_carea' id='block_1_5' title="bbox 112 3532 1373 4010">
    <p class='ocr_par' dir='ltr' id='par_1_5' title="bbox 112 3532 1373 4010">
     <span class='ocr_line' id='line_1_32' title="bbox 113 3532 1336 3608; baseline -0.004 -13"><span class='ocrx_word' id='word_1_333' title='bbox 113 3543 252 3595; x_wconf 86' lang='lat' dir='ltr'>Gobierian.</span> <span class='ocrx_word' id='word_1_334' title='bbox 271 3551 293 3594; x_wconf 89' lang='lat' dir='ltr'>et</span> <span class='ocrx_word' id='word_1_335' title='bbox 311 3543 449 3593; x_wconf 64' lang='lat' dir='ltr'>rotetur.</span> <span class='ocrx_word' id='word_1_336' title='bbox 469 3535 542 3608; x_wconf 80' lang='grc' dir='ltr'><em>ἡμῖν.</em></span> <span class='ocrx_word' id='word_1_337' title='bbox 581 3543 632 3592; x_wconf 83' lang='lat' dir='ltr'>lion</span> <span class='ocrx_word' id='word_1_338' title='bbox 669 3535 699 3590; x_wconf 73' lang='lat' dir='ltr'>tv</span> <span class='ocrx_word' id='word_1_339' title='bbox 750 3532 821 3607; x_wconf 77' lang='grc' dir='ltr'><em>ἡμᾶς</em></span> <span class='ocrx_word' id='word_1_340' title='bbox 849 3539 940 3608; x_wconf 79' lang='grc' dir='ltr'><em>πατρί.</em></span> <span class='ocrx_word' id='word_1_341' title='bbox 976 3537 1050 3588; x_wconf 87' lang='lat' dir='ltr'>lidem</span> <span class='ocrx_word' id='word_1_342' title='bbox 1078 3538 1209 3602; x_wconf 76' lang='lat' dir='ltr'>Anglicano</span> <span class='ocrx_word' id='word_1_343' title='bbox 1237 3547 1336 3604; x_wconf 83' lang='lat' dir='ltr'>excepto</span> 
     </span>
     <span class='ocr_line' id='line_1_33' title="bbox 112 3598 1337 3726; baseline -0.004 -65"><span class='ocrx_word' id='word_1_344' title='bbox 112 3627 181 3726; x_wconf 50' lang='lat' dir='ltr'>segia.</span> <span class='ocrx_word' id='word_1_345' title='bbox 200 3612 309 3661; x_wconf 79' lang='lat' dir='ltr'>deestin</span> <span class='ocrx_word' id='word_1_346' title='bbox 328 3613 426 3674; x_wconf 82' lang='lat' dir='ltr'>chuer.</span> <span class='ocrx_word' id='word_1_347' title='bbox 463 3611 624 3690; x_wconf 77' lang='lat' dir='ltr'>lotdtngtic.</span> <span class='ocrx_word' id='word_1_348' title='bbox 643 3600 697 3656; x_wconf 70' lang='grc' dir='ltr'>αλλ’</span> <span class='ocrx_word' id='word_1_349' title='bbox 750 3617 795 3659; x_wconf 85' lang='lat' dir='ltr'>art.</span> <span class='ocrx_word' id='word_1_350' title='bbox 814 3600 828 3656; x_wconf 76' lang='grc' dir='ltr'>ὅ</span> <span class='ocrx_word' id='word_1_351' title='bbox 846 3617 901 3658; x_wconf 79' lang='lat' dir='ltr'>ante</span> <span class='ocrx_word' id='word_1_352' title='bbox 917 3598 1045 3665; x_wconf 73' lang='grc' dir='ltr'><strong><em>Ἰωάννης</em></strong></span> <span class='ocrx_word' id='word_1_353' title='bbox 1062 3607 1157 3656; x_wconf 78' lang='lat' dir='ltr'>bonam.</span> <span class='ocrx_word' id='word_1_354' title='bbox 1195 3610 1251 3688; x_wconf 73' lang='lat' dir='ltr'>ling.</span> <span class='ocrx_word' id='word_1_355' title='bbox 1273 3608 1293 3657; x_wconf 92' lang='lat' dir='ltr'>l.</span> <span class='ocrx_word' id='word_1_356' title='bbox 1312 3614 1337 3656; x_wconf 88' lang='lat' dir='ltr'>et</span> 
     </span>
     <span class='ocr_line' id='line_1_34' title="bbox 112 3667 1336 3745; baseline -0.001 -21"><span class='ocrx_word' id='word_1_357' title='bbox 112 3671 128 3738; x_wconf 83' lang='grc' dir='ltr'><em>ἢ</em></span> <span class='ocrx_word' id='word_1_358' title='bbox 168 3693 204 3745; x_wconf 77' lang='lat' dir='ltr'>pu</span> <span class='ocrx_word' id='word_1_359' title='bbox 222 3688 267 3728; x_wconf 87' lang='lat' dir='ltr'>etc.</span> <span class='ocrx_word' id='word_1_360' title='bbox 300 3679 345 3728; x_wconf 80' lang='lat' dir='ltr'>liii</span> <span class='ocrx_word' id='word_1_361' title='bbox 364 3686 387 3728; x_wconf 88' lang='lat' dir='ltr'>et</span> <span class='ocrx_word' id='word_1_362' title='bbox 405 3679 460 3727; x_wconf 86' lang='lat' dir='ltr'>editi</span> <span class='ocrx_word' id='word_1_363' title='bbox 480 3669 532 3726; x_wconf 78' lang='grc' dir='ltr'><strong><em>ἀλλ’</em></strong></span> <span class='ocrx_word' id='word_1_364' title='bbox 553 3691 577 3726; x_wconf 84' lang='grc' dir='ltr'>ει</span> <span class='ocrx_word' id='word_1_365' title='bbox 595 3671 656 3745; x_wconf 82' lang='grc' dir='ltr'><strong><em>ἄρα.</em></strong></span> <span class='ocrx_word' id='word_1_366' title='bbox 750 3679 820 3738; x_wconf 80' lang='lat' dir='ltr'>Sego.</span> <span class='ocrx_word' id='word_1_367' title='bbox 840 3667 946 3741; x_wconf 81' lang='grc' dir='ltr'><strong><em>εἴρηται</em></strong></span> <span class='ocrx_word' id='word_1_368' title='bbox 963 3676 1074 3724; x_wconf 88' lang='lat' dir='ltr'>omittunt</span> <span class='ocrx_word' id='word_1_369' title='bbox 1093 3676 1254 3739; x_wconf 77' lang='lat' dir='ltr'>etnubentey</span> <span class='ocrx_word' id='word_1_370' title='bbox 1273 3685 1336 3738; x_wconf 80' lang='grc' dir='ltr'><strong><em>αφε.</em></strong></span> 
     </span>
     <span class='ocr_line' id='line_1_35' title="bbox 751 3733 1337 3795; baseline -0.012 0"><span class='ocrx_word' id='word_1_371' title='bbox 751 3743 849 3795; x_wconf 85' lang='lat' dir='ltr'>Gobler.</span> <span class='ocrx_word' id='word_1_372' title='bbox 867 3753 890 3792; x_wconf 94' lang='lat' dir='ltr'>et</span> <span class='ocrx_word' id='word_1_373' title='bbox 909 3742 1012 3792; x_wconf 71' lang='lat' dir='ltr'>isidem.</span> <span class='ocrx_word' id='word_1_374' title='bbox 1033 3742 1055 3790; x_wconf 90' lang='lat' dir='ltr'>l.</span> <span class='ocrx_word' id='word_1_375' title='bbox 1073 3743 1110 3792; x_wconf 87' lang='lat' dir='ltr'>sic</span> <span class='ocrx_word' id='word_1_376' title='bbox 1129 3733 1253 3794; x_wconf 75' lang='lat' dir='ltr'>hubentz&#39;</span> <span class='ocrx_word' id='word_1_377' title='bbox 1291 3736 1337 3788; x_wconf 78' lang='grc' dir='ltr'>άν-</span> 
     </span>
     <span class='ocr_line' id='line_1_36' title="bbox 749 3801 1337 3878; baseline 0.005 -21"><span class='ocrx_word' id='word_1_378' title='bbox 749 3825 797 3870; x_wconf 69' lang='lat' dir='ltr'>nnc</span> <span class='ocrx_word' id='word_1_379' title='bbox 814 3803 931 3878; x_wconf 76' lang='grc' dir='ltr'><em>γράφει·</em></span> <span class='ocrx_word' id='word_1_380' title='bbox 950 3801 979 3856; x_wconf 76' lang='grc' dir='ltr'>ἐν</span> <span class='ocrx_word' id='word_1_381' title='bbox 998 3801 1088 3874; x_wconf 69' lang='lat' dir='ltr'>iacitur,</span> <span class='ocrx_word' id='word_1_382' title='bbox 1106 3819 1150 3859; x_wconf 85' lang='lat' dir='ltr'>etc.</span> <span class='ocrx_word' id='word_1_383' title='bbox 1186 3808 1260 3859; x_wconf 79' lang='lat' dir='ltr'>Penio</span> <span class='ocrx_word' id='word_1_384' title='bbox 1281 3817 1337 3873; x_wconf 86' lang='lat' dir='ltr'>post</span> 
     </span>
     <span class='ocr_line' id='line_1_37' title="bbox 750 3875 1373 3939; baseline -0.005 -12"><span class='ocrx_word' id='word_1_385' title='bbox 750 3879 837 3939; x_wconf 80' lang='lat' dir='ltr'>Regius</span> <span class='ocrx_word' id='word_1_386' title='bbox 859 3879 879 3926; x_wconf 91' lang='lat' dir='ltr'>l.</span> <span class='ocrx_word' id='word_1_387' title='bbox 898 3885 922 3926; x_wconf 87' lang='lat' dir='ltr'>et</span> <span class='ocrx_word' id='word_1_388' title='bbox 939 3875 963 3924; x_wconf 78' lang='lat'>2.</span> <span class='ocrx_word' id='word_1_389' title='bbox 988 3877 1018 3926; x_wconf 84' lang='lat' dir='ltr'>Se</span> <span class='ocrx_word' id='word_1_390' title='bbox 1037 3893 1087 3926; x_wconf 84' lang='lat' dir='ltr'>uer.</span> <span class='ocrx_word' id='word_1_391' title='bbox 1105 3877 1177 3926; x_wconf 84' lang='lat' dir='ltr'>Basil.</span> <span class='ocrx_word' id='word_1_392' title='bbox 1197 3877 1294 3928; x_wconf 88' lang='lat' dir='ltr'>Gobler.</span> <span class='ocrx_word' id='word_1_393' title='bbox 1314 3885 1338 3925; x_wconf 85' lang='lat' dir='ltr'>et</span> <span class='ocrx_word' id='word_1_394' title='bbox 1370 3885 1373 3892; x_wconf 92' lang='grc'><strong>’</strong></span> 
     </span>
     <span class='ocr_line' id='line_1_38' title="bbox 751 3892 1335 4010; baseline -0.003 -16"><span class='ocrx_word' id='word_1_395' title='bbox 751 3945 853 3994; x_wconf 79' lang='lat' dir='ltr'>Felclm.</span> <span class='ocrx_word' id='word_1_396' title='bbox 875 3945 898 3992; x_wconf 90' lang='lat' dir='ltr'>i.</span> <span class='ocrx_word' id='word_1_397' title='bbox 916 3935 1000 3996; x_wconf 72' lang='lat' dir='ltr'>odric</span> <span class='ocrx_word' id='word_1_398' title='bbox 1015 3892 1047 3992; x_wconf 70' lang='lat' dir='ltr'>dv</span> <span class='ocrx_word' id='word_1_399' title='bbox 1064 3937 1137 4010; x_wconf 73' lang='grc' dir='ltr'><strong><em>ἡμῖν.</em></strong></span> <span class='ocrx_word' id='word_1_400' title='bbox 1172 3945 1234 3994; x_wconf 83' lang='lat' dir='ltr'>Editi</span> <span class='ocrx_word' id='word_1_401' title='bbox 1253 3953 1276 3994; x_wconf 82' lang='lat' dir='ltr'>et</span> <span class='ocrx_word' id='word_1_402' title='bbox 1295 3943 1335 3993; x_wconf 79' lang='lat' dir='ltr'>ulii</span> 
     </span>
    </p>
   </div>
   <div class='ocr_carea' id='block_1_6' title="bbox 113 3768 699 3973">
    <p class='ocr_par' dir='ltr' id='par_1_6' title="bbox 113 3768 699 3973">
     <span class='ocr_line' id='line_1_39' title="bbox 147 3768 699 3840; baseline -0.005 -10"><span class='ocrx_word' id='word_1_403' title='bbox 147 3793 169 3830; x_wconf 86' lang='lat' dir='ltr'>e.</span> <span class='ocrx_word' id='word_1_404' title='bbox 188 3779 277 3840; x_wconf 65' lang='lat' dir='ltr'>negt.</span> <span class='ocrx_word' id='word_1_405' title='bbox 297 3787 320 3829; x_wconf 89' lang='lat' dir='ltr'>et</span> <span class='ocrx_word' id='word_1_406' title='bbox 335 3779 434 3840; x_wconf 85' lang='lat' dir='ltr'>Seguer.</span> <span class='ocrx_word' id='word_1_407' title='bbox 453 3768 545 3828; x_wconf 76' lang='grc' dir='ltr'><strong><em>αὖιοῦ.</em></strong></span> <span class='ocrx_word' id='word_1_408' title='bbox 581 3779 699 3840; x_wconf 65' lang='lat' dir='ltr'>nunes.</span> 
     </span>
     <span class='ocr_line' id='line_1_40' title="bbox 114 3838 696 3912; baseline -0.005 -16"><span class='ocrx_word' id='word_1_409' title='bbox 114 3847 136 3896; x_wconf 91' lang='lat'>1.</span> <span class='ocrx_word' id='word_1_410' title='bbox 156 3847 255 3912; x_wconf 84' lang='lat' dir='ltr'>Seguer.</span> <span class='ocrx_word' id='word_1_411' title='bbox 275 3846 345 3896; x_wconf 84' lang='lat' dir='ltr'>Basil.</span> <span class='ocrx_word' id='word_1_412' title='bbox 364 3847 433 3897; x_wconf 82' lang='lat' dir='ltr'>Gobl.</span> <span class='ocrx_word' id='word_1_413' title='bbox 453 3857 476 3896; x_wconf 85' lang='lat' dir='ltr'>et</span> <span class='ocrx_word' id='word_1_414' title='bbox 494 3847 596 3896; x_wconf 80' lang='lat' dir='ltr'>Felclm.</span> <span class='ocrx_word' id='word_1_415' title='bbox 610 3847 631 3895; x_wconf 89' lang='lat' dir='ltr'>i.</span> <span class='ocrx_word' id='word_1_416' title='bbox 643 3838 696 3896; x_wconf 76' lang='lat' dir='ltr'>dre.</span> 
     </span>
     <span class='ocr_line' id='line_1_41' title="bbox 113 3903 519 3973; baseline -0.007 -9"><span class='ocrx_word' id='word_1_417' title='bbox 113 3913 192 3964; x_wconf 82' lang='lat' dir='ltr'>Ceteri</span> <span class='ocrx_word' id='word_1_418' title='bbox 213 3921 236 3964; x_wconf 87' lang='lat' dir='ltr'>et</span> <span class='ocrx_word' id='word_1_419' title='bbox 254 3914 311 3963; x_wconf 81' lang='lat' dir='ltr'>editi</span> <span class='ocrx_word' id='word_1_420' title='bbox 329 3905 418 3962; x_wconf 76' lang='grc' dir='ltr'>ὁπότε.</span> <span class='ocrx_word' id='word_1_421' title='bbox 474 3903 481 3916; x_wconf 74' lang='lat'>‘</span> <span class='ocrx_word' id='word_1_422' title='bbox 512 3962 519 3973; x_wconf 70' lang='grc'>,</span> 
     </span>
    </p>
   </div>
   <div class='ocr_carea' id='block_1_7' title="bbox 112 4003 1337 4418">
    <p class='ocr_par' dir='ltr' id='par_1_7' title="bbox 112 4003 1337 4418">
     <span class='ocr_line' id='line_1_42' title="bbox 146 4003 983 4078; baseline -0.01 -14"><span class='ocrx_word' id='word_1_423' title='bbox 146 4015 164 4064; x_wconf 82' lang='lat' dir='ltr'>i.</span> <span class='ocrx_word' id='word_1_424' title='bbox 183 4015 224 4064; x_wconf 90' lang='lat' dir='ltr'>Sic</span> <span class='ocrx_word' id='word_1_425' title='bbox 241 4015 296 4075; x_wconf 80' lang='lat' dir='ltr'>ling.</span> <span class='ocrx_word' id='word_1_426' title='bbox 317 4015 339 4064; x_wconf 88' lang='lat'>1.</span> <span class='ocrx_word' id='word_1_427' title='bbox 357 4017 457 4078; x_wconf 83' lang='lat' dir='ltr'>Seguer.</span> <span class='ocrx_word' id='word_1_428' title='bbox 475 4014 546 4064; x_wconf 79' lang='lat' dir='ltr'>[iasii.</span> <span class='ocrx_word' id='word_1_429' title='bbox 566 4022 590 4064; x_wconf 85' lang='lat' dir='ltr'>et</span> <span class='ocrx_word' id='word_1_430' title='bbox 606 4013 698 4075; x_wconf 80' lang='lat' dir='ltr'>lngiic.</span> <span class='ocrx_word' id='word_1_431' title='bbox 750 4003 764 4059; x_wconf 79' lang='lat' dir='ltr'>d</span> <span class='ocrx_word' id='word_1_432' title='bbox 782 4005 846 4064; x_wconf 73' lang='grc' dir='ltr'>θεὸς</span> <span class='ocrx_word' id='word_1_433' title='bbox 863 4003 893 4060; x_wconf 72' lang='grc' dir='ltr'>ἐν</span> <span class='ocrx_word' id='word_1_434' title='bbox 909 4005 983 4077; x_wconf 70' lang='grc' dir='ltr'>ἡμῖν.</span> 
     </span>
     <span class='ocr_line' id='line_1_43' title="bbox 112 4079 1336 4143; baseline -0.006 -11"><span class='ocrx_word' id='word_1_435' title='bbox 112 4081 158 4132; x_wconf 77' lang='lat' dir='ltr'>snt</span> <span class='ocrx_word' id='word_1_436' title='bbox 176 4082 273 4132; x_wconf 81' lang='lat' dir='ltr'>etediti</span> <span class='ocrx_word' id='word_1_437' title='bbox 296 4084 364 4133; x_wconf 85' lang='lat' dir='ltr'>artic.</span> <span class='ocrx_word' id='word_1_438' title='bbox 387 4081 436 4143; x_wconf 73' lang='grc' dir='ltr'>τῆς</span> <span class='ocrx_word' id='word_1_439' title='bbox 452 4084 573 4132; x_wconf 90' lang='lat' dir='ltr'>omittunt.</span> <span class='ocrx_word' id='word_1_440' title='bbox 608 4082 698 4132; x_wconf 85' lang='lat' dir='ltr'>ibidem</span> <span class='ocrx_word' id='word_1_441' title='bbox 784 4095 805 4142; x_wconf 86' lang='lat' dir='ltr'>g.</span> <span class='ocrx_word' id='word_1_442' title='bbox 826 4081 857 4128; x_wconf 85' lang='lat' dir='ltr'>tta</span> <span class='ocrx_word' id='word_1_443' title='bbox 878 4079 964 4140; x_wconf 77' lang='lat' dir='ltr'>Regias</span> <span class='ocrx_word' id='word_1_444' title='bbox 984 4082 1006 4131; x_wconf 89' lang='grc'>1.</span> <span class='ocrx_word' id='word_1_445' title='bbox 1026 4081 1126 4142; x_wconf 85' lang='lat' dir='ltr'>Segner.</span> <span class='ocrx_word' id='word_1_446' title='bbox 1145 4079 1218 4130; x_wconf 80' lang='lat' dir='ltr'>Basti.</span> <span class='ocrx_word' id='word_1_447' title='bbox 1237 4079 1336 4132; x_wconf 84' lang='lat' dir='ltr'>Gabler.</span> 
     </span>
     <span class='ocr_line' id='line_1_44' title="bbox 113 4140 1335 4215; baseline -0.006 -17"><span class='ocrx_word' id='word_1_448' title='bbox 113 4149 363 4212; x_wconf 58' lang='lat' dir='ltr'>neunsmusnsn.</span> <span class='ocrx_word' id='word_1_449' title='bbox 383 4151 495 4201; x_wconf 79' lang='lat' dir='ltr'>etlissil.</span> <span class='ocrx_word' id='word_1_450' title='bbox 515 4140 699 4215; x_wconf 62' lang='lat' dir='ltr'>producito}</span> <span class='ocrx_word' id='word_1_451' title='bbox 751 4147 895 4196; x_wconf 87' lang='lat' dir='ltr'>etl&#39;eiclm.</span> <span class='ocrx_word' id='word_1_452' title='bbox 916 4148 938 4196; x_wconf 88' lang='lat' dir='ltr'>l.</span> <span class='ocrx_word' id='word_1_453' title='bbox 974 4149 1016 4197; x_wconf 89' lang='lat' dir='ltr'>Sic</span> <span class='ocrx_word' id='word_1_454' title='bbox 1039 4148 1231 4210; x_wconf 68' lang='lat' dir='ltr'>ootemnngiic.</span> <span class='ocrx_word' id='word_1_455' title='bbox 1250 4147 1335 4196; x_wconf 73' lang='lat' dir='ltr'>natu:</span> 
     </span>
     <span class='ocr_line' id='line_1_45' title="bbox 112 4205 1309 4293; baseline -0.01 -25"><span class='ocrx_word' id='word_1_456' title='bbox 112 4217 203 4274; x_wconf 75' lang='lat' dir='ltr'>habeat</span> <span class='ocrx_word' id='word_1_457' title='bbox 219 4211 250 4266; x_wconf 74' lang='lat' dir='ltr'>lt·</span> <span class='ocrx_word' id='word_1_458' title='bbox 267 4209 342 4284; x_wconf 75' lang='grc' dir='ltr'><strong><em>αὖτῇ.</em></strong></span> <span class='ocrx_word' id='word_1_459' title='bbox 378 4219 437 4268; x_wconf 87' lang='lat' dir='ltr'>ltom</span> <span class='ocrx_word' id='word_1_460' title='bbox 456 4219 512 4279; x_wconf 71' lang='lat' dir='ltr'>nep.</span> <span class='ocrx_word' id='word_1_461' title='bbox 524 4218 545 4267; x_wconf 89' lang='lat' dir='ltr'>l.</span> <span class='ocrx_word' id='word_1_462' title='bbox 565 4225 587 4266; x_wconf 85' lang='lat' dir='ltr'>et</span> <span class='ocrx_word' id='word_1_463' title='bbox 600 4217 700 4278; x_wconf 84' lang='lat' dir='ltr'>Soguer.</span> <span class='ocrx_word' id='word_1_464' title='bbox 750 4207 795 4292; x_wconf 68' lang='lat' dir='ltr'>aqi</span> <span class='ocrx_word' id='word_1_465' title='bbox 818 4208 847 4262; x_wconf 76' lang='lat' dir='ltr'>ln</span> <span class='ocrx_word' id='word_1_466' title='bbox 864 4205 1025 4293; x_wconf 53' lang='lat' dir='ltr'>dappoinaec</span> <span class='ocrx_word' id='word_1_467' title='bbox 1040 4210 1161 4280; x_wconf 73' lang='grc' dir='ltr'>γίνεται,</span> <span class='ocrx_word' id='word_1_468' title='bbox 1186 4208 1232 4262; x_wconf 73' lang='lat' dir='ltr'>acui</span> <span class='ocrx_word' id='word_1_469' title='bbox 1248 4207 1279 4260; x_wconf 76' lang='lat' dir='ltr'>dr</span> <span class='ocrx_word' id='word_1_470' title='bbox 1296 4223 1309 4256; x_wconf 91' lang='lat' dir='ltr'>c</span> 
     </span>
     <span class='ocr_line' id='line_1_46' title="bbox 112 4277 1337 4352; baseline -0.011 -14"><span class='ocrx_word' id='word_1_471' title='bbox 112 4299 194 4334; x_wconf 80' lang='lat' dir='ltr'>vocem</span> <span class='ocrx_word' id='word_1_472' title='bbox 217 4277 372 4352; x_wconf 67' lang='grc' dir='ltr'><strong><em>πνεύματος</em></strong></span> <span class='ocrx_word' id='word_1_473' title='bbox 395 4287 517 4336; x_wconf 85' lang='lat' dir='ltr'>abiiciunt.</span> <span class='ocrx_word' id='word_1_474' title='bbox 552 4285 604 4334; x_wconf 77' lang='lat' dir='ltr'>llos</span> <span class='ocrx_word' id='word_1_475' title='bbox 629 4285 701 4333; x_wconf 80' lang='lat' dir='ltr'>iidem</span> <span class='ocrx_word' id='word_1_476' title='bbox 751 4293 866 4347; x_wconf 72' lang='grc' dir='ltr'>γινεται,</span> <span class='ocrx_word' id='word_1_477' title='bbox 885 4295 963 4330; x_wconf 77' lang='grc' dir='ltr'><strong>ουτοι</strong></span> <span class='ocrx_word' id='word_1_478' title='bbox 979 4282 1181 4333; x_wconf 60' lang='lat' dir='ltr'>&amp;conscotinus</span> <span class='ocrx_word' id='word_1_479' title='bbox 1215 4279 1294 4328; x_wconf 77' lang='lat' dir='ltr'>Ceteri</span> <span class='ocrx_word' id='word_1_480' title='bbox 1313 4283 1337 4325; x_wconf 85' lang='lat' dir='ltr'>st</span> 
     </span>
     <span class='ocr_line' id='line_1_47' title="bbox 113 4339 1336 4418; baseline -0.009 -16"><span class='ocrx_word' id='word_1_481' title='bbox 113 4359 137 4402; x_wconf 85' lang='lat' dir='ltr'>et</span> <span class='ocrx_word' id='word_1_482' title='bbox 155 4353 210 4414; x_wconf 71' lang='lat' dir='ltr'>neg.</span> <span class='ocrx_word' id='word_1_483' title='bbox 222 4352 245 4404; x_wconf 81' lang='grc'>2.</span> <span class='ocrx_word' id='word_1_484' title='bbox 265 4353 337 4403; x_wconf 80' lang='lat' dir='ltr'>dasii.</span> <span class='ocrx_word' id='word_1_485' title='bbox 357 4363 381 4404; x_wconf 85' lang='lat' dir='ltr'>et</span> <span class='ocrx_word' id='word_1_486' title='bbox 398 4354 488 4416; x_wconf 74' lang='lat' dir='ltr'>logiis.</span> <span class='ocrx_word' id='word_1_487' title='bbox 508 4346 579 4418; x_wconf 75' lang='grc' dir='ltr'><strong><em>ἡμᾶς</em></strong></span> <span class='ocrx_word' id='word_1_488' title='bbox 595 4349 634 4416; x_wconf 76' lang='grc' dir='ltr'>τῷ</span> <span class='ocrx_word' id='word_1_489' title='bbox 651 4363 701 4397; x_wconf 73' lang='grc' dir='ltr'>πα·</span> <span class='ocrx_word' id='word_1_490' title='bbox 752 4350 825 4400; x_wconf 83' lang='lat' dir='ltr'>editio</span> <span class='ocrx_word' id='word_1_491' title='bbox 844 4351 961 4400; x_wconf 80' lang='lat' dir='ltr'>Commet.</span> <span class='ocrx_word' id='word_1_492' title='bbox 984 4345 1029 4398; x_wconf 75' lang='grc' dir='ltr'>καὶ</span> <span class='ocrx_word' id='word_1_493' title='bbox 1047 4343 1076 4398; x_wconf 75' lang='grc' dir='ltr'>ἐν</span> <span class='ocrx_word' id='word_1_494' title='bbox 1093 4339 1250 4410; x_wconf 73' lang='grc' dir='ltr'><strong><em>ἀνθρώποις</em></strong></span> <span class='ocrx_word' id='word_1_495' title='bbox 1266 4339 1336 4408; x_wconf 65' lang='lat' dir='ltr'>ries·</span> 
     </span>
    </p>
   </div>
   <div class='ocr_carea' id='block_1_8' title="bbox 113 4407 1248 4488">
    <p class='ocr_par' dir='ltr' id='par_1_8' title="bbox 113 4407 1248 4488">
     <span class='ocr_line' id='line_1_48' title="bbox 113 4407 1248 4488; baseline -0.011 -16"><span class='ocrx_word' id='word_1_496' title='bbox 113 4415 164 4488; x_wconf 69' lang='lat' dir='ltr'>toi.</span> <span class='ocrx_word' id='word_1_497' title='bbox 201 4421 280 4470; x_wconf 78' lang='lat' dir='ltr'>Ottoln</span> <span class='ocrx_word' id='word_1_498' title='bbox 301 4420 340 4484; x_wconf 74' lang='grc' dir='ltr'>τῷ</span> <span class='ocrx_word' id='word_1_499' title='bbox 358 4415 498 4488; x_wconf 75' lang='grc' dir='ltr'><em>πνεύματι.</em></span> <span class='ocrx_word' id='word_1_500' title='bbox 534 4421 579 4470; x_wconf 78' lang='lat' dir='ltr'>etti</span> <span class='ocrx_word' id='word_1_501' title='bbox 604 4429 627 4469; x_wconf 84' lang='lat' dir='ltr'>et</span> <span class='ocrx_word' id='word_1_502' title='bbox 646 4419 702 4468; x_wconf 86' lang='lat' dir='ltr'>editt</span> <span class='ocrx_word' id='word_1_503' title='bbox 752 4429 808 4473; x_wconf 80' lang='grc' dir='ltr'>ται,</span> <span class='ocrx_word' id='word_1_504' title='bbox 826 4411 872 4466; x_wconf 74' lang='grc' dir='ltr'>καὶ</span> <span class='ocrx_word' id='word_1_505' title='bbox 890 4407 923 4464; x_wconf 84' lang='lat' dir='ltr'>‹n‘</span> <span class='ocrx_word' id='word_1_506' title='bbox 944 4409 1028 4466; x_wconf 72' lang='grc' dir='ltr'><strong><em>αὐτοῦ</em></strong></span> <span class='ocrx_word' id='word_1_507' title='bbox 1046 4412 1248 4466; x_wconf 74' lang='grc' dir='ltr'>θεοποωῦνται.</span> 
     </span>
    </p>
   </div>
   <div class='ocr_carea' id='block_1_9' title="bbox 0 0 1546 5042">
    <p class='ocr_par' dir='ltr' id='par_1_9' title="bbox 0 0 1546 5042">
     <span class='ocr_line' id='line_1_49' title="bbox 0 0 1546 5042; baseline 0 0"><span class='ocrx_word' id='word_1_508' title='bbox 0 0 1546 5042; x_wconf 95' lang='lat' dir='ltr'> </span> 
     </span>
    </p>
   </div>
  </div>
 </body>
</html>
