3174 5082
254 327 296 391 34
651 339 675 381 ε.
693 336 844 380 ιτοιιτιειι
861 335 1083 380 Ακοιιιιιειεοοει

166 493 289 559 ν.νιι.δὲ
309 489 347 556 τὸ
370 487 500 556 ι’ίιοπον
521 489 619 550 τοῦτο
643 487 844 570 συνορῶντες
866 481 1010 570 ἄρχεσθε
1031 485 1145 568 λέγειν,
1170 479 1223 550 ότι
1238 478 1257 548 δ
1273 483 1345 562 υίὸς
1358 491 1499 568 κτίσμα

253 588 299 661 ῶν
323 589 433 668 ἱκανὸς
454 595 591 674 γέγονεν,
617 583 703 653 ὥστε
724 581 793 651 ὑπὸ
815 589 872 650 τοῦ
895 580 1070 671 “άγενήτου
1092 590 1259 670 γενέσθαι,
1283 583 1319 664 ἐξ
1340 579 1500 674 ἀνάγκης

250 697 305 762 καὶ
334 691 376 758 τὰ
405 689 489 757 ίίλλα
520 688 629 756 πάντα
658 685 775 774 γενητὰ
798 685 878 754 ὄντα
900 685 1023 753 δυνατὰ
1044 677 1083 776 ἢν
1105 685 1198 774 παρὰ
1219 689 1278 752 τοῦ
1301 691 1313 726 ¹·
1322 681 1498 776 ἀγένητοι·

253 791 535 878 αότουργηθῖγναι·
563 796 684 873 κτίσμα
711 787 771 875 γὰρ
801 783 876 854 καθ’
901 785 986 874 ὑμᾶς
1013 782 1177 876 κᾴκείνος,
1209 784 1322 876 ὥσπερ
1346 778 1407 854 οὖν
1431 793 1496 856 καὶ

253 898 359 966 ταῦτα
380 892 498 972 πάντα,
522 891 606 958 ἐστί·
629 889 684 956 καὶ
705 890 842 976 περιττὴ
866 889 987 956 λοιπὸν
1009 893 1068 957 τοῦ
1090 888 1188 976 λόγου
1209 885 1229 976 ἡ
1250 896 1375 976 γένεσις
1399 890 1498 958 κατὰ

254 997 313 1086 την
342 993 444 1082 άσεβῇ
471 997 524 1060 καὶ
552 993 666 1081 μωρὰν
695 989 787 1078 δμῶν
810 993 972 1073 ἐπίνοιαν,
996 987 1176 1079 αὐτάρκους
1199 989 1294 1072 ’όντος
1314 995 1373 1058 τοῦ
1398 997 1495 1060 θεοί·

255 1097 298 1165 τὰ
320 1097 430 1166 πάντα
450 1092 649 1184 αὐτουργεῖν,
662 1095 810 1163 Ιπάντων
832 1096 870 1162 δὲ
881 1097 947 1160 τῶν
957 1098 1099 1182 γενητῶν
1111 1095 1298 1179 δυναμένων
1309 1091 1368 1180 τὴν
1380 1091 1495 1181 ἄκρα-

255 1224 312 1268 τον
331 1211 424 1286 χεῖρα
443 1197 608 1286 βαστάξαι
629 1199 689 1266 τοῦ
711 1199 807 1265 θεοῦ.
852 1191 993 1283 ἀνοήτου
1016 1195 1055 1285 δὴ
1078 1194 1180 1284 οδσης
1201 1189 1308 1263 αὐτῶν
1330 1197 1389 1283 τῆς
1413 1221 1491 1263 τοι-

255 1303 357 1394 αίπης
386 1303 660 1392 φρενοβλαβείας,
690 1300 814 1384 ἰ’δωμεν
844 1299 873 1367 εἰ
894 1295 939 1384 μὴ
961 1301 1014 1366 καὶ
1037 1297 1076 1364 τὸ
1098 1297 1272 1386 λεγόμενον
1292 1299 1393 1365 τοῦτο
1417 1304 1492 1364 τῶν

254 1401 382 1493 άσεβῶν
410 1403 449 1471 τὸ
472 1403 624 1493 σόφισμα
646 1405 749 1470 πλέον
772 1405 838 1468 τῶν
861 1398 970 1468 ἄλλων
993 1395 1101 1468 αὐτῶν
1124 1395 1328 1486 ἀλογώτερον
1351 1394 1492 1494 άναφα-

253 1514 331 1596 νείη.
373 1502 482 1590 Ἀδὰμ
511 1504 617 1589 μόνος
640 1500 710 1569 ὑπὸ
741 1502 844 1588 μόνου
873 1505 931 1569 τοῦ
953 1505 1038 1570 θεοῦ
1061 1501 1119 1570 διὰ
1140 1503 1199 1568 τοῦ
1221 1501 1320 1587 λόγου
1341 1507 1488 1588 γέγονεν.

253 1605 321 1676 ἀλλ’
347 1603 405 1674 οὐκ
428 1607 461 1673 έν
483 1607 530 1690 τῷ
553 1603 656 1672 πόλιν
678 1603 736 1671 τὸν
755 1598 864 1688 Ἀδὰμ
885 1605 989 1672 πλέον
1008 1629 1044 1670 τι
1056 1601 1274 1670 τῶνπόντων
1289 1596 1488 1692 ἀνθρώπιον

256 1710 339 1790 ’ἔχειν
366 1702 387 1795 ἢ
416 1707 587 1794 διαφέρειν
619 1707 686 1772 τῶν
713 1701 782 1789 μετ’
807 1703 908 1773 αὐτὸν
931 1705 971 1774 ι’ίν
992 1729 1045 1786 τις
1067 1705 1218 1794 φήσειεν,
1249 1703 1278 1773 εί
1298 1705 1403 1790 μόνος
1425 1709 1486 1792 μὲν

233 1803 354 1887 ἀότὸς
382 1803 449 1874 ὑπὸ
478 1807 581 1892 μόνοι·
611 1811 669 1873 τοῦ
697 1811 781 1875 θεοῦ
810 1815 993 1896 πεποίηται
1015 1811 1068 1874 καί
1092 1809 1300 1888 πέπλασται,
1329 1803 1429 1896 ἡμεῖς
1448 1811 1480 1874 δὲ

259 1909 383 1988 πάντες
411 1909 445 1976 ἐκ
472 1933 532 1975 του
552 1903 661 1993 Ἀδδιμ
688 1908 896 1995 γεννῶμεθα,
925 1913 978 1977 καί
1007 1909 1090 1976 κατὰ
1113 1908 1268 1996 διαδοχὴν
1288 1912 1348 1975 τοῦ
1370 1917 1483 1996 γένοις

257 2009 502 2095 συνιοτάμεθα,
532 2012 594 2091 ἕως
620 2009 722 2095 μόνον
749 2016 802 2079 καί
832 2007 930 2092 αὐτὸς
959 2011 994 2078 ἐκ
1014 2015 1073 2100 γῆς
1096 2011 1268 2096 ἐπλάσθη,
1292 2013 1345 2078 καί
1369 2011 1415 2099 μή
1440 2008 1484 2079 ῶν

255 2113 427 2202 πρότερον,
450 2110 586 2201 ὕστερον
608 2119 752 2200 γέγονεν’

340 2205 457 2284 9.Εί
478 2217 513 2283 δὲ
536 2219 589 2284 καί
612 2219 714 2284 πλέον
736 2241 789 2294 τις
810 2241 857 2301 τῳ
841 2215 1127 2304 προτοπλάστῳ
1150 2216 1223 2302 δοίη
1191 2212 1304 2282 ίδιὰ
1324 2211 1364 2280 τὸ
1385 2239 1486 2305 κατη-

256 2321 404 2398 ξιῶοθαι
424 2321 482 2408 τῆς
503 2321 562 2384 τοῦ
585 2320 670 2386 θεοῦ
690 2316 800 2406 χειρὸς
822 2311 938 2383 αὐτόν·
963 2311 1032 2383 ἀλλ’
1057 2316 1091 2383 ίν
1113 2319 1191 2404 τιμῇ
1213 2317 1266 2382 καὶ
1289 2313 1334 2402 μὴ
1355 2320 1396 2404 τῇ
1420 2317 1484 2406 φό-

255 2445 307 2488 σει
328 2419 367 2487 τὸ
389 2421 490 2488 πλέον
514 2420 561 2501 είς
583 2415 682 2487 αὐτὸν
706 2415 724 2486 ό
747 2423 900 2498 τοιοῦτος
921 2419 1116 2505 λογιζέσθω.
1147 2418 1181 2486 ἐκ
1196 2419 1254 2506 γῆς
1267 2417 1328 2505 γὰρ
1342 2424 1481 2505 γέγονεν,
1555 2489 1556 2494 ,

256 2517 369 2606 ῶσπερ
391 2523 444 2586 καλ
469 2521 607 2598 πάντες·
630 2524 686 2586 καὶ
709 2517 728 2608 ἡ
749 2524 819 2606 χείρ
842 2521 878 2587 δὲ
900 2514 920 2606 ἡ
943 2519 1102 2587 πλάσασα
1116 2519 1193 2587 τότε
1206 2519 1264 2586 τὸν
1277 2516 1394 2604 Ἀδάμ,
1410 2521 1483 2586 οιιαί

257 2617 338 2707 αὕτη
360 2622 414 2686 καί
438 2623 495 2686 νῦν
517 2623 571 2688 καλ
595 2615 646 2688 δελ
669 2620 746 2700 τοὺς
765 2616 834 2706 μετ’
860 2621 983 2688 ίνιείνον
1005 2621 1108 2690 πόλιν
1123 2620 1263 2689 πλάττει
1278 2623 1331 2688 καί
1348 2623 1479 2689 διαονν-

258 2728 384 2806 ίστησι·
411 2723 464 2786 καί
493 2724 592 2786 τοῦτο
624 2715 641 2786 ὃ
668 2722 751 2801 θεὸς
780 2718 879 2802 αάτὸς
906 2725 954 2808 τῷ
975 2723 1035 2808 μὲν
1054 2717 1206 2812 Ἱερεμίᾳ,
1238 2719 1283 2802 ῶς
1303 2735 1470 2812 προεῖπον,

258 2829 376 2911 φησίν·
399 2821 466 2909 πρὸ
488 2824 548 2889 τοῦ
569 2847 611 2908 με
632 2821 762 2890 πλάσαι
784 2847 822 2890 σε
844 2824 877 2891 έν
899 2825 1017 2913 κοιλίᾳ,
1042 2825 1224 2910 ἐπίσταμαί
1246 2827 1322 2906 σε’).
1353 2826 1426 2912 περὶ
1442 2823 1478 2892 δὲ

256 2929 322 2992 τῶν
345 2923 479 2993 πάντων
503 2925 625 3014 ἔλεγεν·
648 2922 667 3014 ἡ
689 2933 758 3016 χείρ
772 2949 837 3011 μου
861 2925 998 3016 ἐποίησε
1012 2931 1116 2994 ταῦτα
1130 2926 1279 3007 πόντα’).
1309 2930 1363 2994 καὶ
1380 2925 1480 2995 πόλιν

257 3027 313 3095 διὰ
332 3021 470 3096 Ἠσαίου
493 3023 610 3119 φησίν·
634 3025 739 3110 οὕτως
760 3032 847 3117 λέγει
868 3029 980 3116 κύριος
1002 3026 1248 3114 δλυτροόμενός
1259 3051 1296 3098 σε
1307 3031 1362 3096 καί
1373 3030 1482 3096 πλάσ-

256 3154 324 3200 οων
347 3153 384 3200 σε
416 3131 450 3200 ἐν
479 3135 603 3223 κοιλίᾳ·
638 3133 700 3222 ἐγὼ
729 3132 840 3221 κόριος
869 3128 887 3198 ὃ
917 3133 1081 3202 συντελῶν
1103 3131 1228 3213 πάντα,
1260 3131 1403 3212 ἐξέτεινα
1424 3131 1482 3198 τὸν

257 3228 395 3321 οὐρανὸν
416 3233 518 3318 μόνος
538 3238 593 3304 καὶ
616 3235 800 3322 έστερέωσα
821 3235 880 3322 τὴν
902 3238 1000 3323 γῆν).
1046 3231 1064 3300 ὁ
1088 3234 1124 3302 δὲ
1139 3234 1251 3320 Δαβίδ
1264 3235 1362 3300 τοῦτο
1383 3235 1482 3320 γινώ-

172 3353 343 3402 ε.νιε.σκων
366 3336 526 3420 ἔψαλλεν·
557 3337 592 3401 αλ
613 3342 718 3420 χεῖρές
741 3359 801 3400 σου
825 3334 986 3422 ἐποίησάν
1007 3357 1049 3420 με
1071 3339 1124 3403 καί
1149 3337 1297 3404 ίπλασόν
1318 3339 1402 3422 με*)“
1423 3339 1481 3402 καί

259 3431 276 3500 δ
300 3435 334 3502 ἐν
355 3439 402 3520 τῷ
421 3430 543 3521 Ἠσαίᾳ
565 3436 683 3518 λέγων·
708 3431 812 3514 οὕτως
834 3435 919 3521 λέγει
941 3436 1052 3523 κόριος
1074 3435 1092 3504 δ
1114 3438 1246 3518 πλάσας
1257 3465 1298 3525 με
1311 3438 1345 3506 ίκ
1355 3439 1482 3517 κοιλίας

259 3536 377 3601 δοῦλον
405 3534 555 3620 ἑαιντῷ”),
584 3537 683 3601 τοῦτο
713 3532 873 3622 σημαίνει.
920 3532 1036 3606 οόκοῦν
1063 3539 1147 3608 κατὰ
1176 3539 1233 3629 τὴν
1263 3541 1364 3630 φύσιν
1387 3533 1480 3607 οόδὲν

258 3632 350 3722 ἡμῶν
372 3635 531 3724 διαφέρει,
555 3630 615 3726 κᾷν
637 3637 766 3727 προάγῃ
789 3641 835 3726 τῶ
856 3639 971 3729 χρόνῳ,
996 3642 1058 3721 ἕως
1078 3645 1133 3710 καί
1154 3647 1194 3731 τῇ
1210 3637 1291 3730 αὐτῇ
1305 3643 1389 3730 χειρί
1406 3665 1481 3710 σεν-

261 3738 428 3824 ιοτάμεθα
454 3742 509 3807 καλ
537 3740 718 3826 κτιζόμεθα
751 3741 881 3822 πάντες.
928 3743 957 3811 εί
977 3751 1088 3812 τοίνυν
1111 3741 1231 3826 οὕτως,
1255 3735 1475 3830 ῶἏρειανοί,

259 3843 313 3909 καί
335 3843 411 3928 περί
433 3843 493 3908 τοῦ
514 3843 587 3910 υἱοῦ
609 3847 668 3911 τοῦ
690 3848 775 3912 θεοῦ
799 3856 960 3934 φρονεῖτε,
986 3842 1039 3914 ότι
1054 3843 1158 3927 οὕτως
1172 3849 1224 3914 καί
1241 3841 1340 3926 οὗτὸς
1354 3841 1477 3936 ὑπέστη

259 3941 314 4009 καὶ
336 3949 473 4030 γέγονεν,
498 3939 591 4014 οὐδὲν
614 3941 691 4013 καθ’
714 3943 799 4032 ὑμᾶς
820 3951 888 4014 τῶν
910 3945 1018 4017 ἄλλων
1040 3949 1123 4016 κατὰ
1144 3947 1202 4036 τὴν
1224 3947 1326 4036 φύσιν
1349 3948 1477 4028 διοίσει,

260 4044 322 4123 ίιος
343 4045 398 4112 καί
420 4041 518 4126 αὐτὸς
541 4042 598 4116 σόν
620 4075 673 4134 ην,
703 4048 759 4115 καὶ
779 4057 904 4136 γέγονε,
927 4077 983 4118 και
974 4047 1080 4131 ἒξ’
1061 4054 1177 4138 αρετῆς
1198 4049 1254 4117 καί
1276 4045 1373 4174 αὐτῷ
1388 4071 1479 4117 συνε-

259 4151 380 4234 κτίσθη
408 4149 467 4212 τοῦ
500 4143 660 4234 ὀνόματος
688 4147 707 4238 ἡ
732 4151 836 4240 χάρις.
882 4149 929 4232 τίς
952 4152 1017 4273 γάρ
1045 4152 1117 4220 έστι
1138 4152 1193 4220 καὶ
1215 4147 1329 4232 αδτός,
1354 4147 1410 4240 ἀφ’
1434 4141 1478 4218 ῶν

259 4251 405 4334 δλέγετε,
430 4247 509 4335 περὶ
530 4277 576 4317 ων
599 4277 632 4318 εν
655 4253 858 4337 ψαλμοῖς
825 4278 863 4320 το
886 4253 1016 4338 πνεῦμά
1040 4277 1156 4342 φησιν·
1186 4249 1285 4334 αὐτὸς
1308 4249 1395 4335 εἶπε,
1424 4252 1479 4320 καὶ

330 4507 353 4566 4)
371 4505 457 4558 ιυιω
479 4507 542 4567 τι.
629 4507 655 4566 ²4
673 4509 727 4559 εει
746 4509 829 4571 em
917 4510 1015 4570 οιειι.
1035 4513 1077 4573 44,
1096 4511 1135 4560 τι.
1222 4511 1330 4572 ηειιι
1351 4506 1478 4576 ιιομιε.

258 4571 337 4636 4441,
356 4575 395 4624 τε.
466 4577 563 4636 ειειι
584 4577 666 4638 444.
