3054 5304
534 255 642 300 enarro
658 255 698 298 rr.
714 255 830 300 eourru
843 255 979 302 ammos.
1297 247 1361 312 eta

10 455 16 465 .
139 409 211 474 illud
232 406 363 472 Verbum
385 423 454 470 earo
475 405 584 469 fretum
607 413 664 480 est,
686 405 717 468 in
739 423 798 488 quo
820 406 919 470 omnia
941 407 1123 484 hetaeum,
1146 427 1202 476 uro
1223 411 1445 478 Ghrietusrmo.

11 546 13 556 =
138 501 238 574 estin
258 510 347 574 Patre
367 507 507 582 Verbum,
529 526 583 588 per
605 507 685 586 quod
708 509 807 572 omnia
828 509 905 572 trem
926 518 1007 585 snut,
1029 511 1120 591 igitur
1141 512 1277 578 Christus
1298 533 1362 578 non

137 615 233 676 taetus
255 619 303 674 eet
323 629 403 684 earo,
427 609 482 673 sed
504 609 579 671 torte
595 607 733 672 Christus
748 610 878 674 Verbum
901 611 1064 691 appellatus
1087 622 1144 678 eet.
1188 615 1275 688 Quod
1293 616 1361 696 qui-

139 713 208 778 dem
239 713 391 777 sirenum
419 718 479 784 eet,
512 709 610 792 primo
641 709 729 773 aliun
745 710 804 774 erit
832 729 919 790 mam
949 713 998 791 qui
1028 717 1150 778 nomine
1171 715 1363 796 significatur,

16 842 20 851 ·
138 813 245 876 deinde
272 831 334 874 non
361 831 416 892 por
438 830 507 874 eum
529 811 629 872 omnia
651 813 726 872 iacta
748 819 851 885 erunt,
874 812 927 873 eod
949 813 980 873 in
1001 813 1070 890 illo,
1092 816 1123 877 in
1146 836 1206 896 quo
1227 817 1364 882 Chrietun

83 958 86 961 Δ
139 932 256 994 quoque
283 914 349 994 ipse
370 915 464 977 radus
486 919 543 974 eet.
587 911 642 974 Sin
663 919 761 974 autem
783 911 927 987 dixerint,
956 914 1130 998 sapientium
1151 917 1183 978 in
1203 917 1291 982 Patre
1312 921 1376 982 in·¹

66 1031 71 1038 ·
141 1023 204 1078 star
225 1015 373 1094 qualitatis
396 1033 478 1088 eene,
507 1013 554 1076 rel
583 1033 650 1078 euru
673 1014 848 1094 sapientiem
870 1013 966 1094 ipram
989 1033 1074 1090 esee,
1101 1035 1177 1096 quae
1198 1037 1288 1098 supra
1309 1041 1363 1086 re·

140 1117 313 1180 oenemmus
334 1115 462 1180 ahemda
482 1115 655 1178 necessario
679 1122 909 1195 consequentur,
931 1115 1067 1178 videlieet
1082 1135 1150 1180 eum
1164 1121 1364 1200 compositum

140 1236 220 1294 esse,
243 1219 350 1299 suique
372 1217 468 1298 ipsius
491 1235 560 1279 ease
580 1225 696 1297 patrem
717 1225 748 1280 et
768 1217 870 1282 filium.
914 1217 1022 1292 Verum
1044 1219 1222 1297 marguendi
1237 1219 1279 1282 illi
1294 1231 1365 1286 eunt

141 1327 171 1382 et
192 1319 373 1382 confutandi.
418 1318 570 1398 Siquidem
591 1317 731 1392 Verbum,
757 1319 837 1398 qnod
859 1319 889 1382 in
911 1319 1058 1392 honest,
1081 1337 1137 1384 nee
1157 1329 1288 1384 orreum
1308 1340 1366 1386 nee

140 1439 177 1482 ex
209 1419 304 1484 nihilo
334 1427 435 1498 potest
466 1437 545 1482 esee.
600 1419 632 1484 si
664 1419 735 1482 item
767 1419 896 1482 Verbum
927 1419 957 1482 in
990 1421 1054 1484 Deo
1086 1430 1151 1496 est,
1186 1423 1253 1504 ipee
1284 1429 1365 1486 oerte

141 1519 277 1586 Christus
309 1521 415 1596 fuerit,
450 1521 501 1601 qui
533 1521 590 1584 ait:
623 1522 685 1602 Epo
718 1526 751 1584 to
779 1517 872 1585 Patre
904 1534 933 1584 et
957 1521 1056 1586 'Potor
1081 1529 1116 1586 in
1140 1543 1187 1588 me
1214 1535 1276 1600 ert3
1314 1524 1366 1604 qui

140 1622 221 1685 idem
241 1622 352 1686 ideirco
374 1621 544 1702 unigenitus
567 1631 624 1696 est,
647 1622 714 1702 quia
736 1622 835 1686 nullus
856 1622 932 1688 aliua
954 1642 991 1686 er
1008 1643 1045 1686 eo
1060 1625 1097 1688 sit
1113 1626 1238 1705 geniture.
1281 1626 1378 1704 [Inue
1474 1653 1477 1664 ·

140 1723 190 1786 hio
217 1731 265 1786 aet
284 1723 394 1799 Filius,
422 1724 473 1803 qui
495 1733 524 1786 et
545 1721 691 1798 Verbum,
721 1724 866 1804 sapientie
894 1733 925 1787 et
950 1726 1047 1788 virtue
1068 1727 1131 1790 eive
1152 1727 1285 1807 potentia
1307 1733 1365 1790 eet.

138 1825 200 1887 Neo
222 1825 300 1888 enim
324 1845 360 1888 ex
382 1825 431 1888 hie
452 1835 498 1888 eet
520 1825 702 1904 compositus
716 1825 807 1900 Deus,
829 1826 884 1888 sed
904 1827 1013 1890 horum
1036 1835 1082 1890 est
1102 1829 1229 1907 genitor.
1272 1828 1365 1891 Nem·

141 1944 197 2005 que
220 1926 469 2005 quemadmodum
491 1944 541 1988 res
564 1935 678 1990 creatae
702 1926 799 1990 Verho
821 1927 970 2006 producit,
993 1927 1033 1990 itn
1048 1930 1213 1994 seeundum
1226 1929 1367 2011 propriae

140 2027 290 2092 esseutiae
311 2035 446 2092 naturam
469 2026 597 2090 Verbum
620 2026 722 2106 gignit,
745 2045 799 2107 per
820 2028 901 2106 quod
923 2028 1022 2092 omnia
1044 2029 1143 2103 efficit,
1165 2037 1297 2114 oreatet
1311 2028 1366 2090 ad·
1418 2069 1422 2077 ·

140 2128 297 2192 ministrat.
342 2127 493 2208 Siquidem
516 2127 615 2192 omnia
638 2126 735 2188 Verbo
759 2135 789 2188 et
810 2127 953 2207 sapientia
975 2131 1145 2202 factasunt,
1168 2130 1292 2210 eiusque
1306 2129 1452 2194 ion-totl-

140 2229 226 2309 perio
249 2230 387 2296 universa
409 2235 612 2308 perseverant.
656 2228 739 2290 Idem
761 2236 859 2298 autem
882 2227 919 2290 do
932 2228 1008 2292 Filio
1031 2229 1204 2303 dicendum
1226 2228 1368 2292 nimirum

140 2331 166 2393 oi
195 2331 271 2394 nihil
303 2327 515 2409 gignuntur,
544 2327 618 2390 nihil
646 2328 718 2390 item
745 2327 805 2407 agit
833 2327 896 2390 eive
918 2327 1022 2401 efficit,
1044 2347 1112 2392 nam
1136 2329 1201 2392 eius
1223 2331 1301 2392 tetus
1322 2336 1369 2392 eet
1440 2401 1449 2412 ἱ

110 2427 126 2456 '
140 2430 244 2505 Filius,
266 2448 320 2511 per
342 2447 429 2508 quom
452 2427 521 2508 agit.
567 2428 621 2490 Sin
643 2428 752 2502 minue,
775 2428 811 2491 ud
834 2428 953 2492 easdem
975 2427 1224 2508 interrogationes
1246 2429 1367 2494 eadem·
1412 2425 1419 2436 '

140 2549 200 2611 que
221 2529 350 2594 aheurda
372 2529 559 2610 impudentes
581 2530 611 2594 hi
635 2529 772 2594 homines
795 2527 994 2594 revolventur.

228 2637 259 2698 5.
302 2631 347 2698 Ex
373 2631 623 2697 Deuteronomio:
661 2631 717 2694 Voe
746 2642 862 2702 autem,
891 2633 944 2712 put
968 2629 1140 2698 adhaeretis
1163 2632 1282 2696 domino
1303 2631 1369 2696 Deo

139 2747 262 2810 neutro,
292 2737 395 2800 vinitio
423 2737 563 2800 universi
590 2733 738 2796 hodierno
765 2733 820 2797 die.
864 2730 909 2794 Ex
929 2730 977 2798 hit
993 2730 1098 2795 uerhie
1121 2731 1282 2799 discrimen
1302 2731 1368 2795 Filii

141 2834 173 2898 et
193 2855 294 2901 rerum
315 2845 479 2899 oreatarum
500 2835 569 2898 lieet
590 2833 770 2913 perspicere,
792 2831 1015 2911 intelhpemque
1035 2832 1142 2894 Filium
1163 2833 1216 2898 liei
1238 2839 1370 2898 meadum

142 2935 266 3000 minime
288 2953 366 2998 esse.
409 2935 495 3000 duim
518 2953 589 2999 vero
603 2934 696 2999 Filius
718 2934 803 2996 dicit:
825 2931 888 3014 tipo
908 2933 1046 3002 etinter
1066 2951 1301 3010 enumerantem
1322 2941 1369 2999 ot:

144 3035 207 3114 Epo
228 3039 261 3098 iu
282 3035 376 3100 Putre
397 3046 425 3098 et
446 3034 541 3098 Peter
564 3040 596 3098 ia
617 3055 663 3098 me
685 3046 745 3107 ert,
778 3051 829 3098 res
857 3043 956 3104 autam
984 3035 1078 3098 saetae
1104 3053 1171 3098 cum
1199 3035 1369 3118 proficiunt,

141 3135 273 3200 nomino
304 3135 474 3200 adhaerent
518 3135 632 3216 Nempe
655 3135 782 3204 Verbum
811 3143 949 3215 nuquam
971 3134 1126 3222 proprium
1148 3143 1195 3197 est
1215 3135 1246 3198 in
1269 3135 1370 3210 Patre,

140 3245 173 3300 at
193 3255 243 3306 ree
264 3238 375 3310 tenue,
398 3245 432 3300 ut
450 3245 523 3315 pote
545 3255 621 3316 puae*
642 3237 827 3324 emineeuu
849 3235 996 3310 existunt,
1024 3236 1202 3312 adhaerere
1228 3235 1371 3303 nimirum

142 3340 249 3402 nemra
276 3335 389 3424 aheneo
417 3346 503 3410 eunt,
532 3337 682 3402 voluntate
703 3345 800 3404 auten
823 3336 994 3406 adhaerent
1037 3335 1155 3401 Etenim
1176 3335 1287 3412 Filius.
1319 3335 1370 3416 qui

141 3441 249 3502 naturt
280 3445 341 3509 eet,
374 3457 467 3502 uuum
496 3445 543 3502 eet
571 3458 637 3502 carm
660 3438 812 3520 genitore,
832 3437 883 3518 qui
905 3454 976 3500 roro
998 3437 1183 3506 extrinsecus
1204 3437 1370 3516 adoptatur.

141 3537 245 3619 genem
266 3538 434 3618 adiungitur
449 3538 512 3600 eive
527 3539 677 3604 adhaeret
713 3537 790 3608 utne
800 3537 898 3608 rutro
911 3536 1026 3610 sapae:
1053 3538 1138 3612 Quae
1152 3542 1237 3603 antio
1251 3553 1371 3616 mpetu,

141 3645 195 3708 etti
213 3639 298 3710 Dent
326 3640 576 3725 appropinquet?
624 3641 662 3706 Et
690 3639 775 3708 alibi:
807 3639 891 3710 ΒΜ
916 3643 1168 3722 φννοιὶίηφιαηε
1187 3655 1253 3719 epo.
1295 3637 1371 3704 Nam

141 3874 187 3923 que
198 3860 383 3924 importunitates
395 3859 566 3924 imperterritus
581 3861 633 3910 ittir
650 3876 732 3912 oeenr·
817 3860 833 3908 i.
858 3859 900 3909 Sie
917 3859 973 3922 dep.
997 3866 1021 3909 et
1038 3857 1136 3920 Sepaer.
1171 3861 1201 3908 dt
1217 3857 1257 3908 alii
1274 3864 1297 3907 et
1314 3856 1374 3910 editi

141 3933 201 3977 rent.
237 3925 285 3978 Noa
302 3932 390 3987 eutem,
416 3926 519 3990 perideo
545 3929 646 3992 oppositi
662 3929 732 3980 eddi·
781 3920 834 3992 μέν
851 3927 971 3978 omittunt.
1392 3965 1398 3978 .

142 3995 220 4057 otique
237 4007 330 4053 eumue,
356 4007 492 4057 quaeremur
510 4009 560 4043 eum
577 3997 603 4043 in
621 3996 663 4044 hee
680 3997 730 4058 ipre
817 4008 840 4055 g.
858 3993 945 4072 Regina
961 3985 1008 4044 καὶ
1024 3985 1080 4056 γὰρ
1097 3981 1164 4046 otte.
1207 3991 1307 4055 Segnar.
1323 3985 1372 4042 aret

140 4061 189 4110 die.
225 4060 252 4110 in
270 4059 323 4109 aliie
342 4060 399 4109 item
421 4059 567 4110 editionibus
585 4075 632 4110 nou
652 4061 732 4110 minue
782 4053 837 4126 γὰρ
855 4071 901 4108 και
917 4051 983 4114 uide.
1029 4059 1108 4109 Ceteri
1132 4067 1156 4108 et
1178 4059 1235 4109 editi
1252 4051 1371 4124 καὶγὰρ

141 4125 206 4176 mete
225 4127 377 4180 emendum
395 4134 433 4178 eet
449 4127 497 4178 hoe
514 4127 602 4182 modo:
627 4129 733 4184 dredri
782 4121 829 4178 καὶ
852 4118 956 4186 deiris.
997 4127 1049 4178 iter
1072 4124 1218 4177 aalma.
1245 4135 1270 4177 et
1297 4127 1371 4176 editio

141 4193 204 4246 ittnd
221 4201 262 4246 ete.
281 4196 452 4260 mpndedidur
469 4197 523 4246 istis
541 4199 674 4256 anement,
703 4209 733 4250 aa
784 4195 903 4245 Senmet.
922 4183 938 4241 i
955 4187 985 4243 δὲ
1001 4185 1113 4252 ἔξωθεν,
1133 4195 1256 4247 mendene.

139 4261 184 4312 itte
202 4263 387 4314 daimonareis:
406 4261 451 4312 Voe
469 4271 548 4318 eutem
567 4263 608 4327 qui
626 4262 731 4326 Deoep-
816 4261 841 4312 h.
859 4261 900 4312 Sto
923 4263 1082 4326 manaueripti
1111 4263 1216 4312 rediere.
1263 4259 1291 4312 dt
1313 4257 1372 4310 editi

140 4328 216 4390 positi
234 4329 369 4394 addicitque
379 4331 447 4391 ertia,
463 4332 571 4395 quaerite
581 4345 636 4382 eum
647 4332 672 4380 in
685 4331 732 4384 hoe
782 4325 886 4384 ποιῶν,
912 4343 1048 4394 perperam.
1091 4329 1199 4382 Nauniue
1214 4327 1279 4386 item
1303 4325 1373 4378 vertit

141 4395 199 4457 ipro
218 4396 264 4446 tie.
281 4405 282 4410 ¹
750 4391 758 4402 '
781 4397 828 4516 gui
845 4398 899 4459 feeit
916 4404 1005 4461 pentem
1021 4411 1136 4464 nequem,
1155 4397 1372 4464 eeteppreptepret

803 4477 852 4514 eur.
