3102 5042
521 233 629 276 onerro
645 231 683 278 rr.
701 231 815 278 conrae
829 235 963 280 anianus.
1077 256 1082 266 x
1285 225 1346 292 655

116 396 168 451 est
191 393 331 448 testatus.
375 383 470 463 Atque
492 373 607 446 utnon
630 381 704 446 alius
727 391 772 445 est
793 384 955 448 Paraoiitus
980 394 1009 447 et
1031 387 1104 449 atius
1127 389 1252 468 Spiritus
1276 407 1433 456 san-eom

116 497 197 562 etus,
222 475 277 548 sed
300 503 379 548 nnus
402 483 550 564 idemque,
573 485 619 548 sio
640 483 793 548 neesiiud
816 497 863 548 est
877 485 1004 550 Verbum
1027 497 1056 548 et
1078 487 1152 551 ulios
1171 491 1271 566 Filius,
1295 496 1349 557 seth

113 589 251 654 Verbum
280 595 327 649 est
355 585 541 666 Unigenitus.
591 586 653 648 Nee
679 586 757 648 euim
785 586 880 649 earnis
913 587 965 650 sed
995 587 1082 650 Verbi
1109 590 1239 670 pierium
1268 593 1348 658 duit.

118 693 314 774 Quapropter
336 688 387 768 qui
404 687 538 772 ,Verbum
562 699 591 750 et
612 688 718 750 Filium
734 675 829 758 'sudet
851 707 999 768 separare,
1023 691 1165 770 Spiritum
1189 705 1352 776 quoquest

115 793 299 857 paraclitum
322 797 452 870 separet.
499 789 553 851 Sin
576 797 674 852 nutem
689 789 858 852 individuos
874 799 922 853 est
937 789 1075 869 Spiritus,
1098 794 1281 859 individuum
1295 817 1351 878 pa-

114 889 197 958 !ter
221 893 348 954 Verbum
372 909 441 954 esse
463 891 614 953 fatendum
638 899 701 967 est,
731 893 781 972 qui
812 892 889 954 idem
911 891 1003 954 Filius
1031 902 1078 955 est
1104 905 1134 956 et
1156 899 1300 976 snpientia
1323 908 1354 961 et

118 997 229 1057 virtus.
272 994 411 1056 Ceterum
433 1001 544 1054 norunt
570 992 627 1074 ipsi
651 993 781 1056 Gentiles
809 993 960 1056 literarum
987 991 1076 1074 periti
1105 995 1243 1060 dilectum
1272 1001 1351 1063 idem

122 1114 193 1160 esse
213 1115 249 1158 ao
276 1089 471 1175 unigenitum.
515 1095 589 1156 Nom
612 1095 761 1158 Homerus
789 1093 826 1157 de
849 1095 1025 1158 Telemacho
1047 1094 1162 1178 Uipssis
1190 1099 1251 1161 filio
1280 1103 1349 1164 uni-

120 1199 221 1279 geoito
243 1197 285 1260 itu
307 1197 437 1260 seminia
461 1195 595 1276 Odyssea
617 1196 763 1278 loquitur:

276 1357 282 1365 ,
368 1302 439 1370 Quid
461 1309 491 1358 tu
513 1319 576 1359 oure
599 1311 647 1359 tuo
669 1303 752 1360 volvis
775 1302 826 1360 sub
847 1313 960 1379 peetore
984 1303 1041 1362 iiiii

370 1403 440 1472 Quid
461 1403 560 1460 multas
584 1413 672 1462 terrae
694 1414 787 1480 partes
812 1421 959 1481 peragrare
980 1415 1119 1482 peroptet,

370 1505 421 1574 Qui
443 1506 519 1594 solus
542 1506 658 1564 dilectus
680 1505 730 1564 esi
751 1515 779 1564 ut
801 1507 904 1565 divinus
926 1509 1035 1584 Ulysses

369 1607 480 1682 Ignotus
502 1609 574 1665 inter
595 1617 692 1684 gentes
713 1610 870 1686 patriisque.
885 1618 1007 1668 remotus

370 1709 487 1768 Sedibus
509 1711 620 1768 interiit.
932 1725 936 1734 ·

118 1807 214 1890 igitur
235 1807 285 1888 qni
308 1807 392 1870 solus
416 1818 462 1871 est
482 1810 571 1889 petri,
593 1809 619 1870 is
641 1809 765 1872 dilectus
788 1809 961 1892 appellator.

206 1911 257 1976 30.
302 1901 430 1984 Quidam
452 1929 488 1971 ex
511 1911 731 1974 samosatensis
755 1911 952 1974 sectatoribus
974 1911 1102 1974 Verbum
1125 1931 1142 1973 a
1161 1912 1236 1974 Filio
1259 1929 1349 1993 sepa·

113 2019 203 2085 runt,
226 2012 366 2093 montone
387 2011 495 2074 Filium
517 2029 586 2074 esse
608 2011 775 2086 Christum,
804 1997 882 2076 aii'od
904 2021 1001 2075 autem
1023 2031 1092 2076 esse
1114 2012 1251 2076 Verbum.
1296 2014 1435 2079 Hieron.

114 2123 218 2176 autern
247 2113 367 2177 errandi
395 2115 514 2176 omasio
542 2116 625 2176 tuere
654 2114 702 2174 iiia
730 2113 853 2176 hotuum
879 2101 984 2187 verbi,
1017 2131 1093 2195 queo
1122 2114 1240 2193 quidem
1268 2123 1349 2177 recte

114 2215 245 2297 protulit
266 2215 392 2288 Petrus,
422 2217 475 2278 sed
505 2233 645 2295 perverse
668 2215 724 2294 ipsi
747 2217 995 2294 interpretantem
1024 2224 1094 2276 sunt
1121 2223 1218 2277 autem
1240 2217 1349 2278 huius-

115 2316 218 2379 modi:
252 2313 378 2380 veroum
397 2320 480 2380 misit
502 2316 584 2378 Deos
605 2315 680 2397 filiis
700 2313 809 2387 Iaroe'l,
833 2303 1024 2378 onnenoions
1043 2309 1149 2397 posim
1166 2335 1226 2397 per
1247 2317 1350 2380 ierom

120 2418 290 2480 chaterun.
335 2415 392 2480 Hie
412 2431 457 2482 est
481 2423 611 2481 omnium
633 2417 791 2481 Dmninoa.
835 2417 947 2496 Nempe
974 2417 1058 2480 aiunt
1078 2416 1208 2480 Verbum
1235 2419 1275 2482 ita
1296 2437 1351 2499 per

120 2517 275 2580 Christum
297 2517 426 2582 loentum
448 2539 535 2594 esse,
563 2537 598 2582 eo
623 2539 677 2599 per
697 2515 861 2597 Prophetes
890 2518 1017 2581 aientes:
1047 2517 1129 2581 Haeo
1151 2521 1223 2584 dicit
1243 2521 1350 2584 Domi·

119 2639 200 2696 nos3
223 2619 313 2682 alium
336 2621 414 2684 enim
427 2601 531 2686 *tuisse
553 2615 784 2701 Prophetem'et
806 2620 895 2683 alium
916 2621 1085 2684 Dominum.
1130 2621 1238 2682 Verum
1259 2621 1297 2683 ed
1318 2621 1349 2682 id

119 2741 285 2804 possumus
314 2743 462 2805 reponere
490 2725 564 2786 haee
591 2723 679 2785 verba
700 2723 813 2803 primae
837 2723 986 2803 Epistulae
1008 2724 1044 2784 ad
1068 2721 1255 2784 Corinthios:
1283 2723 1349 2786 Bm-

122 2834 292 2904 spectentur
315 2827 530 2889 revelationem
550 2825 674 2888 Domini
693 2830 797 2888 nostri
817 2823 886 2887 Iesu
910 2825 1036 2915 Christi,
1060 2827 1113 2904 poi
1132 2835 1161 2887 et
1184 2825 1350 2906 confirmo-

126 2925 168 2987 to
189 2943 244 2986 uos
262 2945 357 3010 nepae
379 2931 413 2990 ia
432 2928 525 3008 finem
546 2931 610 2988 eine
633 2930 764 3002 erimine,
787 2931 820 2988 in
842 2927 887 2988 die
907 2927 1031 2989 Doon'ro'
1049 2931 1153 2988 nostri
1172 2925 1242 2988 Iesu
1258 2925 1350 2987 Chri-

128 3029 178 3085 sti·
220 3024 258 3088 Ut
278 3029 356 3090 enim
377 3045 439 3089 non
461 3026 536 3089 ahos
559 3025 693 3087 Christus
715 3025 835 3087 alterius
858 3025 967 3087 Christi
990 3023 1067 3086 diem
1089 3025 1259 3099 confimat,
1294 3024 1348 3086 sed

124 3124 241 3206 ipsein
263 3131 310 3192 sui
332 3129 430 3209 ipsius
452 3127 501 3190 die
523 3135 726 3208 exspectantes
748 3127 917 3200 mahomat,
945 3129 986 3188 ita
1006 3127 1095 3187 Pater
1115 3124 1198 3188 misit
1218 3125 1348 3188 Verbum

38 3249 40 3260 ’
121 3245 242 3290 earnem
263 3231 389 3305 ιἰαιιιιι,
422 3239 456 3292 ut
482 3231 574 3292 homo
596 3231 689 3292 iaetus
711 3248 766 3309 per
787 3223 918 3308 seipsum
939 3227 1132 3316 praediceret.
1176 3227 1253 3290 Hine
1273 3229 1347 3291 sub-

120 3328 180 3392 dit:
205 3331 253 3394 hio
274 3345 321 3396 ιιι
342 3337 474 3396 mousom
494 3331 659 3406 Donatum
681 3330 760 3410 atqui
783 3329 914 3391 omnium
936 3329 1079 3392 Dominus
1097 3329 1227 3391 Verbum
1248 3337 1304 3392 est.

205 3635 257 3698 ³1.
304 3633 345 3699 Et
367 3636 445 3699 drmit
467 3635 588 3716 Moyses
608 3635 647 3698 od
668 3635 789 3726 Aaron:
811 3633 922 3697 Aeuom
940 3635 980 3696 od
993 3635 1101 3706 ultore,
1124 3645 1154 3696 et
1173 3637 1226 3716 soe
1249 3641 1350 3698 soom·
1398 3583 1401 3590 ⁴

151 3857 173 3905 t.
192 3854 234 3904 Sio
250 3869 310 3906 mse.
345 3859 374 3908 n
391 3857 449 3907 editt
467 3847 624 3910 ἐντιθέναι,
643 3867 711 3904 meu·
795 3855 811 3904 i.
830 3853 870 3904 Sic
887 3852 952 3916 neg:
963 3856 1069 3918 Serrei„
1082 3853 1155 3908 hasil.
1181 3861 1205 3906 et
1223 3855 1348 3919 segnem.

118 3924 193 3974 sose.
748 3921 790 3973 ἰι
808 3921 848 3971 ant
868 3929 891 3972 n
909 3923 966 3973 eon
985 3907 1041 3972 etr.

795 3989 818 4039 k.
837 3989 880 4040 iiio
903 3989 932 4040 ud
959 3992 1092 4053 marginem
1114 3992 1189 4054 Regii,
1207 3993 1351 4054 Seguerirn.

762 4057 832 4109 Gohl.
851 4067 875 4106 et
892 4058 997 4108 Frictm.
1017 4059 1038 4108 l.
1057 4061 1118 4109 haee
1136 4060 1263 4122 teguntur:
1282 4051 1350 4108 ἇιιό-

762 4119 842 4181 δειξις
859 4115 913 4173 ἀπὸ
932 4125 981 4174 τοῦ
998 4125 1141 4176 Amerino&
1158 4121 1221 4195 περὶ
1238 4126 1286 4186 τῆς
1302 4117 1346 4190 ἐφ’

154 4193 179 4242 Ιι.
199 4192 365 4257 itepseguer.
377 4194 452 4244 hasii.
470 4204 494 4245 et
510 4195 600 4256 tngtie.
620 4181 709 4247 ιιιίτῦς.
761 4186 802 4242 tot
817 4185 961 4260 πράγματι
978 4187 1118 4262 διαφόρου
1135 4187 1293 4261 ὀνομασίας.
1321 4189 1348 4238 td

120 4260 201 4312 Ceteri
226 4269 249 4312 et
273 4263 329 4312 editi
354 4254 460 4318 αὐτούς,
495 4257 588 4315 ibidem
613 4263 670 4325 hep.
688 4269 712 4312 et
762 4269 810 4312 est:
833 4263 946 4312 Probatur
969 4279 999 4313 eo
1016 4265 1115 4315 Leuitico
1133 4279 1181 4313 rem
1199 4263 1292 4312 eundem
1309 4256 1348 4304 di-

120 4327 221 4390 Sepuer.
245 4321 330 4396 ἐν’τῇ
348 4323 456 4380 ἑαυτοῦ.
490 4331 537 4381 atti
561 4343 615 4381 eum
641 4330 711 4382 editis
761 4343 824 4380 rorte
842 4332 970 4394 oppettork
988 4345 1049 4395 quae
1066 4331 1137 4380 verbu
1155 4323 1349 4378 inhesitiousiet

119 4385 148 4443 b
165 4393 199 4462 τῇ
217 4387 311 4448 αὐτοῦ.
761 4397 891 4516 ἓιιέίίιιιιο
915 4408 970 4450 ente
986 4392 1032 4448 sui
1048 4385 1106 4447 etue
1122 4397 1147 4444 in
1165 4395 1218 4456 ipso
1235 4395 1349 4440 contextu

778 4473 886 4528 rentur.

152 4039 178 4087 g.
198 4023 232 4073 ito
250 4023 307 4088 Reg.
332 4027 432 4088 sepner.
458 4033 482 4075 st
499 4025 631 4089 Scriptura.
666 4023 711 4074 ttii

118 4101 203 4142 antem
221 4100 246 4142 et
263 4093 320 4143 editi
338 4084 558 4160 ἀπεκδεχόμενοι
