3176 5058
444 255 588 326 urrsr'om
603 281 641 324 us
654 277 799 324 asaneus
813 281 958 324 measure
974 279 1093 324 sruom.
1339 267 1379 330 ab

152 431 264 495 ambitu
296 432 460 495 diminutus
495 441 554 505 est,
590 431 642 493 sod
674 432 774 512 potius
803 449 913 512 eorpus
941 430 1072 492 divinum
1100 441 1130 493 at
1151 431 1316 498 inimortale
1338 443 1466 498 eatam

152 533 313 598 redditum.

242 742 292 801 15.
338 735 374 796 Et
401 734 476 796 baeu
503 733 621 813 quidem
650 733 723 795 satis
752 751 821 795 esse
847 734 983 795 ridentur
1010 735 1046 795 ad
1067 733 1203 796 Arionem
1234 733 1381 798 baeresim

151 837 418 917 proscribendum
440 835 587 914 siquidem
608 835 726 896 illorum
748 835 927 914 impietatem
949 853 983 895 ex
1006 835 1137 914 ipsorum
1161 835 1268 910 verbis,
1292 845 1381 915 prout

155 937 245 1000 nobis
273 937 471 1017 suppeditavit
494 935 654 1009 Dominus,
684 936 841 997 manifeste
868 936 1061 997 ostendimus.
1104 938 1212 1000 Verum
1241 955 1294 1016 age
1320 938 1380 1000 iam

155 1057 214 1100 nos
241 1055 360 1118 quoque
385 1053 586 1118 proponamus
614 1054 650 1098 ae
676 1051 855 1116 responsum
889 1037 926 1098 ab
963 1036 1021 1098 illis
1057 1037 1186 1100 vicissim
1219 1039 1379 1118 erigamus.

155 1141 230 1204 Cum
253 1138 332 1203 enim
354 1137 412 1219 ipsi
434 1137 617 1218 inpropriis
639 1138 782 1199 baareant
803 1136 1002 1220 argumentis,
1032 1156 1106 1200 sano
1127 1149 1243 1218 tempus
1267 1147 1326 1212 est,
1348 1147 1380 1201 ut

154 1261 170 1304 a
200 1241 291 1304 nobis
319 1243 554 1320 interrogentur;
583 1241 660 1301 sorte
687 1257 798 1320 nempe
824 1239 883 1302 boe
903 1245 991 1320 paeto
1013 1241 1145 1302 tutorum
1168 1249 1228 1313 est,
1257 1248 1290 1302 ut
1311 1259 1380 1302 eru-

153 1345 279 1407 bescant
300 1361 334 1404 ae
353 1341 541 1423 perspiciant,
564 1341 643 1402 undo
666 1341 747 1404 stulti
770 1339 831 1403 sint
851 1341 976 1422 delapsi.
1020 1341 1127 1404 Filium
1148 1341 1214 1415 Ilei,
1236 1351 1269 1403 ut
1290 1361 1380 1422 supe-

154 1446 218 1508 rius
247 1445 392 1517 diximus,
422 1461 457 1504 ex
485 1442 593 1504 divinis
615 1441 777 1523 seripturis
807 1442 962 1504 didicimus
992 1443 1090 1522 ipsum
1113 1463 1182 1506 esse
1204 1443 1331 1506 Verbum
1353 1451 1383 1505 et

152 1547 333 1629 Sapientiam
355 1545 471 1618 Petrina
503 1561 571 1606 uam
601 1545 674 1606 baec
706 1553 777 1606 sant
804 1545 922 1624 quidem
944 1545 1080 1624 Apostoli
1103 1545 1208 1606 verba:
1244 1545 1383 1608 Gloriatur

149 1649 212 1711 Dei
230 1653 332 1710 or'rtua
356 1658 383 1708 et
398 1646 458 1708 uu
476 1649 637 1725 supientia.
666 1645 792 1706 loannes
813 1664 886 1707 roro
908 1655 1065 1726 postquam
1087 1646 1227 1709 dixisset:
1250 1645 1290 1708 Bt
1309 1645 1381 1707 Ver·-

151 1753 222 1815 uum
245 1765 319 1812 euro
341 1749 458 1828 [ortam
480 1757 539 1817 est,
573 1763 643 1808 mox
672 1745 819 1808 subdidit:
848 1746 1186 1826 statutumquam
1208 1751 1285 1820 eiua,
1313 1747 1466 1827 'plo-nm

151 1857 232 1915 riom
259 1852 349 1932 quusi
374 1851 522 1929 uatqem'tr'
547 1865 567 1909 o
588 1846 696 1918 Putre,
722 1846 849 1928 plenum
875 1853 992 1927 qrntr'oe
1020 1860 1049 1910 et
1070 1853 1219 1912 oerr'rota'e.
1265 1847 1383 1910 Seilioet

154 1969 222 2014 eum
244 1949 371 2012 Verbum
405 1949 445 2010 sit
477 1949 649 2028 unigenitus
671 1947 780 2021 Filius,
812 1947 842 2007 in
871 1948 928 2008 boc
956 1949 1052 2010 Verbo
1081 1960 1111 2010 ot
1132 1951 1281 2029 Sapientia
1315 1949 1383 2012 lauti

156 2061 227 2115 sunt
248 2051 321 2115 caeli
345 2059 374 2113 et
395 2060 473 2113 terra
495 2069 531 2112 oe
552 2048 668 2122 omnia,
691 2049 819 2128 quaein
842 2048 885 2108 eis
908 2058 986 2112 sunt.
1030 2051 1124 2114 liuius
1145 2069 1237 2131 porro
1261 2049 1382 2129 sapien-

152 2155 212 2219 tiae
239 2155 352 2216 iontem
375 2152 575 2224 assensum,
609 2142 666 2212 rios
695 2150 784 2211 dooat
804 2149 936 2223 Barueb,
965 2151 1016 2213 ubi
1044 2151 1178 2216 videlieet
1198 2150 1384 2232 redarguitur

152 2257 245 2320 lsrael
267 2258 382 2336 (entem
404 2257 573 2336 supientiae
596 2251 801 2334 dereliquisse.
849 2251 880 2312 Si
903 2251 993 2330 igitur
1015 2271 1059 2326 ea,
1083 2271 1158 2332 quae
1179 2253 1288 2331 scripta
1304 2257 1382 2322 sunt,

154 2377 264 2437 negare
285 2356 450 2430 voluerim,
472 2357 606 2434 prolecto
630 2353 771 2426 nominis,
795 2371 854 2432 quo
877 2353 1090 2432 insigniuntur,
1112 2353 1225 2432 indigni
1247 2359 1277 2412 et
1299 2349 1383 2412 alieni

154 2459 246 2532 fiunt,
276 2457 456 2537 proprieque
483 2455 520 2518 ab
549 2455 685 2517 omnibus
714 2455 838 2516 roeandi
867 2463 937 2517 sunt
966 2453 1048 2534 impii
1079 2463 1108 2516 et
1130 2453 1238 2516 Christi
1267 2451 1383 2524 hostes,

155 2557 265 2639 quippe
294 2558 344 2638 qui
366 2557 404 2619 ita
427 2576 460 2620 se
482 2556 787 2637 ipsinominaverint.
833 2556 884 2620 Sin
909 2567 1008 2620 autem
1031 2557 1120 2619 rerba
1143 2557 1313 2636 Seriptmae
1337 2555 1381 2616 al·

153 2661 225 2723 llatu
247 2660 345 2722 divino
369 2661 478 2741 scripta
501 2679 569 2722 esse
592 2659 748 2722 nobiseum
770 2659 976 2735 consentiunt,
999 2660 1094 2740 palam
1118 2659 1258 2722 audacter
1276 2657 1381 2737 prole-

152 2769 231 2834 rant,
255 2761 334 2840 quod
356 2761 454 2822 abdite
476 2761 618 2834 sentiunt,
640 2779 749 2840 nempe
769 2759 863 2823 Deum
885 2761 1041 2840 aliquando
1063 2761 1188 2823 rationis
1211 2769 1241 2822 et
1260 2759 1381 2840 sapien-

154 2863 215 2923 tiae
237 2862 332 2922 luisse
355 2867 522 2938 expertem,
544 2863 734 2939 furentesque
764 2861 875 2922 dicant:
907 2861 1002 2934 „Fuit
1034 2861 1188 2940 aliquando
1221 2879 1288 2922 oum
1320 2875 1382 2920 uon

159 2969 281 3034 „ossea
304 2976 360 3018 neo
379 2957 437 3018 suit
450 2957 586 3018 Christus
607 2959 781 3037 priusquam
796 2968 842 3020 est
856 2961 1006 3038 genitus.“
1040 2961 1214 3022 Praediuent
1228 2961 1298 3020 item
1314 2961 1382 3019 lun-

158 3071 304 3122 lemnon
327 3076 363 3119 ex
385 3058 488 3137 seipso
511 3057 683 3136 sapientiam
705 3058 853 3136 genuisse,
876 3059 929 3119 sed
951 3059 1135 3121 extrinsecus
1155 3079 1220 3122 eam
1234 3057 1384 3130 babuisse,

157 3171 190 3226 ut
219 3169 249 3224 et
277 3160 376 3222 dicere
404 3157 548 3220 audeant:
578 3157 641 3232 „Ex
668 3157 763 3219 nihilo
786 3159 879 3220 laetus
902 3166 950 3220 est
971 3158 1095 3221 Filius.“
1138 3159 1203 3222 iloo
1224 3157 1303 3219 enim
1324 3175 1384 3218 non

153 3267 267 3326 iontem
291 3279 358 3326 eum
382 3277 453 3322 esse
475 3260 685 3335 demonstrat„
694 3259 748 3322 sed
771 3261 917 3341 quendam
938 3261 1039 3341 potius
1062 3260 1176 3335 lacum,
1210 3277 1314 3340 aquam
1336 3279 1383 3322 ve·

153 3365 206 3428 luti
229 3363 414 3426 extrinsecus
437 3361 630 3442 excipientem
652 3362 803 3442 lontisque
825 3381 933 3424 nomen
957 3371 1157 3444 usurpantem.
1272 3355 1275 3362 '

242 3570 291 3632 16.
335 3567 444 3629 Vemrn
465 3583 552 3645 quam
573 3567 734 3628 execranda
757 3567 829 3628 baec
851 3567 891 3628 sit
911 3566 1058 3647 impietas,
1082 3567 1230 3647 ambigere
1252 3567 1381 3629 arbitror

152 3669 319 3743 neminem,
347 3667 398 3748 qui
425 3667 473 3729 rel
501 3667 614 3728 tantillo
643 3687 734 3730 sensu
755 3668 861 3749 rigeat.
905 3669 980 3743 Quia
1003 3677 1101 3732 tamen
1123 3669 1250 3732 Verbum
1273 3677 1303 3731 et
1324 3669 1379 3730 Sa·

153 3769 297 3852 pientiam
322 3785 405 3830 mera
433 3787 502 3829 esse
523 3767 589 3829 Filii
617 3769 739 3831 uomina
760 3769 909 3844 dictitant,
937 3770 1011 3832 baeo
1032 3771 1069 3832 ad
1092 3771 1160 3832 illos
1183 3771 1281 3834 dicere
1302 3769 1379 3831 baud

154 3871 190 3934 ab
212 3889 247 3932 re
268 3869 370 3931 luerit:
394 3869 425 3930 Si
447 3869 503 3931 ista
524 3877 593 3931 stunt
607 3869 673 3932 Filii
688 3871 836 3948 ,duntaxat
859 3871 990 3944 nomina,
1013 3871 1088 3934 alius
1104 3879 1183 3932 certe
1197 3869 1246 3932 ille
1264 3878 1381 3950 praeter

156 3993 191 4036 ea
212 3971 313 4034 luerit.
356 3970 442 4050 Atqui
465 3971 491 4033 si
514 3970 571 4032 illis
590 3973 766 4034 nominibus
790 3973 829 4034 sit
850 3972 1060 4053 praestantior,
1083 3973 1129 4034 las
1151 3991 1212 4034 uon
1234 3980 1281 4033 est
1303 3990 1380 4042 eum,

154 4075 206 4156 qui
235 4071 435 4155 praestantior
463 4071 517 4147 sit,
548 4091 582 4134 ex
613 4073 803 4136 interioribus
833 4074 1002 4154 significari.
1048 4073 1136 4146 Quod
1159 4073 1185 4134 si
1208 4073 1380 4138 nominibus
1457 4117 1467 4126 .

156 4175 281 4239 interior
304 4175 427 4250 dicatur,
448 4175 583 4256 prolecto
605 4193 667 4238 non
689 4175 755 4238 sine
777 4195 866 4239 eausa
887 4175 1087 4260 praestantius
1108 4193 1219 4237 nomen
1242 4172 1379 4245 obtinuit,

154 4278 246 4358 idque
272 4278 390 4358 signum
418 4277 507 4340 luerit
533 4277 596 4340 eius
625 4279 857 4360 progressionis.
901 4278 988 4358 Atqui
1016 4279 1090 4340 baeu
1116 4277 1252 4356 impietas
1281 4273 1381 4354 priore

191 4447 214 4481 a.
232 4432 289 4494 lleg.
307 4432 483 4500 προείπαμεν.
796 4445 851 4499 quor
877 4432 1004 4490 omittunt,
1032 4445 1102 4496 quam
1134 4437 1213 4479 tumen
1239 4425 1382 4492 interpretas

189 4499 217 4550 b.
237 4499 277 4550 Sic
293 4499 351 4562 ileg.
385 4497 414 4550 lt
432 4499 489 4550 editi
507 4491 743 4552 ataliiroeemdoo·
796 4501 912 4563 legerant.
