2872 5046
363 202 477 264 cosrnx
491 205 709 251 sroxxmtnmu
723 208 809 252 urssn
824 209 846 252 s.
1154 197 1214 263 893

7 375 102 420 uae
134 363 236 436 gesta
258 361 337 427 sunt,
359 353 515 433 phantasia
537 375 654 436 quoquc
677 357 836 421 existimari
853 359 980 436 debent3
1004 363 1051 424 sin
1068 372 1165 426 autem
1182 364 1298 430 innuas.

4 469 67 519 'te
106 457 204 519 dicta
228 457 300 529 sint,
322 456 474 536 alienaque
497 458 618 520 omnino
641 459 716 520 lacta
739 469 785 522 est
806 461 903 524 anima
917 461 1035 526 Domini
1054 466 1209 545 aproprio

9 559 110 620 indi
139 558 256 631 modo,
279 575 346 620 cum
367 556 433 618 rico
455 560 564 620 mentis
586 559 678 621 Deum
700 561 830 623 Verbum
853 563 974 636 babeat,
998 565 1209 628 immutabilem

4 677 69 721 'im
116 660 230 722 luisse
258 659 289 720 in
310 659 463 732 dolorem,
492 647 667 722 anxietatem
691 670 721 723 et
741 664 995 740 perturbationem
1018 667 1140 747 impium
1163 674 1212 730 est

9 780 102 822 are.
161 759 207 822 Et
229 760 255 822 si
277 760 433 839 Evangelia
457 761 570 823 dicant:
603 762 754 826 Turbatus
778 775 823 826 cst
845 765 930 830 lesus
954 767 1089 848 Spiritu,
1111 767 1142 830 id
1165 776 1212 830 ta-

5 891 6 902 ¹
28 862 203 924 declarat
227 861 372 924 Dominus
395 862 432 924 de
454 863 551 924 anima
574 862 795 942 intelligendum
820 883 906 939 esse,
930 869 998 928 dum
1021 869 1075 930 ait:
1104 873 1212 934 Anima

22 963 194 1028 turbato
218 973 272 1026 est.
318 964 406 1036 Quod
433 964 460 1025 si
482 983 553 1026 suae
575 964 720 1027 Dominus
743 966 858 1027 animae
882 967 1088 1045 cogitationem
1111 971 1208 1032 mani·
1270 1033 1277 1047 ,
1312 1046 1315 1054 Δ

14 1077 48 1140 t,
90 1065 134 1126 id
168 1065 234 1144 agit
252 1073 294 1134 =ut
321 1064 438 1127 animae
466 1074 590 1128 nostrae
619 1085 687 1128 sese
715 1066 916 1146 antemonet,
949 1086 1007 1148 quo
1030 1069 1126 1130 sicet
1147 1071 1210 1132 eius

21 1156 178 1248 ig'amus
203 1166 377 1246 passionem
400 1174 519 1228 etcum
542 1166 756 1246 impassibilem
779 1169 982 1230 conliteamurs
1027 1167 1110 1230 Sicut
1131 1171 1209 1232 enim

15 1270 114 1330 uine
151 1268 255 1328 carnis
284 1285 359 1329 suae
377 1286 435 1329 nos
458 1267 603 1340 redemit,
632 1269 676 1330 sic
698 1267 874 1347 cogitatione
896 1270 1004 1330 mentis
1026 1287 1098 1330 suae
1121 1287 1211 1348 quam

4 1369 141 1430 mobis
167 1369 337 1448 reportarit
356 1369 509 1431 victoriam
531 1369 579 1430 his
601 1368 730 1430 dederat
750 1370 867 1432 serbis:
890 1369 951 1449 Epo
974 1372 1036 1432 vici
1053 1370 1208 1442 muudum,

19 1471 112 1532 libi:
153 1470 223 1544 Qui
243 1471 322 1532 dedit
343 1471 430 1534 nobis
451 1474 622 1534 victoriam.
666 1470 725 1532 Sed
749 1470 825 1533 sicut
849 1471 971 1550 sanguis
992 1470 1041 1532 ille
1063 1489 1118 1552 pro
1141 1470 1302 1533 vul-roas.

43 1591 63 1634 a
98 1571 171 1652 piis
201 1571 374 1633 hominibus
402 1590 553 1651 nunquam
576 1571 696 1634 babitus
718 1571 823 1646 luerit,
853 1572 932 1651 quod
955 1581 1053 1634 mmen
1074 1571 1210 1634 infideles

18 1683 138 1747 mant,
166 1672 223 1733 sed
245 1689 300 1752 pro
323 1673 443 1734 salutari
466 1672 626 1752 sanguinem
649 1673 694 1734 sic
715 1691 799 1734 mens
820 1672 869 1734 illa
891 1692 952 1734 non
975 1674 1101 1735 humana
1124 1673 1210 1734 intir-

22 1787 57 1838 te
85 1773 246 1847 induitur,
270 1773 323 1834 sed
334 1773 388 1834 Dei
409 1781 545 1836 naturam
570 1773 699 1836 exbibet.
743 1774 851 1852 Sicque
866 1773 1008 1836 dicendus
1019 1773 1110 1836 luerit
1121 1759 1208 1834 Cbii·

38 1875 218 1958 perlectus
240 1873 320 1936 Deus
343 1882 374 1936 et
393 1875 547 1954 perlectus
569 1875 678 1948 homo,
707 1892 769 1936 non
790 1875 871 1954 quod
891 1875 988 1937 divina
1010 1873 1153 1954 perfectio
1175 1873 1207 1936 in

16 1995 131 2041 ianam
156 1975 374 2056 perfectionem
396 1984 509 2037 mutata
532 1975 581 2049 sit,
604 1976 684 2055 quod
706 1976 829 2056 impium
852 1985 898 2037 est
919 1976 1028 2047 dicere,
1051 1993 1107 2036 nec
1121 1974 1210 2036 etiam

15 2081 33 2141 l
61 2080 154 2140 duae
178 2076 380 2156 perfectiones
404 2093 420 2136 a
446 2075 626 2137 seinvicem
649 2076 761 2138 divisae
784 2077 935 2149 dicantur,
958 2075 1038 2155 quod
1061 2093 1077 2136 a
1098 2075 1208 2154 pietate

20 2201 94 2244 sum
128 2184 199 2244 est,
228 2194 326 2254 neque
355 2193 409 2254 per
437 2175 652 2238 incrementum
674 2177 795 2238 virtutis
818 2184 848 2237 et
869 2175 1043 2237 accessione
1064 2175 1205 2249 iustitiae,

14 2293 55 2356 ,ις
83 2278 147 2342 sed
173 2277 291 2336 ratione
313 2274 490 2336 existentiae
512 2275 721 2348 indeficientis,
746 2284 778 2337 ut
799 2285 924 2355 utraque
945 2293 1023 2338 unus
1045 2276 1116 2348 sint,
1138 2293 1206 2336 om-

4 2361 32 2452 ,t
58 2379 240 2460 perlectus,
270 2376 347 2438 idem
370 2375 449 2438 Deus
482 2385 512 2438 et
532 2375 635 2437 homo.
680 2377 753 2438 Nam
775 2376 885 2438 ideirco
906 2376 1053 2440 Dominus
1076 2375 1207 2439 dicebat:

5 2499 52 2558 xnc
78 2481 192 2542 animo
212 2495 279 2540 mco
301 2477 427 2542 turbato
453 2487 509 2542 cst.
552 2476 627 2539 lllud
650 2487 747 2539 autem
770 2497 861 2550 nunc,
884 2478 915 2540 id
930 2487 978 2540 est
992 2497 1058 2540 cum
1073 2477 1208 2558 ipse'ro-

4 2629 26 2672 s.
76 2579 119 2640 At
142 2586 224 2640 certe
245 2579 325 2659 quod
348 2587 411 2642 erat
432 2577 628 2659 significabat,
650 2597 715 2640 rem
739 2579 817 2642 euim
839 2599 900 2642 non
924 2579 1098 2642 existentem
1121 2581 1205 2658 quasi

5 2689 166 2752 ,rosentem
188 2698 339 2761 uunquam
361 2681 558 2756 nominasset,
581 2697 638 2742 nec
659 2682 742 2760 quasi
767 2681 928 2752 derebus,
951 2699 1027 2760 quae
1048 2680 1111 2742 sola
1134 2697 1204 2758 spe·
1241 2700 1243 2706 ¹
1292 2679 1297 2688 ’

35 2784 216 2855 existerent,
238 2799 338 2844 sermo
360 2781 545 2857 habebatur3
567 2783 640 2844 haec
661 2781 740 2844 euim
756 2781 854 2844 omnia
870 2779 1042 2844 naturaliter
1056 2787 1086 2842 ct
1098 2773 1203 2844 resero

7 2895 53 2947 sla
78 2888 166 2944 sunt.

59 2987 113 3048 17.
161 2973 233 3043 Cum
255 2981 345 3061 igitur
365 2986 471 3045 natura
494 2991 525 3046 et
546 3001 607 3046 non
629 2982 749 3045 fictione
765 2983 909 3046 Dominus
932 2983 1022 3044 bomo
1044 2984 1137 3044 lanus
1153 2983 1205 3055 sit,

4 3105 70 3168 ipre
100 3082 265 3145 secundum
294 3091 428 3146 naturam
459 3103 557 3164 neque
587 3085 750 3148 secundum
772 3085 976 3166 operationem
998 3090 1150 3164 peccatum
1172 3082 1203 3148 iu

6 3197 142 3251 calorem
164 3186 276 3256 referre
299 3203 470 3263 possumus.
516 3187 590 3248 Nam
612 3181 769 3249 innostra
791 3186 909 3265 quidem
932 3195 1037 3248 natura
1053 3192 1083 3246 et
1096 3184 1202 3246 inven-

4 3292 66 3353 inis
97 3303 196 3369 pugna
218 3286 304 3348 etiam
326 3305 406 3350 nunc
427 3288 641 3361 committitur,
670 3294 701 3349 et
721 3287 833 3350 inducti
856 3286 979 3348 seminis
1000 3293 1123 3367 propter
1143 3303 1202 3348 no-

4 3409 66 3454 ram
95 3387 322 3451 imbecillitatem
353 3369 396 3450 fit'
415 3389 568 3462 accessio,
602 3387 690 3452 Verbi
718 3395 815 3450 autem
843 3387 1005 3472 incarnatio
1037 3386 1201 3450 secundum
1315 3397 1318 3402 '

4 3501 108 3554 ituram
131 3487 185 3552 Dei
204 3491 279 3552 lacta
300 3489 422 3570 incapax
444 3489 500 3554 luit
523 3509 634 3565 rerum,
657 3489 785 3570 quaein
808 3489 895 3552 nobis
918 3507 953 3551 ex
975 3496 1120 3552 vetustate
1141 3489 1196 3550 ad·

4 3613 37 3654 uc
64 3587 254 3670 gerebantur3
287 3599 469 3671 quapropter
500 3591 642 3654 docemus
663 3609 772 3652 exuere
793 3599 926 3652 ueterem
948 3597 976 3652 et
998 3589 1121 3654 iuduere
1142 3606 1201 3650 nc-

4 3711 56 3754 rm.
99 3689 136 3754 Et
161 3706 209 3752 res
230 3691 305 3752 mira
326 3709 415 3767 sane,
443 3693 522 3772 quod
544 3693 623 3756 Deus
647 3693 738 3755 bomo
762 3691 857 3754 lactus
881 3691 920 3752 sit
942 3698 973 3753 et
994 3692 1107 3771 absque
1127 3707 1201 3770 pec-

4 3813 75 3873 ulgatn
94 3811 133 3874 qui
150 3809 217 3858 dedit.
251 3808 413 3872 lloxSepuer.
425 3801 561 3859 οὖεσινόν
611 3811 680 3860 deest
697 3809 761 3874 apud
779 3809 889 3860 Damasc.
906 3801 1055 3860 enitentem
1066 3811 1090 3860 in
1101 3809 1201 3872 signer.

4 3879 39 3932 nic
55 3869 179 3940 εὐσεβέσι.
214 3877 304 3926 ibidem
314 3878 558 3943 temtempestas
610 3878 686 3929 deest
722 3877 774 3928 llox
797 3871 845 3925 καὶ
863 3869 1021 3931 κατώδυνός
1037 3870 1097 3926 ἐστι
1114 3879 1202 3930 absunt

4 3963 29 3996 ro
46 3939 163 4004 νοηθείη.
610 3961 623 3996 a
644 3947 743 4007 Sogdoi.
768 3945 841 3994 lissil.
859 3947 950 4008 duplic.
978 3955 1001 3996 et
1020 3947 1145 4009 Damasc5
1175 3948 1199 3996 iu

19 4015 34 4064 l.
57 4016 125 4075 Sego.
143 4001 188 4060 οὖν
205 4000 383 4077 ἀνθρωπίνην
400 4003 555 4062 ἀσθένειαν.
611 4013 665 4063 aliis
684 4021 707 4062 et
725 4013 749 4062 in
768 4013 839 4062 editis
859 4012 977 4073 leguntur.

4 4083 48 4130 alra
64 4075 107 4130 καὶ
122 4071 206 4132 atros
222 4069 257 4126 ἂν
273 4074 378 4143 λέγοιτο
397 4075 495 4133 τέλειος
512 4088 558 4131 etc.
645 4081 668 4129 b.
687 4080 786 4142 Segusa.
805 4069 821 4139 ἢ
840 4072 877 4132 otc
893 4074 949 4128 dou.
988 4081 1099 4131 Damaso.
1110 4078 1199 4130 ibidem

4 4151 100 4199 labentur
124 4149 182 4214 spnd
210 4147 334 4198 leontium
359 4149 453 4212 Dyzaut.
478 4149 520 4200 lib.
539 4149 557 4198 l.
606 4142 764 4213 γενομένων
781 4145 838 4194 τῶν
853 4143 947 4213 λεγσμ.

5 4225 66 4266 outre
87 4217 216 4266 Nestorium
242 4224 265 4264 et
288 4215 410 4279 Eutychen
434 4213 556 4280 [Gallaudi
643 4217 658 4270 i.
678 4217 776 4278 Seguer.
796 4208 874 4280 ἡμᾶς.
912 4217 973 4266 Editi
992 4207 1070 4281 ὑμᾶς.
1100 4269 1108 4288 Ι

4 4283 47 4330 tibl.
64 4284 121 4332 l’str.
138 4285 203 4334 Tum.
215 4283 264 4333 llll.
282 4297 306 4347 p.
318 4279 398 4350 669.].
644 4283 666 4332 l.
684 4284 784 4346 Seguer.
802 4284 875 4334 Dasil.
891 4293 914 4334 et
927 4284 995 4346 tingi.
1012 4288 1195 4349 πραχωρηθισ.

28 4363 47 4408 p.
64 4349 121 4400 ilaec
136 4353 271 4402 adlemntnr
288 4351 460 4402 aDamasceno
473 4350 558 4402 nutv.
643 4351 661 4400 l.
679 4353 778 4413 segnes.
797 4350 887 4414 lnglic.
908 4350 1044 4402 dehiscet
1060 4347 1198 4398 tetelml.

4 4411 26 4462 le
42 4417 125 4466 orthod.
142 4419 183 4470 lla
201 4418 303 4485 cep.23.
338 4420 430 4472 ibidem
446 4413 502 4487 γὰρ
514 4419 562 4468 καί
610 4409 789 4469 ἐνδύσασθαι.
825 4418 969 4470 Editietalii
983 4407 1194 4467 ἐπενδύσασθαι.
