3174 5082
171 257 175 268 .
244 231 286 296 2⁴
643 191 670 306 5.
688 237 843 284 λΤΕλλίλῦῑΙ
858 235 1081 283 Aueniensem

155 393 312 462 κυιὲστὶ
339 389 519 479 γνώρισμα.
565 387 634 454 ἔστι
656 385 733 473 γάρ,
756 351 802 464 ώς
824 383 856 451 οἱ
878 388 1020 469 πατέρες
1041 380 1334 470 παραδεδώκασιν,
1365 380 1484 463 ὅπως

242 494 447 569 διδασκαλία,
471 491 525 556 καὶ
547 487 754 555 διδασκάλων
776 481 912 574 άληθῶς
932 488 1031 551 τοῦτο
1053 481 1235 570 τεκμήριον,
1258 483 1297 550 τὸ
1318 483 1365 552 τά
1386 479 1483 552 αάτὰ

241 593 397 682 ἀλλήλαις
425 587 598 675 ὁμολογεῖν
623 591 677 655 καλ
705 587 749 673 μὴ
773 581 994 706 ἀμφισβητεῖν
1016 583 1205 674 μήτεπρὸς
1226 583 1365 664 ἑαυτοὺς
1386 585 1481 674 μήτε

241 697 329 784 πρὸς
359 690 438 772 τοὺς
471 691 596 758 ἑαυτῶν
627 695 781 775 πατέρας.
827 688 859 754 αἱ
886 686 948 773 γὰρ
975 686 1020 773 μὴ
1048 690 1165 754 τοῦτον
1188 685 1391 770 διακείμενοι
1416 687 1482 756 τὸν

242 787 370 886 τρόπον
391 793 556 880 μοχθηροὶ
577 793 702 876 μᾶλλον
724 792 777 857 καλ
801 785 858 856 οῦκ
874 783 1037 878 ἀληθεῖς·
1046 781 1480 856 άνκαλσῖντοδιδόσκαλοι

136 903 139 914 ’
235 895 386 988 Ἕλληνες
406 897 484 983 γοῦν
507 888 564 982 οόγ
585 887 820 979 ὁμολογοῦντες
840 889 882 958 τὰ
904 885 997 970 αὐτά,
1022 884 1106 956 ἀλλὰ
1126 887 1288 982 καὶπρὸς
1305 883 1482 976 ἀλλήλους

245 999 537 1123 ἀμφισβητοῦντες,
561 989 619 1062 οῦκ
641 989 750 1082 ἀληθῆ
773 991 831 1078 τὴν
853 991 1110 1058 διδασκαλίαν”
1092 1011 1238 1074 εχουσιν·
1262 989 1294 1056 σί
1316 988 1400 1058 δέ“
1376 1015 1478 1076 αγιοι

245 1106 300 1171 καί
322 1104 368 1190 τῷ
390 1097 461 1167 όντι
481 1101 539 1186 τῆς
562 1092 723 1183 ἀληθείας
744 1093 877 1181 κήρυκες
899 1086 1053 1181 ἀλλήλοις
1068 1117 1104 1160 τε
1126 1093 1343 1178 συμφωνοῦσι
1357 1095 1415 1160 καὶ
1435 1089 1477 1160 ου’·

246 1207 459 1293 διαφέρονται
480 1197 566 1286 πρὸς
588 1196 732 1278 έαυτοός.
779 1192 865 1262 ελ
830 1219 891 1281 γαρ
912 1196 967 1260 καλ
990 1192 1166 1316 διαφόροις
1185 1191 1317 1278 χρόνοις
1333 1192 1479 1278 γεγόνα-

246 1329 308 1385 σιν,
323 1299 399 1395 ἀλλ’
425 1303 472 1381 είς
492 1295 613 1367 τοῦτόν
635 1291 829 1386 ἀλλήλοις“
813 1298 969 1382 ορμιῦσιν,
994 1293 1108 1374 ἑνὸς”
1088 1319 1180 1374 οντες
1202 1295 1260 1361 τοῦ
1283 1297 1366 1360 θεοῦ
1384 1318 1478 1380 προ-

245 1411 348 1495 φῆται
368 1407 422 1472 καλ
444 1403 502 1470 τὸν
524 1399 623 1469 αὐτὸν
646 1399 832 1487 συμφώνως
855 1392 1134 1484 εὐαγγελιζόμενοι
1155 1393 1262 1482 λόγον.

329 1516 358 1575 5.
394 1505 442 1570 A
469 1506 546 1589 γοῦν
569 1503 700 1585 Μωσῆς
729 1499 894 1577 εόίδασκε,
924 1492 1022 1564 ταῦθ’
1044 1494 1197 1584 Ἀβραάμ
1226 1492 1425 1584 ἐφύλαττεν·
1452 1497 1491 1564 ἃ·

244 1604 452 1692 δὲἍβραάμ
482 1601 656 1690 ἐφύλαττε,
685 1603 789 1666 ταῦτα
811 1602 889 1665 Νῶε
916 1603 971 1666 καλ
989 1593 1086 1682 Ἑνώχ
1108 1593 1298 1684 ἐγίνωσκον,
1321 1599 1475 1684 1’διακρί-

246 1730 358 1784 νοντες
387 1702 522 1788 καθαρά
549 1704 603 1768 καλ
631 1695 806 1786 ἀκάθαρτα
834 1703 887 1766 καὶ
917 1695 1088 1786 εὐάρεστοι
1115 1698 1282 1785 γινόμενοι
1310 1703 1356 1786 τῷ
1385 1705 1472 1788 θεῷ.

160 1810 303 1876 ομιττεδ
332 1804 392 1892 γάρ
413 1806 468 1870 καλ
484 1801 587 1888 ’Ἅβελ
609 1799 713 1880 οὕτως
735 1800 969 1889 ἐμαρτύρησεν,
1000 1799 1219 1885 ἐπιστάμενος
1240 1803 1359 1882 ταῦτα,
1383 1798 1473 1888 άπερ

246 1899 287 1999 ἦν
308 1905 430 1991 μαθών
457 1902 572 1991 ‘rcapti
599 1905 657 1970 τοῦ
677 1899 799 1987 Ἀδάμ,
828 1906 887 1968 τοῦ
910 1905 963 1970 καλ
986 1897 1087 1969 αὐτοῦ
1107 1900 1279 1987 μαθόντος
1300 1901 1396 1988 παρὰ
1416 1930 1473 1972 κα·

247 2016 336 2098 ρίου,
366 2005 403 2088 ῦς
427 2009 481 2073 καί
513 2005 568 2072 έπλ
598 2005 766 2091 συντελείᾳ
788 2007 854 2070 τών
877 2003 1006 2072 αἰώνων
1029 2002 1138 2070 ἐλθών
1161 2002 1208 2081 είς
1231 1999 1392 2092 ἀθέτησιν
1414 2009 1473 2094 τῆς

119 2123 122 2127 ’
247 2107 410 2197 ἁμαρτίας
441 2107 584 2193 ἔλεγεν·ιι
613 2101 670 2173 οῦκ
693 2105 826 2191 ἐντολὴν
848 2104 961 2194 καινὴν
983 2106 1105 2189 δίδωμι
1127 2101 1218 2188 ὑμῖν,
1243 2099 1312 2172 ἀλλ’
1337 2105 1471 2196 ἐντολὴν

246 2209 414 2290 παλαιάν,
445 2208 484 2298 ἢν
505 2203 665 2296 ἠκούσατε
687 2202 744 2274 ἀπ’
769 2202 907 2295 ἀρχῆς“).
953 2205 1010 2272 διά
1030 2209 1130 2272 τοῦτο
1147 2209 1201 2273 καὶ
1225 2200 1243 2272 ό
1266 2199 1343 2292 παρ’
1369 2203 1470 2276 αὐτοῦ

151 2387 157 2394 ,
244 2311 367 2400 μαθών
390 2307 408 2378 ὁ
429 2311 591 2400 μακάριος
613 2303 801 2388 ἀπόστολος
815 2309 960 2388 Παῦλος,
982 2307 1105 2392 τὰμὲν
1127 2307 1377 2395 ίιαλησιαστικά
1398 2311 1471 2378 δια-

245 2417 369 2494 τυπών,
392 2408 470 2480 οῦδὲ
492 2411 664 2490 διακόνους
684 2409 848 2498 ἠθέλησεν
871 2405 956 2494 ελγοι
972 2407 1161 2495 διλόγουςἿ,
1185 2408 1319 2497 ’μήτιγε
1334 2409 1469 2478 ἐπισκό-

137 2517 144 2530 ’
247 2536 348 2594 παυς·
370 2523 443 2591 τοῖς
465 2514 501 2578 δὲ
517 2512 683 2588 Γαλάταις
705 2510 927 2597 ἐπιπλήττων,
952 2505 1147 2599 ἀπεφήνατο
1162 2504 1238 2578 καθ’
1256 2505 1335 2576 ῦλου
1350 2511 1467 2596 λεγων·
1547 2543 1548 2608 j

249 2615 352 2692 εἴτις
373 2606 458 2697 ἀμάς
480 2606 717 2696 εὐαγγελίζεται
738 2607 815 2698 παρ’
841 2610 859 2678 ὃ
881 2611 1094 2699 παρελάβετε,
1118 2607 1273 2694 ἀνάθεμα
1295 2611 1383 2689 ἔστω,
1404 2637 1464 2678 ιτα-

247 2713 322 2792 θώς
343 2719 524 2800 προείρηκα
545 2714 599 2778 καί
621 2711 723 2781 πάλιν
746 2713 844 2798 λέγω·
867 2708 952 2780 ἀλλὰ
972 2717 1025 2780 καί
1049 2711 1106 2781 έάν
1127 2709 1222 2798 ἡμεῖς
1243 2707 1265 2800 ἢ
1286 2711 1412 2800 ἅγγελος
1425 2709 1461 2791 ἐξ

248 2809 389 2900 αῦραναῦ
412 2807 658 2902 εὐαγγελίσηται
680 2809 763 2897 ὑμᾶς
785 2809 862 2901 παρ’
888 2812 906 2880 ὃ
929 2813 1142 2902 παρελάβετε,
1167 2808 1322 2898 ἀνάθεμα
1344 2813 1463 2892 ἔστιν’).

245 2919 305 2982 τοῦ
326 2921 437 2983 τοίνυν
459 2910 651 2984 ἀποστόλου
672 2918 776 2983 ταῦτα
798 2917 957 3004 λέγοντας,
980 2911 1001 3004 ἢ
1023 2920 1076 2984 καλ
1099 2905 1194 2984 οὗτοι
1213 2914 1291 2994 τοὺς
1312 2918 1390 3003 περὶ
1403 2911 1466 2984 E&-

247 3021 359 3107 σέβων
384 3020 690 3106 μεταβαλλομένους
714 3021 769 3086 καὶ
792 3020 945 3106 λέγοντας
968 3018 1063 3105 ἕτεραι
1085 3016 1178 3105 παρὰ
1198 3016 1241 3084 τὰ
1261 3012 1465 3106 ὗπίγραψαν,
1547 3081 1548 3096 ,

245 3113 400 3206 ἀνάθεμα
422 3128 640 3190 ποιείτωσαν·
663 3113 685 3209 ἢ
707 3119 737 3190 εί
757 3119 974 3208 γινώσκουσιν
996 3113 1116 3198 αὐτοὺς
1129 3120 1237 3198 καλῶς
1251 3114 1466 3206 ἀπογράψαν-

244 3247 317 3303 τας,
346 3222 390 3309 μὴ
418 3224 668 3310 γογγυζέτωσαν.
683 3222 846 3310 κατὰτῆς
866 3219 1061 3309 τηλικαύτης
1083 3219 1233 3290 συνόδου.
1278 3219 1308 3288 εί
1330 3221 1366 3288 δὲ
1388 3219 1466 3306 μήτε

244 3325 342 3388 τοῦτο
363 3321 446 3406 μήτε
468 3324 572 3389 ἐκεῖνο
595 3324 744 3398 ποιοῦσι,
768 3321 863 3405 δῆλοί
885 3321 951 3388 είαι
972 3325 1025 3388 καὶ
1048 3317 1143 3390 αὗταί
1165 3324 1266 3388 παντὶ
1289 3319 1400 3410 άνέμιμ
1414 3325 1465 3390 καί
1547 3391 1548 3412 η

245 3418 386 3486 κλύδωνι
408 3419 676 3508 περιφερόμενοι,
699 3421 752 3486 καὶ
774 3419 818 3506 μὴ
840 3431 914 3500 ταῖς
937 3422 1038 3504 ἰδίαις
1059 3419 1144 3492 ἀλλὰ
1165 3419 1357 3510 ἀλλοτρίαις
1378 3421 1467 3491 ἑλκό-
1547 3441 1548 3472 ι

245 3541 341 3604 μενοι
367 3519 522 3605 γνώμαις.
567 3523 716 3588 τοιαῦται
738 3522 774 3589 δὲ
797 3516 901 3604 ὄντες,
926 3519 1003 3592 οῦδὲ
1024 3528 1081 3592 νῦν
1102 3523 1259 3603 τοιαύτας
1280 3525 1467 3610 προβαλλό-

245 3643 341 3706 μενοι
362 3619 557 3744 προφάσεις
574 3617 767 3703 ἀξιόπιστοί
788 3621 888 3690 εἰσιν·
922 3619 1081 3693 ἀλλὰκαὶ
1104 3631 1332 3693 παυέσθωσαν
1354 3625 1466 3694 αἰτιώ-

244 3745 341 3806 μενοι
369 3719 390 3788 ἃ
411 3721 456 3808 μὴ
478 3723 693 3809 γινώσκουσι·
722 3723 806 3808 τάχα
829 3726 865 3794 δὲ
887 3720 964 3794 οῦδὲ
984 3727 1160 3814 διακρίνειν
1183 3725 1323 3807 εἰδότες,
1353 3723 1466 3806 άπλιῦς

170 3849 173 3857 ’
243 3821 284 3918 τὸ
265 3825 365 4009 ὁμὲν
386 3823 532 3911 πονηρὸν
553 3827 685 3914 λέγουσι
706 3826 814 3908 καλόν,
838 3825 877 3894 τό
893 3829 929 3895 δέ
944 3825 1044 3896 καλὸν
1058 3826 1213 3916 πονηρόν,
1229 3853 1284 3895 και
1274 3829 1467 3924 νομίζουσι

304 3924 507 4012 μὲνπικρὸν
528 3921 614 3994 εἶναι
634 3928 747 4014 γλυκό,
770 3927 808 3994 τό
831 3929 867 3996 δὲ
887 3927 985 4016 γλυκὺ
1007 3927 1165 4015 πικρόνί.)
1210 3912 1382 4013 ἀμέλει
1346 3955 1389 3996 τα
1409 3929 1466 4014 μὲν

244 4030 403 4114 κριθέντα
423 4051 506 4094 κακα
492 4026 573 4095 καλ
589 4022 907 4115 άποδοκιμασθέντα
920 4040 1051 4115 κρατεῖν
1067 4029 1232 4109 ἐθέλουσι,
1254 4029 1349 4098 τὰδὲ
1362 4030 1466 4108 καλῶς

215 4269 216 4278 ¹
316 4197 552 4260 ί)1.ῐοεο.,.2’ί
622 4201 857 4264 2λ1.Τίαι3,.8
927 4201 1153 4264 3)Gul.,..198
1223 4201 1423 4264 4)Εττ.5,λθ

239 4303 244 4312 '
279 4331 300 4367 ι.
319 4315 360 4367 810
377 4317 433 4380 fleg
469 4318 497 4366 λι
520 4317 577 4368 ιδίιί
601 4327 625 4369 ει
647 4313 742 4372 amar
756 4320 831 4370 σαιίί-
917 4335 938 4370 ε.
957 4319 991 4368 {tn
1019 4320 1058 4372 Ιιιε
1088 4329 1111 4371 ει
1135 4333 1190 4370 αισι
1215 4319 1289 4382 λαμ,
1314 4320 1358 4372 ubi
1381 4319 1420 4372 nbi
1442 4327 1466 4370 ιι

244 4389 304 4434 εσσε
883 4382 941 4438 ιδίῑί
960 4379 1024 4434 ἀπό.

277 4451 301 4503 b.
320 4451 377 4514 neg.
396 4403 589 4518 διακρίναντες.
916 4455 939 4504 δ.
958 4453 1023 4504 flacc
1039 4469 1054 4505 τ
1071 4455 1161 4506 Ioanne
1178 4456 1268 4520 scripu
1287 4453 1312 4506 S.
1325 4453 1465 4506 Athanasius
