<?xml version="1.0" encoding="UTF-8"?>
<!DOCTYPE html PUBLIC "-//W3C//DTD XHTML 1.0 Transitional//EN"
    "http://www.w3.org/TR/xhtml1/DTD/xhtml1-transitional.dtd">
<html xmlns="http://www.w3.org/1999/xhtml" xml:lang="en" lang="en">
 <head>
  <title>
</title>
<meta http-equiv="Content-Type" content="text/html;charset=utf-8" />
  <meta name='ocr-system' content='tesseract 3.04.00' />
  <meta name='ocr-capabilities' content='ocr_page ocr_carea ocr_par ocr_line ocrx_word'/>
</head>
<body>
  <div class='ocr_page' id='page_1' title='image "./sanctiathanasii03athagoog_0371.png"; bbox 0 0 3214 5048; ppageno 0'>
   <div class='ocr_carea' id='block_1_1' title="bbox 576 263 1401 330">
    <p class='ocr_par' dir='ltr' id='par_1_1' title="bbox 576 263 1401 330">
     <span class='ocr_line' id='line_1_1' title="bbox 576 263 1401 330; baseline 0.008 -14"><span class='ocrx_word' id='word_1_1' title='bbox 576 273 687 318; x_wconf 78' lang='lat' dir='ltr'>omaro</span> <span class='ocrx_word' id='word_1_2' title='bbox 702 275 735 318; x_wconf 85' lang='lat' dir='ltr'>u.</span> <span class='ocrx_word' id='word_1_3' title='bbox 751 274 867 320; x_wconf 81' lang='lat' dir='ltr'>conaus</span> <span class='ocrx_word' id='word_1_4' title='bbox 882 270 1016 320; x_wconf 77' lang='lat' dir='ltr'>amusos.</span> <span class='ocrx_word' id='word_1_5' title='bbox 1339 263 1401 330; x_wconf 72' lang='lat'>323</span> 
     </span>
    </p>
   </div>
   <div class='ocr_carea' id='block_1_2' title="bbox 84 407 1498 3743">
    <p class='ocr_par' dir='ltr' id='par_1_2' title="bbox 84 407 1489 1924">
     <span class='ocr_line' id='line_1_2' title="bbox 84 407 1489 510; baseline -0.001 -20"><span class='ocrx_word' id='word_1_6' title='bbox 84 463 93 476; x_wconf 88' lang='lat'>·</span> <span class='ocrx_word' id='word_1_7' title='bbox 172 426 320 502; x_wconf 78' lang='lat' dir='ltr'>ebonem,</span> <span class='ocrx_word' id='word_1_8' title='bbox 342 441 467 506; x_wconf 88' lang='lat' dir='ltr'>nempe:</span> <span class='ocrx_word' id='word_1_9' title='bbox 491 407 649 498; x_wconf 88' lang='lat' dir='ltr'>„Unumne</span> <span class='ocrx_word' id='word_1_10' title='bbox 671 431 720 486; x_wconf 90' lang='lat' dir='ltr'>est</span> <span class='ocrx_word' id='word_1_11' title='bbox 739 425 928 488; x_wconf 85' lang='lat' dir='ltr'>non-iactum</span> <span class='ocrx_word' id='word_1_12' title='bbox 950 442 986 488; x_wconf 88' lang='lat' dir='ltr'>an</span> <span class='ocrx_word' id='word_1_13' title='bbox 1009 425 1123 490; x_wconf 62' lang='lat' dir='ltr'>tuom</span> <span class='ocrx_word' id='word_1_14' title='bbox 1146 428 1200 494; x_wconf 86' lang='lat' dir='ltr'>sed</span> <span class='ocrx_word' id='word_1_15' title='bbox 1223 428 1263 492; x_wconf 88' lang='lat' dir='ltr'>ibi</span> <span class='ocrx_word' id='word_1_16' title='bbox 1285 442 1489 510; x_wconf 74' lang='lat' dir='ltr'>quaqueusso.</span> 
     </span>
     <span class='ocr_line' id='line_1_3' title="bbox 171 524 1406 610; baseline 0.005 -20"><span class='ocrx_word' id='word_1_17' title='bbox 171 528 292 602; x_wconf 84' lang='lat' dir='ltr'>deuicti,</span> <span class='ocrx_word' id='word_1_18' title='bbox 313 527 403 590; x_wconf 88' lang='lat' dir='ltr'>istam</span> <span class='ocrx_word' id='word_1_19' title='bbox 423 543 533 588; x_wconf 85' lang='lat' dir='ltr'>rursus</span> <span class='ocrx_word' id='word_1_20' title='bbox 556 524 772 604; x_wconf 70' lang='lat' dir='ltr'>excogitavere:</span> <span class='ocrx_word' id='word_1_21' title='bbox 795 527 893 601; x_wconf 88' lang='lat' dir='ltr'>„Num</span> <span class='ocrx_word' id='word_1_22' title='bbox 914 527 1000 592; x_wconf 90' lang='lat' dir='ltr'>liberi</span> <span class='ocrx_word' id='word_1_23' title='bbox 1022 537 1070 592; x_wconf 87' lang='lat' dir='ltr'>est</span> <span class='ocrx_word' id='word_1_24' title='bbox 1089 528 1204 594; x_wconf 85' lang='lat' dir='ltr'>arbitrii</span> <span class='ocrx_word' id='word_1_25' title='bbox 1223 537 1406 610; x_wconf 73' lang='lat' dir='ltr'>naturaeque</span> 
     </span>
     <span class='ocr_line' id='line_1_4' title="bbox 173 625 1403 712; baseline -0.002 -18"><span class='ocrx_word' id='word_1_26' title='bbox 173 627 406 704; x_wconf 83' lang='lat' dir='ltr'>„inutabiiisi“</span> <span class='ocrx_word' id='word_1_27' title='bbox 452 625 540 700; x_wconf 82' lang='lat' dir='ltr'>Quod</span> <span class='ocrx_word' id='word_1_28' title='bbox 562 626 759 706; x_wconf 77' lang='lat' dir='ltr'>compariter</span> <span class='ocrx_word' id='word_1_29' title='bbox 780 628 934 708; x_wconf 81' lang='lat' dir='ltr'>explosum</span> <span class='ocrx_word' id='word_1_30' title='bbox 957 629 1073 706; x_wconf 84' lang='lat' dir='ltr'>inisset,</span> <span class='ocrx_word' id='word_1_31' title='bbox 1095 630 1166 695; x_wconf 88' lang='lat' dir='ltr'>illud</span> <span class='ocrx_word' id='word_1_32' title='bbox 1182 631 1317 712; x_wconf 75' lang='lat' dir='ltr'><strong>Apostoli</strong></span> <span class='ocrx_word' id='word_1_33' title='bbox 1331 649 1403 711; x_wconf 88' lang='lat' dir='ltr'>per-</span> 
     </span>
     <span class='ocr_line' id='line_1_5' title="bbox 173 727 1405 814; baseline 0.002 -22"><span class='ocrx_word' id='word_1_34' title='bbox 173 749 276 811; x_wconf 87' lang='lat' dir='ltr'>peram</span> <span class='ocrx_word' id='word_1_35' title='bbox 304 739 375 792; x_wconf 87' lang='lat' dir='ltr'>sunt</span> <span class='ocrx_word' id='word_1_36' title='bbox 403 727 603 808; x_wconf 88' lang='lat' dir='ltr'>interpretati:</span> <span class='ocrx_word' id='word_1_37' title='bbox 635 727 729 792; x_wconf 79' lang='lat' dir='ltr'>Tanto</span> <span class='ocrx_word' id='word_1_38' title='bbox 754 732 968 810; x_wconf 81' lang='lat' dir='ltr'>praestantior</span> <span class='ocrx_word' id='word_1_39' title='bbox 996 732 1097 811; x_wconf 74' lang='lat' dir='ltr'>{octus</span> <span class='ocrx_word' id='word_1_40' title='bbox 1120 733 1251 814; x_wconf 66' lang='lat' dir='ltr'>ducetis.</span> <span class='ocrx_word' id='word_1_41' title='bbox 1296 733 1405 796; x_wconf 83' lang='lat' dir='ltr'>Verum</span> 
     </span>
     <span class='ocr_line' id='line_1_6' title="bbox 154 828 1406 908; baseline 0.001 -13"><span class='ocrx_word' id='word_1_42' title='bbox 154 850 242 905; x_wconf 78' lang='lat' dir='ltr'>,oum</span> <span class='ocrx_word' id='word_1_43' title='bbox 264 832 322 892; x_wconf 89' lang='lat' dir='ltr'>boc</span> <span class='ocrx_word' id='word_1_44' title='bbox 339 829 431 892; x_wconf 89' lang='lat' dir='ltr'>etiam</span> <span class='ocrx_word' id='word_1_45' title='bbox 453 828 572 890; x_wconf 86' lang='lat' dir='ltr'>iliorum</span> <span class='ocrx_word' id='word_1_46' title='bbox 595 837 796 891; x_wconf 87' lang='lat' dir='ltr'>commentum</span> <span class='ocrx_word' id='word_1_47' title='bbox 819 828 990 892; x_wconf 85' lang='lat' dir='ltr'>dissolverit</span> <span class='ocrx_word' id='word_1_48' title='bbox 1009 832 1134 908; x_wconf 70' lang='lat' dir='ltr'>vuius,</span> <span class='ocrx_word' id='word_1_49' title='bbox 1156 835 1214 898; x_wconf 89' lang='lat' dir='ltr'>iam</span> <span class='ocrx_word' id='word_1_50' title='bbox 1235 833 1335 898; x_wconf 87' lang='lat' dir='ltr'>omnia</span> <span class='ocrx_word' id='word_1_51' title='bbox 1356 834 1406 898; x_wconf 85' lang='lat' dir='ltr'>illa</span> 
     </span>
     <span class='ocr_line' id='line_1_7' title="bbox 149 929 1404 1014; baseline 0.005 -22"><span class='ocrx_word' id='word_1_52' title='bbox 149 1001 157 1011; x_wconf 46' lang='grc'><strong>,</strong></span> <span class='ocrx_word' id='word_1_53' title='bbox 175 933 265 996; x_wconf 87' lang='lat' dir='ltr'>simul</span> <span class='ocrx_word' id='word_1_54' title='bbox 286 930 460 1011; x_wconf 78' lang='lat' dir='ltr'>colligentes</span> <span class='ocrx_word' id='word_1_55' title='bbox 481 930 526 992; x_wconf 89' lang='lat' dir='ltr'>rei</span> <span class='ocrx_word' id='word_1_56' title='bbox 547 931 641 994; x_wconf 81' lang='lat' dir='ltr'>tactae</span> <span class='ocrx_word' id='word_1_57' title='bbox 669 938 700 992; x_wconf 91' lang='lat' dir='ltr'>et</span> <span class='ocrx_word' id='word_1_58' title='bbox 730 937 845 994; x_wconf 82' lang='lat' dir='ltr'>creatae</span> <span class='ocrx_word' id='word_1_59' title='bbox 871 929 1023 992; x_wconf 89' lang='lat' dir='ltr'>vocabulis</span> <span class='ocrx_word' id='word_1_60' title='bbox 1046 951 1129 995; x_wconf 89' lang='lat' dir='ltr'>suam</span> <span class='ocrx_word' id='word_1_61' title='bbox 1151 944 1273 1014; x_wconf 88' lang='lat' dir='ltr'>sperant</span> <span class='ocrx_word' id='word_1_62' title='bbox 1292 936 1404 1000; x_wconf 85' lang='lat' dir='ltr'>contir-</span> 
     </span>
     <span class='ocr_line' id='line_1_8' title="bbox 176 1031 1404 1114; baseline 0.003 -18"><span class='ocrx_word' id='word_1_63' title='bbox 176 1053 260 1096; x_wconf 88' lang='lat' dir='ltr'>mare</span> <span class='ocrx_word' id='word_1_64' title='bbox 281 1033 439 1096; x_wconf 90' lang='lat' dir='ltr'>baeresim.</span> <span class='ocrx_word' id='word_1_65' title='bbox 472 1031 582 1094; x_wconf 81' lang='lat' dir='ltr'>Eadem</span> <span class='ocrx_word' id='word_1_66' title='bbox 606 1031 685 1094; x_wconf 90' lang='lat' dir='ltr'>enim</span> <span class='ocrx_word' id='word_1_67' title='bbox 707 1031 756 1094; x_wconf 86' lang='lat' dir='ltr'>itta</span> <span class='ocrx_word' id='word_1_68' title='bbox 777 1031 885 1094; x_wconf 86' lang='lat' dir='ltr'>iterum</span> <span class='ocrx_word' id='word_1_69' title='bbox 908 1031 1086 1112; x_wconf 79' lang='lat' dir='ltr'>significant,</span> <span class='ocrx_word' id='word_1_70' title='bbox 1106 1049 1162 1094; x_wconf 90' lang='lat' dir='ltr'>nee</span> <span class='ocrx_word' id='word_1_71' title='bbox 1176 1035 1266 1114; x_wconf 88' lang='lat' dir='ltr'>impia</span> <span class='ocrx_word' id='word_1_72' title='bbox 1280 1055 1333 1100; x_wconf 91' lang='lat' dir='ltr'>sua</span> <span class='ocrx_word' id='word_1_73' title='bbox 1349 1036 1404 1100; x_wconf 85' lang='lat' dir='ltr'>de·</span> 
     </span>
     <span class='ocr_line' id='line_1_9' title="bbox 177 1132 1409 1216; baseline 0.002 -18"><span class='ocrx_word' id='word_1_74' title='bbox 177 1143 283 1200; x_wconf 87' lang='lat' dir='ltr'>serunt</span> <span class='ocrx_word' id='word_1_75' title='bbox 303 1141 486 1206; x_wconf 90' lang='lat' dir='ltr'>commenta,</span> <span class='ocrx_word' id='word_1_76' title='bbox 515 1133 569 1196; x_wconf 89' lang='lat' dir='ltr'>sed</span> <span class='ocrx_word' id='word_1_77' title='bbox 592 1151 627 1194; x_wconf 87' lang='lat' dir='ltr'>ea</span> <span class='ocrx_word' id='word_1_78' title='bbox 647 1132 729 1196; x_wconf 82' lang='lat' dir='ltr'>varie</span> <span class='ocrx_word' id='word_1_79' title='bbox 750 1141 864 1196; x_wconf 87' lang='lat' dir='ltr'>mutant</span> <span class='ocrx_word' id='word_1_80' title='bbox 886 1141 917 1196; x_wconf 91' lang='lat' dir='ltr'>et</span> <span class='ocrx_word' id='word_1_81' title='bbox 937 1141 1072 1208; x_wconf 86' lang='lat' dir='ltr'>uertunt,</span> <span class='ocrx_word' id='word_1_82' title='bbox 1100 1141 1133 1196; x_wconf 90' lang='lat' dir='ltr'>ut</span> <span class='ocrx_word' id='word_1_83' title='bbox 1154 1133 1267 1214; x_wconf 86' lang='lat' dir='ltr'>aiiquos</span> <span class='ocrx_word' id='word_1_84' title='bbox 1288 1137 1409 1216; x_wconf 87' lang='lat' dir='ltr'>possint</span> 
     </span>
     <span class='ocr_line' id='line_1_10' title="bbox 176 1233 1408 1316; baseline 0.002 -18"><span class='ocrx_word' id='word_1_85' title='bbox 176 1238 320 1303; x_wconf 80' lang='lat' dir='ltr'>uarietate</span> <span class='ocrx_word' id='word_1_86' title='bbox 334 1237 374 1300; x_wconf 87' lang='lat' dir='ltr'>in</span> <span class='ocrx_word' id='word_1_87' title='bbox 396 1237 530 1298; x_wconf 89' lang='lat' dir='ltr'>errorem</span> <span class='ocrx_word' id='word_1_88' title='bbox 553 1234 710 1298; x_wconf 85' lang='lat' dir='ltr'>inducere:</span> <span class='ocrx_word' id='word_1_89' title='bbox 735 1235 924 1316; x_wconf 79' lang='lat' dir='ltr'>Quapropter</span> <span class='ocrx_word' id='word_1_90' title='bbox 945 1235 1015 1298; x_wconf 85' lang='lat' dir='ltr'>iicet</span> <span class='ocrx_word' id='word_1_91' title='bbox 1036 1255 1072 1298; x_wconf 89' lang='lat' dir='ltr'>ex</span> <span class='ocrx_word' id='word_1_92' title='bbox 1088 1235 1145 1310; x_wconf 81' lang='lat' dir='ltr'>bis,</span> <span class='ocrx_word' id='word_1_93' title='bbox 1168 1253 1244 1315; x_wconf 88' lang='lat' dir='ltr'>quae</span> <span class='ocrx_word' id='word_1_94' title='bbox 1258 1234 1318 1296; x_wconf 86' lang='lat' dir='ltr'>iam</span> <span class='ocrx_word' id='word_1_95' title='bbox 1332 1233 1408 1300; x_wconf 80' lang='lat' dir='ltr'>dieta</span> 
     </span>
     <span class='ocr_line' id='line_1_11' title="bbox 177 1335 1409 1418; baseline -0.002 -18"><span class='ocrx_word' id='word_1_96' title='bbox 177 1348 263 1416; x_wconf 89' lang='lat' dir='ltr'>sunt,</span> <span class='ocrx_word' id='word_1_97' title='bbox 293 1337 400 1400; x_wconf 82' lang='lat' dir='ltr'>uanum</span> <span class='ocrx_word' id='word_1_98' title='bbox 422 1335 501 1400; x_wconf 89' lang='lat' dir='ltr'>bunc</span> <span class='ocrx_word' id='word_1_99' title='bbox 521 1335 639 1398; x_wconf 86' lang='lat' dir='ltr'>iliorum</span> <span class='ocrx_word' id='word_1_100' title='bbox 662 1343 800 1398; x_wconf 84' lang='lat' dir='ltr'>conatum</span> <span class='ocrx_word' id='word_1_101' title='bbox 823 1355 891 1399; x_wconf 87' lang='lat' dir='ltr'>esse</span> <span class='ocrx_word' id='word_1_102' title='bbox 912 1336 1104 1418; x_wconf 87' lang='lat' dir='ltr'>perspicuum</span> <span class='ocrx_word' id='word_1_103' title='bbox 1127 1336 1185 1411; x_wconf 85' lang='lat' dir='ltr'>sit;</span> <span class='ocrx_word' id='word_1_104' title='bbox 1214 1335 1282 1416; x_wconf 85' lang='lat' dir='ltr'>quia</span> <span class='ocrx_word' id='word_1_105' title='bbox 1309 1342 1409 1398; x_wconf 90' lang='lat' dir='ltr'>tamen</span> 
     </span>
     <span class='ocr_line' id='line_1_12' title="bbox 177 1435 1410 1519; baseline -0.002 -18"><span class='ocrx_word' id='word_1_106' title='bbox 177 1440 261 1502; x_wconf 87' lang='lat' dir='ltr'>illum</span> <span class='ocrx_word' id='word_1_107' title='bbox 281 1437 512 1501; x_wconf 78' lang='lat' dir='ltr'>Proverbiorum</span> <span class='ocrx_word' id='word_1_108' title='bbox 539 1435 637 1498; x_wconf 91' lang='lat' dir='ltr'>locum</span> <span class='ocrx_word' id='word_1_109' title='bbox 664 1437 775 1517; x_wconf 91' lang='lat' dir='ltr'>ubique</span> <span class='ocrx_word' id='word_1_110' title='bbox 803 1438 1014 1500; x_wconf 81' lang='lat' dir='ltr'>circumierunt</span> <span class='ocrx_word' id='word_1_111' title='bbox 1041 1447 1072 1500; x_wconf 91' lang='lat' dir='ltr'>et</span> <span class='ocrx_word' id='word_1_112' title='bbox 1098 1437 1287 1519; x_wconf 75' lang='lat' dir='ltr'>pervulgant,</span> <span class='ocrx_word' id='word_1_113' title='bbox 1320 1444 1410 1516; x_wconf 87' lang='lat' dir='ltr'>atquo</span> 
     </span>
     <span class='ocr_line' id='line_1_13' title="bbox 178 1537 1408 1620; baseline -0.002 -18"><span class='ocrx_word' id='word_1_114' title='bbox 178 1540 336 1620; x_wconf 74' lang='lat' dir='ltr'>piurimis,</span> <span class='ocrx_word' id='word_1_115' title='bbox 349 1537 399 1620; x_wconf 87' lang='lat' dir='ltr'>qui</span> <span class='ocrx_word' id='word_1_116' title='bbox 412 1538 596 1601; x_wconf 79' lang='lat' dir='ltr'>Christianae</span> <span class='ocrx_word' id='word_1_117' title='bbox 618 1538 689 1600; x_wconf 80' lang='lat' dir='ltr'>fidei</span> <span class='ocrx_word' id='word_1_118' title='bbox 710 1539 805 1620; x_wconf 83' lang='lat' dir='ltr'>ignari</span> <span class='ocrx_word' id='word_1_119' title='bbox 829 1549 908 1610; x_wconf 86' lang='lat' dir='ltr'>sunt,</span> <span class='ocrx_word' id='word_1_120' title='bbox 931 1539 1040 1620; x_wconf 80' lang='lat' dir='ltr'>aliquid</span> <span class='ocrx_word' id='word_1_121' title='bbox 1062 1538 1162 1602; x_wconf 89' lang='lat' dir='ltr'>dicere</span> <span class='ocrx_word' id='word_1_122' title='bbox 1184 1539 1329 1614; x_wconf 86' lang='lat' dir='ltr'>videumr,</span> <span class='ocrx_word' id='word_1_123' title='bbox 1352 1555 1408 1600; x_wconf 91' lang='lat' dir='ltr'>ne·</span> 
     </span>
     <span class='ocr_line' id='line_1_14' title="bbox 176 1640 1411 1722; baseline -0.004 -16"><span class='ocrx_word' id='word_1_124' title='bbox 176 1651 347 1716; x_wconf 78' lang='lat' dir='ltr'>causaest,</span> <span class='ocrx_word' id='word_1_125' title='bbox 379 1640 628 1721; x_wconf 83' lang='lat' dir='ltr'>quemadmodum</span> <span class='ocrx_word' id='word_1_126' title='bbox 657 1641 694 1702; x_wconf 88' lang='lat' dir='ltr'>de</span> <span class='ocrx_word' id='word_1_127' title='bbox 721 1641 769 1704; x_wconf 90' lang='lat' dir='ltr'>bis</span> <span class='ocrx_word' id='word_1_128' title='bbox 797 1641 895 1703; x_wconf 82' lang='lat' dir='ltr'>verbis</span> <span class='ocrx_word' id='word_1_129' title='bbox 926 1641 989 1716; x_wconf 86' lang='lat' dir='ltr'>Qui</span> <span class='ocrx_word' id='word_1_130' title='bbox 1014 1641 1115 1722; x_wconf 74' lang='lat' dir='ltr'>fidelia</span> <span class='ocrx_word' id='word_1_131' title='bbox 1144 1653 1190 1705; x_wconf 86' lang='lat' dir='ltr'>eat</span> <span class='ocrx_word' id='word_1_132' title='bbox 1218 1645 1246 1702; x_wconf 83' lang='lat' dir='ltr'>ei</span> <span class='ocrx_word' id='word_1_133' title='bbox 1265 1640 1411 1722; x_wconf 73' lang='lat' dir='ltr'>artiserit</span> 
     </span>
     <span class='ocr_line' id='line_1_15' title="bbox 176 1741 1409 1821; baseline -0.003 -15"><span class='ocrx_word' id='word_1_134' title='bbox 176 1743 265 1806; x_wconf 82' lang='lat' dir='ltr'>ilium</span> <span class='ocrx_word' id='word_1_135' title='bbox 286 1743 494 1816; x_wconf 77' lang='lat' dir='ltr'>disseruimus,</span> <span class='ocrx_word' id='word_1_136' title='bbox 518 1742 563 1804; x_wconf 91' lang='lat' dir='ltr'>sic</span> <span class='ocrx_word' id='word_1_137' title='bbox 585 1749 615 1804; x_wconf 93' lang='lat' dir='ltr'>et</span> <span class='ocrx_word' id='word_1_138' title='bbox 636 1741 723 1804; x_wconf 87' lang='lat' dir='ltr'>istam</span> <span class='ocrx_word' id='word_1_139' title='bbox 746 1742 905 1805; x_wconf 86' lang='lat' dir='ltr'>dictionem</span> <span class='ocrx_word' id='word_1_140' title='bbox 928 1747 1055 1816; x_wconf 65' lang='lat' dir='ltr'>creauit,</span> <span class='ocrx_word' id='word_1_141' title='bbox 1071 1741 1200 1804; x_wconf 83' lang='lat' dir='ltr'>seorsim</span> <span class='ocrx_word' id='word_1_142' title='bbox 1229 1741 1409 1821; x_wconf 85' lang='lat' dir='ltr'>expendere,</span> 
     </span>
     <span class='ocr_line' id='line_1_16' title="bbox 170 1842 1406 1924; baseline 0 -18"><span class='ocrx_word' id='word_1_143' title='bbox 170 1852 212 1918; x_wconf 26' lang='lat' dir='ltr'>,ut</span> <span class='ocrx_word' id='word_1_144' title='bbox 232 1845 290 1908; x_wconf 88' lang='lat' dir='ltr'>boc</span> <span class='ocrx_word' id='word_1_145' title='bbox 310 1843 342 1906; x_wconf 92' lang='lat' dir='ltr'>in</span> <span class='ocrx_word' id='word_1_146' title='bbox 363 1843 430 1906; x_wconf 93' lang='lat' dir='ltr'>loco</span> <span class='ocrx_word' id='word_1_147' title='bbox 452 1843 539 1907; x_wconf 84' lang='lat' dir='ltr'>sicuti</span> <span class='ocrx_word' id='word_1_148' title='bbox 563 1842 594 1907; x_wconf 92' lang='lat' dir='ltr'>in</span> <span class='ocrx_word' id='word_1_149' title='bbox 615 1842 680 1906; x_wconf 86' lang='lat' dir='ltr'>aliis</span> <span class='ocrx_word' id='word_1_150' title='bbox 703 1842 841 1907; x_wconf 90' lang='lat' dir='ltr'>omnibus</span> <span class='ocrx_word' id='word_1_151' title='bbox 864 1842 937 1906; x_wconf 85' lang='lat' dir='ltr'>nibil</span> <span class='ocrx_word' id='word_1_152' title='bbox 959 1852 1078 1924; x_wconf 87' lang='lat' dir='ltr'>praeter</span> <span class='ocrx_word' id='word_1_153' title='bbox 1099 1861 1181 1906; x_wconf 90' lang='lat' dir='ltr'>mera</span> <span class='ocrx_word' id='word_1_154' title='bbox 1196 1842 1305 1904; x_wconf 89' lang='lat' dir='ltr'>mentis</span> <span class='ocrx_word' id='word_1_155' title='bbox 1320 1861 1406 1906; x_wconf 86' lang='lat' dir='ltr'>com-</span> 
     </span>
    </p>

    <p class='ocr_par' dir='ltr' id='par_1_3' title="bbox 180 1945 1351 2010">
     <span class='ocr_line' id='line_1_17' title="bbox 180 1945 1351 2010; baseline -0.002 -2"><span class='ocrx_word' id='word_1_156' title='bbox 180 1953 278 2008; x_wconf 88' lang='lat' dir='ltr'>menta</span> <span class='ocrx_word' id='word_1_157' title='bbox 300 1945 359 2010; x_wconf 86' lang='lat' dir='ltr'>sibi</span> <span class='ocrx_word' id='word_1_158' title='bbox 380 1963 452 2008; x_wconf 85' lang='lat' dir='ltr'>esse</span> <span class='ocrx_word' id='word_1_159' title='bbox 474 1945 696 2008; x_wconf 86' lang='lat' dir='ltr'>conrincantnr.</span> <span class='ocrx_word' id='word_1_160' title='bbox 1349 1968 1351 1974; x_wconf 46' lang='lat'><strong>¹</strong></span> 
     </span>
    </p>

    <p class='ocr_par' dir='ltr' id='par_1_4' title="bbox 179 2033 1413 2529">
     <span class='ocr_line' id='line_1_18' title="bbox 267 2033 1408 2126; baseline -0.005 -14"><span class='ocrx_word' id='word_1_161' title='bbox 267 2049 317 2112; x_wconf 84' lang='lat'>19.</span> <span class='ocrx_word' id='word_1_162' title='bbox 359 2033 459 2110; x_wconf 76' lang='lat' dir='ltr'>iuno</span> <span class='ocrx_word' id='word_1_163' title='bbox 483 2065 555 2126; x_wconf 78' lang='lat' dir='ltr'>ergo</span> <span class='ocrx_word' id='word_1_164' title='bbox 576 2045 738 2120; x_wconf 84' lang='lat' dir='ltr'>uideamus,</span> <span class='ocrx_word' id='word_1_165' title='bbox 760 2063 904 2126; x_wconf 81' lang='lat' dir='ltr'>quaenam</span> <span class='ocrx_word' id='word_1_166' title='bbox 926 2044 1022 2118; x_wconf 90' lang='lat' dir='ltr'>initio,</span> <span class='ocrx_word' id='word_1_167' title='bbox 1045 2063 1112 2108; x_wconf 88' lang='lat' dir='ltr'>oum</span> <span class='ocrx_word' id='word_1_168' title='bbox 1134 2044 1170 2108; x_wconf 93' lang='lat' dir='ltr'>ab</span> <span class='ocrx_word' id='word_1_169' title='bbox 1188 2044 1263 2124; x_wconf 87' lang='lat' dir='ltr'>ipsis</span> <span class='ocrx_word' id='word_1_170' title='bbox 1277 2043 1408 2122; x_wconf 78' lang='lat' dir='ltr'>tingere-</span> 
     </span>
     <span class='ocr_line' id='line_1_19' title="bbox 180 2144 1410 2240; baseline -0.004 -29"><span class='ocrx_word' id='word_1_171' title='bbox 180 2157 229 2212; x_wconf 92' lang='lat' dir='ltr'>tur</span> <span class='ocrx_word' id='word_1_172' title='bbox 249 2147 395 2222; x_wconf 84' lang='lat' dir='ltr'>baeresis,</span> <span class='ocrx_word' id='word_1_173' title='bbox 416 2148 520 2210; x_wconf 78' lang='lat' dir='ltr'>beatae</span> <span class='ocrx_word' id='word_1_174' title='bbox 542 2148 705 2240; x_wconf 76' lang='lat' dir='ltr'>memoriae</span> <span class='ocrx_word' id='word_1_175' title='bbox 726 2146 892 2210; x_wconf 79' lang='lat' dir='ltr'>Alexandro</span> <span class='ocrx_word' id='word_1_176' title='bbox 915 2145 1100 2208; x_wconf 86' lang='lat' dir='ltr'>tradiderint.</span> <span class='ocrx_word' id='word_1_177' title='bbox 1144 2145 1225 2208; x_wconf 89' lang='lat' dir='ltr'>Haeo</span> <span class='ocrx_word' id='word_1_178' title='bbox 1246 2163 1352 2224; x_wconf 86' lang='lat' dir='ltr'>nempe</span> <span class='ocrx_word' id='word_1_179' title='bbox 1367 2144 1410 2206; x_wconf 85' lang='lat' dir='ltr'>itti</span> 
     </span>
     <span class='ocr_line' id='line_1_20' title="bbox 179 2245 1411 2336; baseline -0.007 -22"><span class='ocrx_word' id='word_1_180' title='bbox 179 2249 381 2330; x_wconf 85' lang='lat' dir='ltr'>seripserunt:</span> <span class='ocrx_word' id='word_1_181' title='bbox 405 2249 551 2323; x_wconf 85' lang='lat' dir='ltr'>„Creatus</span> <span class='ocrx_word' id='word_1_182' title='bbox 575 2259 638 2336; x_wconf 53' lang='lat' dir='ltr'>aab</span> <span class='ocrx_word' id='word_1_183' title='bbox 652 2249 706 2310; x_wconf 87' lang='lat' dir='ltr'>sed</span> <span class='ocrx_word' id='word_1_184' title='bbox 728 2267 790 2310; x_wconf 90' lang='lat' dir='ltr'>non</span> <span class='ocrx_word' id='word_1_185' title='bbox 811 2255 845 2310; x_wconf 88' lang='lat' dir='ltr'>ut</span> <span class='ocrx_word' id='word_1_186' title='bbox 867 2265 925 2312; x_wconf 92' lang='lat' dir='ltr'>una</span> <span class='ocrx_word' id='word_1_187' title='bbox 948 2247 1076 2310; x_wconf 83' lang='lat' dir='ltr'>erebus</span> <span class='ocrx_word' id='word_1_188' title='bbox 1091 2245 1215 2320; x_wconf 76' lang='lat' dir='ltr'>creatis3</span> <span class='ocrx_word' id='word_1_189' title='bbox 1237 2247 1332 2307; x_wconf 81' lang='lat' dir='ltr'>taetus</span> <span class='ocrx_word' id='word_1_190' title='bbox 1354 2251 1411 2318; x_wconf 89' lang='lat' dir='ltr'>est,</span> 
     </span>
     <span class='ocr_line' id='line_1_21' title="bbox 181 2339 1411 2428; baseline -0.005 -14"><span class='ocrx_word' id='word_1_191' title='bbox 181 2351 261 2426; x_wconf 89' lang='lat' dir='ltr'>„sed</span> <span class='ocrx_word' id='word_1_192' title='bbox 283 2369 344 2412; x_wconf 93' lang='lat' dir='ltr'>non</span> <span class='ocrx_word' id='word_1_193' title='bbox 367 2358 400 2414; x_wconf 93' lang='lat' dir='ltr'>ut</span> <span class='ocrx_word' id='word_1_194' title='bbox 420 2369 478 2414; x_wconf 87' lang='lat' dir='ltr'>una</span> <span class='ocrx_word' id='word_1_195' title='bbox 502 2369 520 2410; x_wconf 89' lang='lat' dir='ltr'>e</span> <span class='ocrx_word' id='word_1_196' title='bbox 541 2349 633 2410; x_wconf 89' lang='lat' dir='ltr'>rebus</span> <span class='ocrx_word' id='word_1_197' title='bbox 654 2349 758 2424; x_wconf 73' lang='lat' dir='ltr'>iactis3</span> <span class='ocrx_word' id='word_1_198' title='bbox 780 2349 898 2428; x_wconf 76' lang='lat' dir='ltr'>genitus</span> <span class='ocrx_word' id='word_1_199' title='bbox 914 2357 970 2421; x_wconf 91' lang='lat' dir='ltr'>est,</span> <span class='ocrx_word' id='word_1_200' title='bbox 993 2347 1047 2409; x_wconf 91' lang='lat' dir='ltr'>sed</span> <span class='ocrx_word' id='word_1_201' title='bbox 1068 2365 1130 2408; x_wconf 92' lang='lat' dir='ltr'>non</span> <span class='ocrx_word' id='word_1_202' title='bbox 1147 2339 1188 2406; x_wconf 90' lang='lat' dir='ltr'>ut&#39;</span> <span class='ocrx_word' id='word_1_203' title='bbox 1201 2363 1261 2408; x_wconf 89' lang='lat' dir='ltr'>una</span> <span class='ocrx_word' id='word_1_204' title='bbox 1282 2345 1411 2408; x_wconf 85' lang='lat' dir='ltr'>erebus</span> 
     </span>
     <span class='ocr_line' id='line_1_22' title="bbox 180 2447 1413 2529; baseline -0.004 -17"><span class='ocrx_word' id='word_1_205' title='bbox 180 2449 349 2529; x_wconf 77' lang='lat' dir='ltr'>„geoitis.“</span> <span class='ocrx_word' id='word_1_206' title='bbox 401 2449 533 2522; x_wconf 81' lang='lat' dir='ltr'>Quilibet</span> <span class='ocrx_word' id='word_1_207' title='bbox 564 2467 675 2529; x_wconf 89' lang='lat' dir='ltr'>quaeso</span> <span class='ocrx_word' id='word_1_208' title='bbox 704 2450 835 2512; x_wconf 89' lang='lat' dir='ltr'>attendat</span> <span class='ocrx_word' id='word_1_209' title='bbox 862 2449 898 2512; x_wconf 86' lang='lat' dir='ltr'>ad</span> <span class='ocrx_word' id='word_1_210' title='bbox 931 2449 1093 2511; x_wconf 87' lang='lat' dir='ltr'>artificium.</span> <span class='ocrx_word' id='word_1_211' title='bbox 1119 2447 1256 2510; x_wconf 88' lang='lat' dir='ltr'>dolumve</span> <span class='ocrx_word' id='word_1_212' title='bbox 1286 2447 1413 2510; x_wconf 88' lang='lat' dir='ltr'>huiusce</span> 
     </span>
    </p>

    <p class='ocr_par' dir='ltr' id='par_1_5' title="bbox 109 2546 1498 3743">
     <span class='ocr_line' id='line_1_23' title="bbox 182 2546 1498 2631; baseline -0.002 -19"><span class='ocrx_word' id='word_1_213' title='bbox 182 2549 333 2624; x_wconf 86' lang='lat' dir='ltr'>haeresis,</span> <span class='ocrx_word' id='word_1_214' title='bbox 362 2567 524 2629; x_wconf 89' lang='lat' dir='ltr'>quaecum</span> <span class='ocrx_word' id='word_1_215' title='bbox 547 2569 607 2612; x_wconf 91' lang='lat' dir='ltr'>non</span> <span class='ocrx_word' id='word_1_216' title='bbox 630 2551 797 2630; x_wconf 78' lang='lat' dir='ltr'>ignoraret,</span> <span class='ocrx_word' id='word_1_217' title='bbox 828 2567 915 2631; x_wconf 90' lang='lat' dir='ltr'>quam</span> <span class='ocrx_word' id='word_1_218' title='bbox 939 2567 1038 2612; x_wconf 90' lang='lat' dir='ltr'>amara</span> <span class='ocrx_word' id='word_1_219' title='bbox 1060 2557 1141 2612; x_wconf 88' lang='lat' dir='ltr'>esset</span> <span class='ocrx_word' id='word_1_220' title='bbox 1164 2547 1254 2628; x_wconf 90' lang='lat' dir='ltr'>impia</span> <span class='ocrx_word' id='word_1_221' title='bbox 1276 2565 1331 2611; x_wconf 88' lang='lat' dir='ltr'>sua</span> <span class='ocrx_word' id='word_1_222' title='bbox 1353 2546 1498 2610; x_wconf 73' lang='lat' dir='ltr'>do-rast.</span> 
     </span>
     <span class='ocr_line' id='line_1_24' title="bbox 182 2647 1412 2729; baseline -0.006 -14"><span class='ocrx_word' id='word_1_223' title='bbox 182 2652 286 2726; x_wconf 86' lang='lat' dir='ltr'>ctrina,</span> <span class='ocrx_word' id='word_1_224' title='bbox 309 2652 467 2714; x_wconf 81' lang='lat' dir='ltr'>verborum</span> <span class='ocrx_word' id='word_1_225' title='bbox 489 2653 556 2714; x_wconf 79' lang='lat' dir='ltr'>tneo</span> <span class='ocrx_word' id='word_1_226' title='bbox 579 2671 647 2715; x_wconf 86' lang='lat' dir='ltr'>sese</span> <span class='ocrx_word' id='word_1_227' title='bbox 669 2671 813 2716; x_wconf 84' lang='lat' dir='ltr'>exornare</span> <span class='ocrx_word' id='word_1_228' title='bbox 835 2653 909 2728; x_wconf 71' lang='lat' dir='ltr'>nisa,</span> <span class='ocrx_word' id='word_1_229' title='bbox 924 2659 986 2724; x_wconf 89' lang='lat' dir='ltr'>est,</span> <span class='ocrx_word' id='word_1_230' title='bbox 1009 2651 1050 2714; x_wconf 88' lang='lat' dir='ltr'>ita</span> <span class='ocrx_word' id='word_1_231' title='bbox 1071 2660 1104 2714; x_wconf 91' lang='lat' dir='ltr'>ut</span> <span class='ocrx_word' id='word_1_232' title='bbox 1124 2651 1156 2712; x_wconf 87' lang='lat' dir='ltr'>id</span> <span class='ocrx_word' id='word_1_233' title='bbox 1178 2649 1307 2729; x_wconf 90' lang='lat' dir='ltr'>quidem,</span> <span class='ocrx_word' id='word_1_234' title='bbox 1331 2647 1412 2728; x_wconf 88' lang='lat' dir='ltr'>qnod</span> 
     </span>
     <span class='ocr_line' id='line_1_25' title="bbox 183 2747 1412 2835; baseline -0.007 -17"><span class='ocrx_word' id='word_1_235' title='bbox 183 2755 350 2828; x_wconf 86' lang='lat' dir='ltr'>sentiebat,</span> <span class='ocrx_word' id='word_1_236' title='bbox 371 2763 539 2835; x_wconf 88' lang='lat' dir='ltr'>promeret,</span> <span class='ocrx_word' id='word_1_237' title='bbox 562 2775 630 2820; x_wconf 89' lang='lat' dir='ltr'>eum</span> <span class='ocrx_word' id='word_1_238' title='bbox 652 2755 764 2820; x_wconf 82' lang='lat' dir='ltr'>scilicet</span> <span class='ocrx_word' id='word_1_239' title='bbox 785 2765 915 2818; x_wconf 82' lang='lat' dir='ltr'>creatum</span> <span class='ocrx_word' id='word_1_240' title='bbox 937 2773 1016 2828; x_wconf 87' lang='lat' dir='ltr'>esse,</span> <span class='ocrx_word' id='word_1_241' title='bbox 1037 2754 1167 2832; x_wconf 86' lang='lat' dir='ltr'>seipsam</span> <span class='ocrx_word' id='word_1_242' title='bbox 1189 2759 1287 2814; x_wconf 88' lang='lat' dir='ltr'>autem</span> <span class='ocrx_word' id='word_1_243' title='bbox 1310 2747 1412 2813; x_wconf 89' lang='lat' dir='ltr'>ocoul-</span> 
     </span>
     <span class='ocr_line' id='line_1_26' title="bbox 184 2851 1412 2943; baseline -0.005 -25"><span class='ocrx_word' id='word_1_244' title='bbox 184 2865 249 2918; x_wconf 88' lang='lat' dir='ltr'>tare</span> <span class='ocrx_word' id='word_1_245' title='bbox 270 2856 477 2928; x_wconf 85' lang='lat' dir='ltr'>arbitraretur,</span> <span class='ocrx_word' id='word_1_246' title='bbox 500 2873 569 2918; x_wconf 88' lang='lat' dir='ltr'>cum</span> <span class='ocrx_word' id='word_1_247' title='bbox 590 2855 799 2934; x_wconf 75' lang='lat' dir='ltr'>subiungeret:</span> <span class='ocrx_word' id='word_1_248' title='bbox 830 2856 884 2916; x_wconf 91' lang='lat' dir='ltr'>sed</span> <span class='ocrx_word' id='word_1_249' title='bbox 911 2873 973 2918; x_wconf 88' lang='lat' dir='ltr'>nou</span> <span class='ocrx_word' id='word_1_250' title='bbox 1001 2862 1034 2916; x_wconf 90' lang='lat' dir='ltr'>ut</span> <span class='ocrx_word' id='word_1_251' title='bbox 1060 2873 1119 2916; x_wconf 91' lang='lat' dir='ltr'>una</span> <span class='ocrx_word' id='word_1_252' title='bbox 1141 2871 1158 2913; x_wconf 89' lang='lat' dir='ltr'>e</span> <span class='ocrx_word' id='word_1_253' title='bbox 1180 2852 1271 2914; x_wconf 86' lang='lat' dir='ltr'>rebus</span> <span class='ocrx_word' id='word_1_254' title='bbox 1294 2851 1412 2943; x_wconf 76' lang='lat' dir='ltr'>creatis.</span> 
     </span>
     <span class='ocr_line' id='line_1_27' title="bbox 184 2943 1415 3034; baseline -0.005 -18"><span class='ocrx_word' id='word_1_255' title='bbox 184 2955 297 3018; x_wconf 82' lang='lat' dir='ltr'>Verum</span> <span class='ocrx_word' id='word_1_256' title='bbox 317 2955 488 3020; x_wconf 85' lang='lat' dir='ltr'>huiusmodi</span> <span class='ocrx_word' id='word_1_257' title='bbox 510 2953 608 3014; x_wconf 82' lang='lat' dir='ltr'>verbis</span> <span class='ocrx_word' id='word_1_258' title='bbox 632 2973 716 3014; x_wconf 86' lang='lat' dir='ltr'>suam</span> <span class='ocrx_word' id='word_1_259' title='bbox 738 2954 870 3034; x_wconf 89' lang='lat' dir='ltr'>apertius</span> <span class='ocrx_word' id='word_1_260' title='bbox 888 2943 1091 3032; x_wconf 71' lang='lat' dir='ltr'>piisimorum</span> <span class='ocrx_word' id='word_1_261' title='bbox 1105 2949 1297 3028; x_wconf 86' lang='lat' dir='ltr'>impietatem.</span> <span class='ocrx_word' id='word_1_262' title='bbox 1340 2951 1415 3011; x_wconf 88' lang='lat' dir='ltr'>Nam</span> 
     </span>
     <span class='ocr_line' id='line_1_28' title="bbox 186 3049 1415 3134; baseline -0.005 -16"><span class='ocrx_word' id='word_1_263' title='bbox 186 3055 214 3118; x_wconf 91' lang='lat' dir='ltr'>si</span> <span class='ocrx_word' id='word_1_264' title='bbox 237 3055 400 3124; x_wconf 70' lang='lat' dir='ltr'>secumdum</span> <span class='ocrx_word' id='word_1_265' title='bbox 421 3072 476 3116; x_wconf 81' lang='lat' dir='ltr'>vos</span> <span class='ocrx_word' id='word_1_266' title='bbox 499 3061 616 3114; x_wconf 86' lang='lat' dir='ltr'>oreatus</span> <span class='ocrx_word' id='word_1_267' title='bbox 637 3053 723 3134; x_wconf 87' lang='lat' dir='ltr'>piane</span> <span class='ocrx_word' id='word_1_268' title='bbox 745 3063 809 3126; x_wconf 89' lang='lat' dir='ltr'>est,</span> <span class='ocrx_word' id='word_1_269' title='bbox 832 3073 885 3116; x_wconf 88' lang='lat' dir='ltr'>our</span> <span class='ocrx_word' id='word_1_270' title='bbox 907 3051 1096 3117; x_wconf 89' lang='lat' dir='ltr'>simulatione</span> <span class='ocrx_word' id='word_1_271' title='bbox 1117 3049 1235 3112; x_wconf 88' lang='lat' dir='ltr'>utimini</span> <span class='ocrx_word' id='word_1_272' title='bbox 1256 3050 1415 3112; x_wconf 84' lang='lat' dir='ltr'>addentes:</span> 
     </span>
     <span class='ocr_line' id='line_1_29' title="bbox 187 3149 1417 3230; baseline -0.007 -12"><span class='ocrx_word' id='word_1_273' title='bbox 187 3157 325 3220; x_wconf 89' lang='lat' dir='ltr'>sednon</span> <span class='ocrx_word' id='word_1_274' title='bbox 348 3165 381 3218; x_wconf 91' lang='lat' dir='ltr'>ut</span> <span class='ocrx_word' id='word_1_275' title='bbox 402 3165 460 3217; x_wconf 80' lang='lat' dir='ltr'>un&#39;a</span> <span class='ocrx_word' id='word_1_276' title='bbox 483 3175 500 3216; x_wconf 95' lang='lat' dir='ltr'>e</span> <span class='ocrx_word' id='word_1_277' title='bbox 521 3155 611 3215; x_wconf 89' lang='lat' dir='ltr'>rebus</span> <span class='ocrx_word' id='word_1_278' title='bbox 634 3153 765 3216; x_wconf 76' lang='lat' dir='ltr'>creatis?</span> <span class='ocrx_word' id='word_1_279' title='bbox 794 3155 820 3216; x_wconf 90' lang='lat' dir='ltr'>si</span> <span class='ocrx_word' id='word_1_280' title='bbox 849 3156 920 3216; x_wconf 90' lang='lat' dir='ltr'>item</span> <span class='ocrx_word' id='word_1_281' title='bbox 947 3170 1017 3214; x_wconf 85' lang='lat' dir='ltr'>vere</span> <span class='ocrx_word' id='word_1_282' title='bbox 1044 3153 1139 3214; x_wconf 85' lang='lat' dir='ltr'>iactus</span> <span class='ocrx_word' id='word_1_283' title='bbox 1162 3159 1223 3224; x_wconf 91' lang='lat' dir='ltr'>est,</span> <span class='ocrx_word' id='word_1_284' title='bbox 1252 3149 1323 3230; x_wconf 85' lang='lat' dir='ltr'>quid</span> <span class='ocrx_word' id='word_1_285' title='bbox 1345 3149 1417 3212; x_wconf 90' lang='lat' dir='ltr'>illud</span> 
     </span>
     <span class='ocr_line' id='line_1_30' title="bbox 187 3251 1416 3340; baseline -0.007 -20"><span class='ocrx_word' id='word_1_286' title='bbox 187 3257 347 3338; x_wconf 80' lang='lat' dir='ltr'>significat:</span> <span class='ocrx_word' id='word_1_287' title='bbox 378 3256 430 3318; x_wconf 88' lang='lat' dir='ltr'>sed</span> <span class='ocrx_word' id='word_1_288' title='bbox 452 3274 515 3318; x_wconf 89' lang='lat' dir='ltr'>non</span> <span class='ocrx_word' id='word_1_289' title='bbox 537 3263 570 3317; x_wconf 91' lang='lat' dir='ltr'>nt</span> <span class='ocrx_word' id='word_1_290' title='bbox 592 3275 650 3318; x_wconf 92' lang='lat' dir='ltr'>una</span> <span class='ocrx_word' id='word_1_291' title='bbox 672 3275 688 3318; x_wconf 90' lang='lat' dir='ltr'>e</span> <span class='ocrx_word' id='word_1_292' title='bbox 710 3256 800 3318; x_wconf 86' lang='lat' dir='ltr'>rebus</span> <span class='ocrx_word' id='word_1_293' title='bbox 823 3251 932 3318; x_wconf 82' lang='lat' dir='ltr'>iactis?</span> <span class='ocrx_word' id='word_1_294' title='bbox 959 3273 1018 3340; x_wconf 79' lang='lat' dir='ltr'>qua</span> <span class='ocrx_word' id='word_1_295' title='bbox 1048 3253 1182 3333; x_wconf 82' lang='lat' dir='ltr'>proiecto</span> <span class='ocrx_word' id='word_1_296' title='bbox 1211 3252 1303 3325; x_wconf 81' lang='lat' dir='ltr'>inre</span> <span class='ocrx_word' id='word_1_297' title='bbox 1323 3269 1416 3312; x_wconf 82' lang='lat' dir='ltr'>aene.-</span> 
     </span>
     <span class='ocr_line' id='line_1_31' title="bbox 126 3353 1416 3440; baseline -0.008 -16"><span class='ocrx_word' id='word_1_298' title='bbox 126 3435 128 3440; x_wconf 68' lang='lat'>,</span> <span class='ocrx_word' id='word_1_299' title='bbox 185 3379 258 3424; x_wconf 92' lang='lat' dir='ltr'>num</span> <span class='ocrx_word' id='word_1_300' title='bbox 281 3358 414 3420; x_wconf 88' lang='lat' dir='ltr'>haeresis</span> <span class='ocrx_word' id='word_1_301' title='bbox 435 3357 608 3438; x_wconf 83' lang='lat' dir='ltr'>perspicere</span> <span class='ocrx_word' id='word_1_302' title='bbox 629 3359 708 3419; x_wconf 88' lang='lat' dir='ltr'>licet.</span> <span class='ocrx_word' id='word_1_303' title='bbox 753 3359 827 3419; x_wconf 89' lang='lat' dir='ltr'>Cum</span> <span class='ocrx_word' id='word_1_304' title='bbox 847 3357 929 3419; x_wconf 85' lang='lat' dir='ltr'>enim</span> <span class='ocrx_word' id='word_1_305' title='bbox 952 3356 1069 3430; x_wconf 85' lang='lat' dir='ltr'>dieunt,</span> <span class='ocrx_word' id='word_1_306' title='bbox 1092 3373 1160 3416; x_wconf 88' lang='lat' dir='ltr'>eum</span> <span class='ocrx_word' id='word_1_307' title='bbox 1184 3371 1253 3414; x_wconf 88' lang='lat' dir='ltr'>esse</span> <span class='ocrx_word' id='word_1_308' title='bbox 1275 3353 1416 3433; x_wconf 82' lang='lat' dir='ltr'>genitum,</span> 
     </span>
     <span class='ocr_line' id='line_1_32' title="bbox 187 3437 1418 3540; baseline -0.004 -17"><span class='ocrx_word' id='word_1_309' title='bbox 187 3460 324 3524; x_wconf 91' lang='lat' dir='ltr'>sednon</span> <span class='ocrx_word' id='word_1_310' title='bbox 353 3467 386 3523; x_wconf 91' lang='lat' dir='ltr'>ut</span> <span class='ocrx_word' id='word_1_311' title='bbox 412 3477 502 3520; x_wconf 88' lang='lat' dir='ltr'>unam</span> <span class='ocrx_word' id='word_1_312' title='bbox 532 3477 568 3520; x_wconf 80' lang='lat' dir='ltr'>eu</span> <span class='ocrx_word' id='word_1_313' title='bbox 594 3437 686 3522; x_wconf 79' lang='lat' dir='ltr'>rebus</span> <span class='ocrx_word' id='word_1_314' title='bbox 708 3459 831 3540; x_wconf 78' lang='lat' dir='ltr'>genitis,</span> <span class='ocrx_word' id='word_1_315' title='bbox 861 3459 970 3522; x_wconf 89' lang='lat' dir='ltr'>multos</span> <span class='ocrx_word' id='word_1_316' title='bbox 998 3456 1142 3520; x_wconf 88' lang='lat' dir='ltr'>inducunt</span> <span class='ocrx_word' id='word_1_317' title='bbox 1162 3455 1257 3530; x_wconf 88' lang='lat' dir='ltr'>iiiios,</span> <span class='ocrx_word' id='word_1_318' title='bbox 1289 3473 1418 3535; x_wconf 87' lang='lat' dir='ltr'>quorum</span> 
     </span>
     <span class='ocr_line' id='line_1_33' title="bbox 129 3555 1418 3640; baseline -0.007 -16"><span class='ocrx_word' id='word_1_319' title='bbox 129 3601 138 3608; x_wconf 87' lang='lat'>-</span> <span class='ocrx_word' id='word_1_320' title='bbox 185 3579 279 3624; x_wconf 87' lang='lat' dir='ltr'>unum</span> <span class='ocrx_word' id='word_1_321' title='bbox 303 3579 370 3622; x_wconf 87' lang='lat' dir='ltr'>esse</span> <span class='ocrx_word' id='word_1_322' title='bbox 385 3559 543 3622; x_wconf 85' lang='lat' dir='ltr'>Dominum</span> <span class='ocrx_word' id='word_1_323' title='bbox 567 3561 734 3640; x_wconf 87' lang='lat' dir='ltr'>opinantur,</span> <span class='ocrx_word' id='word_1_324' title='bbox 757 3562 798 3623; x_wconf 89' lang='lat' dir='ltr'>ita</span> <span class='ocrx_word' id='word_1_325' title='bbox 820 3569 853 3626; x_wconf 91' lang='lat' dir='ltr'>ut</span> <span class='ocrx_word' id='word_1_326' title='bbox 873 3559 1035 3624; x_wconf 87' lang='lat' dir='ltr'>seeundum</span> <span class='ocrx_word' id='word_1_327' title='bbox 1055 3557 1121 3620; x_wconf 87' lang='lat' dir='ltr'>illos</span> <span class='ocrx_word' id='word_1_328' title='bbox 1143 3557 1201 3618; x_wconf 90' lang='lat' dir='ltr'>iam</span> <span class='ocrx_word' id='word_1_329' title='bbox 1216 3573 1276 3616; x_wconf 90' lang='lat' dir='ltr'>non</span> <span class='ocrx_word' id='word_1_330' title='bbox 1293 3555 1418 3617; x_wconf 88' lang='lat' dir='ltr'>situni·</span> 
     </span>
     <span class='ocr_line' id='line_1_34' title="bbox 109 3655 1417 3743; baseline -0.006 -18"><span class='ocrx_word' id='word_1_331' title='bbox 109 3693 110 3696; x_wconf 36' lang='lat'>¹</span> <span class='ocrx_word' id='word_1_332' title='bbox 187 3663 317 3743; x_wconf 76' lang='lat' dir='ltr'>genitus,</span> <span class='ocrx_word' id='word_1_333' title='bbox 339 3661 393 3724; x_wconf 87' lang='lat' dir='ltr'>sed</span> <span class='ocrx_word' id='word_1_334' title='bbox 416 3681 494 3726; x_wconf 90' lang='lat' dir='ltr'>unos</span> <span class='ocrx_word' id='word_1_335' title='bbox 518 3669 548 3723; x_wconf 93' lang='lat' dir='ltr'>et</span> <span class='ocrx_word' id='word_1_336' title='bbox 569 3661 635 3742; x_wconf 87' lang='lat' dir='ltr'>ipse</span> <span class='ocrx_word' id='word_1_337' title='bbox 655 3661 734 3724; x_wconf 89' lang='lat' dir='ltr'>inter</span> <span class='ocrx_word' id='word_1_338' title='bbox 747 3662 848 3742; x_wconf 89' lang='lat' dir='ltr'>plures</span> <span class='ocrx_word' id='word_1_339' title='bbox 865 3664 971 3726; x_wconf 79' lang='lat' dir='ltr'>trabes</span> <span class='ocrx_word' id='word_1_340' title='bbox 986 3668 1016 3722; x_wconf 91' lang='lat' dir='ltr'>et</span> <span class='ocrx_word' id='word_1_341' title='bbox 1029 3659 1148 3740; x_wconf 79' lang='lat' dir='ltr'>genitus</span> <span class='ocrx_word' id='word_1_342' title='bbox 1163 3665 1194 3719; x_wconf 88' lang='lat' dir='ltr'>et</span> <span class='ocrx_word' id='word_1_343' title='bbox 1214 3655 1290 3720; x_wconf 86' lang='lat' dir='ltr'>tilius</span> <span class='ocrx_word' id='word_1_344' title='bbox 1313 3655 1417 3738; x_wconf 88' lang='lat' dir='ltr'>appel·</span> 
     </span>
    </p>
   </div>
   <div class='ocr_carea' id='block_1_3' title="bbox 186 3871 1529 4608">
    <p class='ocr_par' dir='ltr' id='par_1_6' title="bbox 186 3871 1418 4014">
     <span class='ocr_line' id='line_1_35' title="bbox 186 3871 1418 3960; baseline -0.005 -30"><span class='ocrx_word' id='word_1_345' title='bbox 186 3875 268 3960; x_wconf 57' lang='lat' dir='ltr'>decipe</span> <span class='ocrx_word' id='word_1_346' title='bbox 285 3873 300 3940; x_wconf 74' lang='grc' dir='ltr'><em>ἦ</em></span> <span class='ocrx_word' id='word_1_347' title='bbox 320 3871 430 3949; x_wconf 71' lang='grc' dir='ltr'>αἵρεσις.</span> <span class='ocrx_word' id='word_1_348' title='bbox 466 3876 527 3930; x_wconf 74' lang='lat' dir='ltr'>butu</span> <span class='ocrx_word' id='word_1_349' title='bbox 540 3881 628 3943; x_wconf 82' lang='lat' dir='ltr'>aliique</span> <span class='ocrx_word' id='word_1_350' title='bbox 639 3875 716 3939; x_wconf 72' lang='lat' dir='ltr'>iriae</span> <span class='ocrx_word' id='word_1_351' title='bbox 733 3877 779 3937; x_wconf 76' lang='grc' dir='ltr'>καὶ</span> <span class='ocrx_word' id='word_1_352' title='bbox 864 3883 881 3930; x_wconf 86' lang='lat' dir='ltr'>t.</span> <span class='ocrx_word' id='word_1_353' title='bbox 899 3882 999 3942; x_wconf 75' lang='lat' dir='ltr'>segnes.</span> <span class='ocrx_word' id='word_1_354' title='bbox 1017 3871 1139 3928; x_wconf 65' lang='lat' dir='ltr'>dedorim.</span> <span class='ocrx_word' id='word_1_355' title='bbox 1175 3875 1418 3928; x_wconf 65' lang='lat' dir='ltr'>conterminium.</span> 
     </span>
     <span class='ocr_line' id='line_1_36' title="bbox 187 3941 1039 4014; baseline -0.001 -17"><span class='ocrx_word' id='word_1_356' title='bbox 187 3943 336 4014; x_wconf 70' lang='grc' dir='ltr'><strong><em>ἥαιρεσις.</em></strong></span> <span class='ocrx_word' id='word_1_357' title='bbox 380 3949 473 3998; x_wconf 86' lang='lat' dir='ltr'>ibidem</span> <span class='ocrx_word' id='word_1_358' title='bbox 497 3949 520 3996; x_wconf 89' lang='lat' dir='ltr'>io</span> <span class='ocrx_word' id='word_1_359' title='bbox 545 3961 602 3996; x_wconf 88' lang='lat' dir='ltr'>mss.</span> <span class='ocrx_word' id='word_1_360' title='bbox 628 3949 728 4010; x_wconf 74' lang='lat' dir='ltr'>Segner.</span> <span class='ocrx_word' id='word_1_361' title='bbox 755 3959 778 3998; x_wconf 88' lang='lat' dir='ltr'>et</span> <span class='ocrx_word' id='word_1_362' title='bbox 828 3941 1039 4008; x_wconf 64' lang='lat' dir='ltr'>Medontidae.</span> 
     </span>
    </p>

    <p class='ocr_par' dir='ltr' id='par_1_7' title="bbox 189 4005 1422 4094">
     <span class='ocr_line' id='line_1_37' title="bbox 189 4005 1422 4094; baseline -0.007 -9"><span class='ocrx_word' id='word_1_363' title='bbox 189 4018 246 4080; x_wconf 65' lang='lat'>⁸⁰8·</span> <span class='ocrx_word' id='word_1_364' title='bbox 266 4017 407 4066; x_wconf 66' lang='lat' dir='ltr'>¹¹⁸²⁶V²fb²</span> <span class='ocrx_word' id='word_1_365' title='bbox 421 4013 459 4080; x_wconf 56' lang='grc' dir='ltr'>’ᾧ</span> <span class='ocrx_word' id='word_1_366' title='bbox 467 4009 604 4080; x_wconf 52' lang='grc' dir='ltr'>μακαρίτῃ</span> <span class='ocrx_word' id='word_1_367' title='bbox 616 4005 777 4094; x_wconf 55' lang='grc' dir='ltr'>ᾎλῑξᾶνδρφ</span> <span class='ocrx_word' id='word_1_368' title='bbox 863 4047 886 4094; x_wconf 75' lang='lat' dir='ltr'>g.</span> <span class='ocrx_word' id='word_1_369' title='bbox 904 4033 945 4080; x_wconf 86' lang='lat' dir='ltr'>Sic</span> <span class='ocrx_word' id='word_1_370' title='bbox 967 4032 1068 4091; x_wconf 71' lang='lat' dir='ltr'>sepner.</span> <span class='ocrx_word' id='word_1_371' title='bbox 1092 4035 1116 4076; x_wconf 85' lang='lat' dir='ltr'>et</span> <span class='ocrx_word' id='word_1_372' title='bbox 1138 4025 1243 4075; x_wconf 77' lang='lat' dir='ltr'>Feictm.</span> <span class='ocrx_word' id='word_1_373' title='bbox 1261 4025 1285 4076; x_wconf 81' lang='lat' dir='ltr'>t.</span> <span class='ocrx_word' id='word_1_374' title='bbox 1322 4025 1348 4076; x_wconf 89' lang='lat' dir='ltr'>iu</span> <span class='ocrx_word' id='word_1_375' title='bbox 1367 4025 1422 4076; x_wconf 84' lang='lat' dir='ltr'>aliis</span> 
     </span>
    </p>

    <p class='ocr_par' dir='ltr' id='par_1_8' title="bbox 187 4083 1529 4608">
     <span class='ocr_line' id='line_1_38' title="bbox 187 4083 1529 4149; baseline -0.004 -15"><span class='ocrx_word' id='word_1_376' title='bbox 187 4093 255 4134; x_wconf 77' lang='lat' dir='ltr'>reeta</span> <span class='ocrx_word' id='word_1_377' title='bbox 273 4085 412 4136; x_wconf 78' lang='lat' dir='ltr'>referuntur</span> <span class='ocrx_word' id='word_1_378' title='bbox 429 4085 460 4132; x_wconf 88' lang='lat' dir='ltr'>ad</span> <span class='ocrx_word' id='word_1_379' title='bbox 479 4083 656 4146; x_wconf 79' lang='lat' dir='ltr'>praecedentia,</span> <span class='ocrx_word' id='word_1_380' title='bbox 676 4091 700 4132; x_wconf 90' lang='lat' dir='ltr'>ut</span> <span class='ocrx_word' id='word_1_381' title='bbox 712 4093 778 4134; x_wconf 85' lang='lat' dir='ltr'>otu·</span> <span class='ocrx_word' id='word_1_382' title='bbox 831 4109 855 4149; x_wconf 52' lang='grc' dir='ltr'>ει</span> <span class='ocrx_word' id='word_1_383' title='bbox 873 4101 944 4149; x_wconf 53' lang='lat' dir='ltr'>edm,</span> <span class='ocrx_word' id='word_1_384' title='bbox 962 4099 1031 4147; x_wconf 56' lang='grc' dir='ltr'>,Μ</span> <span class='ocrx_word' id='word_1_385' title='bbox 1049 4087 1101 4143; x_wconf 55' lang='grc' dir='ltr'>ὅτι,</span> <span class='ocrx_word' id='word_1_386' title='bbox 1526 4093 1529 4100; x_wconf 95' lang='grc'><strong><em>·</em></strong></span> 
     </span>
     <span class='ocr_line' id='line_1_39' title="bbox 187 4151 1422 4234; baseline -0.005 -34"><span class='ocrx_word' id='word_1_387' title='bbox 187 4151 262 4201; x_wconf 87' lang='lat' dir='ltr'>datur</span> <span class='ocrx_word' id='word_1_388' title='bbox 280 4151 495 4213; x_wconf 69' lang='lat' dir='ltr'>iegiaseNauniua,</span> <span class='ocrx_word' id='word_1_389' title='bbox 514 4151 553 4213; x_wconf 82' lang='lat' dir='ltr'>qni</span> <span class='ocrx_word' id='word_1_390' title='bbox 572 4152 654 4200; x_wconf 83' lang='lat' dir='ltr'>uertit:</span> <span class='ocrx_word' id='word_1_391' title='bbox 673 4165 780 4214; x_wconf 80' lang='lat' dir='ltr'>pucsper</span> <span class='ocrx_word' id='word_1_392' title='bbox 1053 4181 1097 4234; x_wconf 61' lang='grc' dir='ltr'>,λλ</span> <span class='ocrx_word' id='word_1_393' title='bbox 1171 4179 1179 4196; x_wconf 77' lang='grc'><strong>.</strong></span> <span class='ocrx_word' id='word_1_394' title='bbox 1219 4159 1256 4196; x_wconf 82' lang='grc'>’.</span> <span class='ocrx_word' id='word_1_395' title='bbox 1287 4177 1318 4233; x_wconf 58' lang='grc' dir='ltr'>ὕῐ</span> <span class='ocrx_word' id='word_1_396' title='bbox 1402 4177 1422 4216; x_wconf 47' lang='lat'>.-</span> 
     </span>
     <span class='ocr_line' id='line_1_40' title="bbox 190 4191 1409 4300; baseline -0.004 -32"><span class='ocrx_word' id='word_1_397' title='bbox 190 4219 217 4268; x_wconf 83' lang='lat' dir='ltr'>e&#39;d</span> <span class='ocrx_word' id='word_1_398' title='bbox 234 4222 350 4286; x_wconf 83' lang='lat' dir='ltr'>temporis,</span> <span class='ocrx_word' id='word_1_399' title='bbox 368 4235 419 4270; x_wconf 83' lang='lat' dir='ltr'>eum</span> <span class='ocrx_word' id='word_1_400' title='bbox 435 4221 482 4268; x_wconf 78' lang='lat' dir='ltr'>isto</span> <span class='ocrx_word' id='word_1_401' title='bbox 500 4220 602 4268; x_wconf 68' lang='lat' dir='ltr'>bonaria</span> <span class='ocrx_word' id='word_1_402' title='bbox 620 4219 648 4268; x_wconf 86' lang='lat' dir='ltr'>nb</span> <span class='ocrx_word' id='word_1_403' title='bbox 666 4219 779 4280; x_wconf 64' lang='lat' dir='ltr'>rispam-</span> <span class='ocrx_word' id='word_1_404' title='bbox 867 4191 890 4240; x_wconf 53' lang='grc' dir='ltr'>ᾖ·</span> <span class='ocrx_word' id='word_1_405' title='bbox 910 4191 1008 4251; x_wconf 59' lang='lat'>3⁰3⁰⁰¹²</span> <span class='ocrx_word' id='word_1_406' title='bbox 1025 4201 1068 4268; x_wconf 52' lang='lat'>&#39;¹2²0</span> <span class='ocrx_word' id='word_1_407' title='bbox 1098 4199 1130 4234; x_wconf 65' lang='grc' dir='ltr'>ω’</span> <span class='ocrx_word' id='word_1_408' title='bbox 1146 4197 1294 4300; x_wconf 59' lang='lat' dir='ltr'>’&#39;“gfmi</span> <span class='ocrx_word' id='word_1_409' title='bbox 1320 4197 1409 4249; x_wconf 57' lang='lat'>‘⁰79³</span> 
     </span>
     <span class='ocr_line' id='line_1_41' title="bbox 188 4251 1359 4350; baseline -0.007 -42"><span class='ocrx_word' id='word_1_410' title='bbox 188 4293 268 4347; x_wconf 53' lang='lat' dir='ltr'>nm,</span> <span class='ocrx_word' id='word_1_411' title='bbox 294 4289 357 4350; x_wconf 56' lang='grc' dir='ltr'>(Μ</span> <span class='ocrx_word' id='word_1_412' title='bbox 380 4289 459 4342; x_wconf 54' lang='lat' dir='ltr'>bem</span> <span class='ocrx_word' id='word_1_413' title='bbox 481 4287 604 4336; x_wconf 56' lang='lat' dir='ltr'>mmm</span> <span class='ocrx_word' id='word_1_414' title='bbox 627 4286 783 4336; x_wconf 53' lang='lat' dir='ltr'><strong><em>Almam</em></strong></span> <span class='ocrx_word' id='word_1_415' title='bbox 834 4263 936 4320; x_wconf 82' lang='grc' dir='ltr'><strong><em>ψαντες</em></strong></span> <span class='ocrx_word' id='word_1_416' title='bbox 952 4251 1034 4304; x_wconf 74' lang='grc' dir='ltr'><em>πλέον</em></span> <span class='ocrx_word' id='word_1_417' title='bbox 1052 4251 1165 4320; x_wconf 75' lang='grc' dir='ltr'>ηλεγξαν</span> <span class='ocrx_word' id='word_1_418' title='bbox 1200 4265 1229 4300; x_wconf 81' lang='lat' dir='ltr'>eo</span> <span class='ocrx_word' id='word_1_419' title='bbox 1247 4265 1359 4301; x_wconf 81' lang='grc' dir='ltr'><em>τουτων.</em></span> 
     </span>
     <span class='ocr_line' id='line_1_42' title="bbox 191 4339 1421 4418; baseline -0.012 -16"><span class='ocrx_word' id='word_1_420' title='bbox 191 4355 243 4404; x_wconf 79' lang='lat' dir='ltr'>sois</span> <span class='ocrx_word' id='word_1_421' title='bbox 270 4356 365 4418; x_wconf 78' lang='lat' dir='ltr'>seriptis</span> <span class='ocrx_word' id='word_1_422' title='bbox 391 4355 520 4404; x_wconf 73' lang='lat' dir='ltr'>ediderunt.</span> <span class='ocrx_word' id='word_1_423' title='bbox 548 4354 696 4414; x_wconf 75' lang='lat' dir='ltr'>Scripseram</span> <span class='ocrx_word' id='word_1_424' title='bbox 723 4355 783 4402; x_wconf 81' lang='lat' dir='ltr'>caim</span> <span class='ocrx_word' id='word_1_425' title='bbox 868 4353 884 4402; x_wconf 89' lang='lat' dir='ltr'>i.</span> <span class='ocrx_word' id='word_1_426' title='bbox 913 4353 954 4402; x_wconf 87' lang='lat' dir='ltr'>Sic</span> <span class='ocrx_word' id='word_1_427' title='bbox 979 4365 1038 4400; x_wconf 84' lang='lat' dir='ltr'>msa.</span> <span class='ocrx_word' id='word_1_428' title='bbox 1078 4351 1106 4398; x_wconf 78' lang='lat' dir='ltr'>bt</span> <span class='ocrx_word' id='word_1_429' title='bbox 1130 4350 1153 4396; x_wconf 86' lang='lat' dir='ltr'>in</span> <span class='ocrx_word' id='word_1_430' title='bbox 1178 4345 1248 4396; x_wconf 88' lang='lat' dir='ltr'>editis</span> <span class='ocrx_word' id='word_1_431' title='bbox 1270 4339 1318 4394; x_wconf 75' lang='lat' dir='ltr'>xci</span> <span class='ocrx_word' id='word_1_432' title='bbox 1345 4343 1421 4390; x_wconf 82' lang='lat' dir='ltr'>deest.</span> 
     </span>
     <span class='ocr_line' id='line_1_43' title="bbox 194 4393 1424 4488; baseline -0.009 -22"><span class='ocrx_word' id='word_1_433' title='bbox 194 4426 240 4468; x_wconf 86' lang='lat' dir='ltr'>stc.</span> <span class='ocrx_word' id='word_1_434' title='bbox 275 4425 304 4468; x_wconf 84' lang='lat' dir='ltr'>tt</span> <span class='ocrx_word' id='word_1_435' title='bbox 326 4421 348 4470; x_wconf 89' lang='lat' dir='ltr'>in</span> <span class='ocrx_word' id='word_1_436' title='bbox 373 4419 478 4470; x_wconf 75' lang='lat' dir='ltr'>editione</span> <span class='ocrx_word' id='word_1_437' title='bbox 502 4419 631 4470; x_wconf 85' lang='lat' dir='ltr'>Parisieusi</span> <span class='ocrx_word' id='word_1_438' title='bbox 656 4426 679 4468; x_wconf 89' lang='lat' dir='ltr'>at</span> <span class='ocrx_word' id='word_1_439' title='bbox 698 4420 783 4488; x_wconf 77' lang='lat' dir='ltr'>Coton.</span> <span class='ocrx_word' id='word_1_440' title='bbox 835 4418 888 4467; x_wconf 76' lang='lat' dir='ltr'>idox</span> <span class='ocrx_word' id='word_1_441' title='bbox 906 4418 1046 4479; x_wconf 72' lang='lat' dir='ltr'>Segestica.</span> <span class='ocrx_word' id='word_1_442' title='bbox 1065 4425 1089 4464; x_wconf 92' lang='lat' dir='ltr'>et</span> <span class='ocrx_word' id='word_1_443' title='bbox 1107 4411 1247 4463; x_wconf 67' lang='lat' dir='ltr'>deiciamd</span> <span class='ocrx_word' id='word_1_444' title='bbox 1272 4405 1302 4458; x_wconf 74' lang='lat' dir='ltr'>ie</span> <span class='ocrx_word' id='word_1_445' title='bbox 1320 4393 1360 4484; x_wconf 70' lang='lat'>⁰¹⁶,</span> <span class='ocrx_word' id='word_1_446' title='bbox 1376 4400 1424 4454; x_wconf 72' lang='grc' dir='ltr'>καὶ</span> 
     </span>
     <span class='ocr_line' id='line_1_44' title="bbox 191 4461 1424 4608; baseline -0.006 -76"><span class='ocrx_word' id='word_1_447' title='bbox 191 4485 259 4534; x_wconf 84' lang='lat' dir='ltr'>mate</span> <span class='ocrx_word' id='word_1_448' title='bbox 276 4489 406 4549; x_wconf 65' lang='lat' dir='ltr'>iunguntur</span> <span class='ocrx_word' id='word_1_449' title='bbox 423 4501 478 4538; x_wconf 86' lang='lat' dir='ltr'>cnm</span> <span class='ocrx_word' id='word_1_450' title='bbox 492 4478 624 4552; x_wconf 77' lang='grc' dir='ltr'>ἔγραψαν</span> <span class='ocrx_word' id='word_1_451' title='bbox 640 4480 744 4538; x_wconf 76' lang='grc' dir='ltr'><em>τοίνυν.</em></span> <span class='ocrx_word' id='word_1_452' title='bbox 836 4477 886 4533; x_wconf 79' lang='grc' dir='ltr'>τὸν</span> <span class='ocrx_word' id='word_1_453' title='bbox 904 4475 947 4533; x_wconf 80' lang='lat' dir='ltr'>io&#39;r</span> <span class='ocrx_word' id='word_1_454' title='bbox 965 4491 1010 4536; x_wconf 84' lang='lat' dir='ltr'>etc.</span> <span class='ocrx_word' id='word_1_455' title='bbox 1044 4482 1107 4535; x_wconf 74' lang='lat' dir='ltr'>butu</span> <span class='ocrx_word' id='word_1_456' title='bbox 1125 4489 1150 4530; x_wconf 86' lang='lat' dir='ltr'>ot</span> <span class='ocrx_word' id='word_1_457' title='bbox 1163 4479 1219 4608; x_wconf 31' lang='grc' dir='ltr'>1ιῑιΙὲὶι</span> <span class='ocrx_word' id='word_1_458' title='bbox 1232 4469 1262 4540; x_wconf 68' lang='grc' dir='ltr'>ἐν</span> <span class='ocrx_word' id='word_1_459' title='bbox 1276 4461 1295 4542; x_wconf 73' lang='grc' dir='ltr'><em>ᾗ</em></span> <span class='ocrx_word' id='word_1_460' title='bbox 1311 4485 1358 4522; x_wconf 78' lang='grc' dir='ltr'>και</span> <span class='ocrx_word' id='word_1_461' title='bbox 1376 4481 1424 4524; x_wconf 80' lang='lat' dir='ltr'>eto·</span> 
     </span>
    </p>
   </div>
   <div class='ocr_carea' id='block_1_4' title="bbox 0 0 1634 5048">
    <p class='ocr_par' dir='ltr' id='par_1_9' title="bbox 0 0 1634 5048">
     <span class='ocr_line' id='line_1_45' title="bbox 0 0 1634 5048; baseline 0 0"><span class='ocrx_word' id='word_1_462' title='bbox 0 0 1634 5048; x_wconf 95' lang='lat' dir='ltr'> </span> 
     </span>
    </p>
   </div>
  </div>
 </body>
</html>
