3212 5060
552 281 719 328 onustoru.
735 278 850 322 cosroe
864 241 1024 367 lauros..
1309 267 1370 332 519

158 351 343 508 „ldaesareae
371 432 517 514 Philippi,
549 430 742 512 interrogarit
764 380 943 509 discipulos,
974 447 1063 509 quem
1090 448 1123 492 se
1151 449 1220 494 esse
1243 432 1455 496 diserentrms.

156 535 335 611 „bominem
358 555 422 598 eum
446 536 516 598 item
538 536 569 598 in
590 533 762 598 Bethaniam
783 531 969 606 advenisset,
997 530 1164 594 sciscitatus
1186 541 1233 594 est
1254 534 1372 596 ubinam

156 636 292 710 „iaceret
312 635 458 712 Lazarum
486 645 638 717 praeterea
661 634 814 716 discipulis
836 633 890 695 ait:
924 634 1005 707 Quot
1023 651 1120 714 portes
1144 633 1288 712 bebetis?
1314 637 1373 709 Qut

155 737 285 819 ‚,igitur,
315 739 466 819 inquiunt,
484 739 559 802 ¹lieri
587 745 702 820 potest,
730 745 764 798 ut
783 735 833 799 ille
855 736 894 797 sit
914 735 1074 815 supientia,
1105 729 1209 815 qui'in
1230 736 1374 818 sapientia

134 840 317 928 ·„prolioit,
340 849 369 904 et
390 859 424 904 ea
445 843 555 916 nescit,
577 860 651 921 quae
673 839 709 902 ab
733 837 797 900 aliis
820 843 902 914 optat
923 835 1082 898 discerei“
1119 836 1152 898 ld
1174 837 1262 900 etiam
1285 838 1374 902 iidem

157 941 273 1004 dicunt:
304 941 383 1015 „Qut
404 951 505 1023 potest
526 942 575 1024 ille
595 941 751 1022 proprium
772 937 869 1000 Patris
891 935 1020 998 Verbum
1042 956 1125 1008 esse,
1147 938 1211 1001 sine
1233 960 1291 1020 quo
1313 959 1374 1004 nou

91 1039 96 1050 '
156 1042 240 1116 „luit
260 1042 416 1124 aliquando
429 1037 535 1116 Pater,
558 1050 588 1106 et
608 1061 663 1122 per
684 1039 764 1122 quod
787 1037 885 1100 omnia
908 1037 1006 1110 efficit,
1029 1047 1060 1098 ot
1081 1046 1178 1100 vestra
1194 1050 1239 1102 est
1252 1051 1376 1104 seruen-

158 1143 241 1218 „tia,
263 1146 312 1224 qui
335 1147 367 1208 in
389 1162 475 1206 oruoe
499 1143 654 1205 clamabat:
691 1142 774 1204 Deua
796 1159 895 1211 ineos.
917 1139 999 1202 Beata
1021 1158 1120 1215 meus,
1149 1159 1243 1219 quare
1266 1144 1377 1206 dereli-

157 1251 279 1328 „qtrirti
297 1244 370 1308 mei.
390 1245 439 1306 Sic
460 1242 547 1304 etiam
569 1251 707 1322 precatus
730 1248 807 1302 erat:
838 1240 984 1321 Glorr‘fico
1005 1259 1113 1302 nemea
1135 1249 1230 1311 tuom,
1252 1248 1282 1302 et
1304 1242 1378 1305 Glo-

158 1347 276 1426 „rifieo
295 1364 354 1414 me,
387 1343 493 1414 Potor,
520 1343 621 1423 qlorr'o
643 1361 730 1424 quom
754 1341 845 1404 bodtri
864 1343 945 1422 opud
973 1353 1016 1412 te,
1044 1345 1229 1422 priusquam
1246 1343 1375 1404 mondus
1404 1369 1406 1376 ·

159 1445 285 1525 „peret
318 1445 458 1505 Precatus
481 1442 551 1504 item
574 1442 671 1506 estin
692 1441 860 1516 solitudine,
883 1441 1102 1523 discipulosque
1124 1449 1169 1540 eqt
1188 1441 1325 1504 hortatus
1340 1443 1377 1506 ad

160 1545 349 1620 „orandum
376 1563 415 1606 ne
436 1544 631 1606 intrarentin
654 1544 856 1607 tentationem.
900 1543 937 1604 Et
958 1542 1094 1624 Spiritus
1117 1544 1250 1624 quidem,
1272 1544 1378 1620 aiebnt,

158 1657 326 1727 „promtus
355 1657 414 1718 est,
445 1663 516 1708 mro
546 1656 645 1708 notem
672 1645 810 1726 infirme,
843 1654 888 1706 et:
923 1643 967 1707 De
996 1645 1042 1708 dte
1064 1656 1092 1706 et
1115 1645 1192 1708 baro
1213 1645 1376 1710 iltouemo

157 1751 284 1824 „morib
317 1765 411 1828 eaque
438 1745 545 1826 Aoqelr'
572 1763 667 1828 reque
692 1744 821 1808 mttere·
870 1744 913 1806 Ex
945 1745 1052 1825 quibus
1078 1745 1153 1809 lonis
1181 1747 1221 1810 ita
1248 1747 1376 1829 improbi

155 1837 411 1929 argumentantur:
436 1847 500 1922 ,st
524 1857 554 1912 ut
576 1867 630 1909 vos
651 1847 772 1927 putatis,
796 1865 915 1926 semper
928 1847 1020 1910 Filius
1044 1849 1122 1928 apud
1143 1849 1259 1912 Patrem
1281 1851 1375 1914 exsti·

156 1952 285 2026 „tisset,
313 1949 390 2013 diem
419 1949 500 2012 illum
522 1950 643 2012 minime
665 1947 830 2028 ignoraret,
860 1950 912 2013 sed
942 1957 1079 2029 tunquam
1108 1949 1234 2012 Verbum
1263 1969 1375 2032 eogno-

159 2059 294 2126 ‚,soeret,
317 2071 373 2115 uec
393 2053 464 2114 item
487 2071 502 2113 a
520 2052 611 2142 'Patre
634 2050 897 2130 derelinqueretur,
921 2051 970 2130 qui
986 2071 1042 2112 una
1059 2070 1125 2112 oum
1141 2051 1207 2130 ipso
1227 2053 1376 2129 existeret,

159 2171 242 2228 „nee
262 2153 384 2234 gloriam
407 2153 582 2232 postularet,
602 2157 693 2230 'quam
715 2153 745 2212 iu
768 2152 855 2213 Patre
876 2151 1008 2228 haberet,
1031 2171 1086 2214 neo
1105 2153 1231 2233 denique
1252 2172 1376 2233 prorsus

157 2265 362 2336 „precaretun
386 2257 495 2335 quippe
517 2252 566 2333 qui
589 2259 623 2314 ut
637 2251 764 2314 Verbum
787 2251 866 2312 nulla
889 2251 1009 2313 omnino
1031 2271 1064 2313 re
1079 2252 1234 2332 indigeret.
1267 2253 1460 2318 Verumrcrr.

158 2358 253 2436 „quia
276 2365 306 2418 et
326 2363 444 2418 oreatus
466 2353 645 2414 erat'etuna
662 2351 782 2416 erebus
805 2352 900 2423 lactis,
923 2352 992 2413 binc
1014 2351 1052 2413 ita
1075 2351 1250 2432 loquebatur
1270 2353 1376 2434 hisq'ue

159 2504 178 2532 „
186 2456 350 2534 indigebat,
378 2473 453 2534 quae
475 2473 535 2515 non
557 2454 623 2534 ipse
645 2451 778 2516 babebat.
825 2452 976 2532 Siquidem
999 2471 1098 2516 rerum
1120 2462 1283 2517 creatorum
1304 2475 1376 2537 pro-

160 2557 285 2640 „prium
307 2567 353 2618 est
375 2557 421 2618 bis
443 2556 586 2634 indigere,
609 2573 683 2636 quae
706 2574 765 2618 uon
786 2555 928 2618 halsow
1173 2617 1176 2626 ,
1231 2549 1235 2558 “
1291 2569 1294 2580 ·

243 2661 294 2724 27.
338 2658 419 2720 llaec
451 2658 539 2738 igitur
571 2668 656 2733 sunt,
689 2678 763 2738 quae
792 2658 874 2740 impii
902 2657 1077 2720 insaniendo
1109 2659 1274 2739 proterunt.
1319 2661 1376 2735 Qui

158 2761 292 2841 quidem,
315 2781 381 2824 cum
403 2779 453 2824 res
475 2760 646 2824 huiusmodi
668 2763 808 2842 cogitent,
830 2767 959 2841 possent
979 2761 1065 2822 etiam
1088 2759 1226 2823 audacius
1249 2761 1375 2822 interro-

159 2883 245 2942 gare,
277 2883 366 2941 quaro
399 2865 519 2929 omuino
553 2864 680 2926 Verbum
712 2883 780 2924 earo
814 2865 921 2924 laetum
949 2863 1003 2935 sit,
1036 2870 1154 2940 tumque
1183 2859 1375 2939 subiungere:

161 2963 345 3038 „Quomodo
370 2964 448 3024 enim
470 2964 529 3035 ille,
551 2963 602 3042 qui
622 2963 700 3024 Deus
723 2973 795 3036 erat,
818 2963 909 3025 bomo
931 2963 1028 3042 potuit
1049 2961 1136 3024 lieri?
1158 2961 1208 3022 Vel
1226 2960 1375 3039 quomodo

161 3061 255 3137 „ille,
287 3063 338 3142 qui
366 3062 501 3140 corporis
524 3080 628 3140 expers
655 3071 719 3138 est,
753 3083 861 3142 corpus
893 3063 990 3142 potuit
1010 3060 1176 3142 gestare?“
1213 3060 1277 3120 lmo
1305 3059 1376 3138 quin

159 3162 286 3227 ludaeos
307 3162 407 3245 potius
429 3162 580 3224 imitentur
601 3172 632 3226 et
652 3182 718 3226 oum
741 3164 851 3244 Caiphs
872 3165 1012 3226 clament:
1051 3162 1131 3236 „Cur
1154 3160 1304 3236 Christus,
1327 3162 1376 3241 qui

160 3265 279 3340 „homo
294 3273 364 3339 est,
388 3264 520 3344 seipsum
541 3263 635 3326 Deum
656 3265 770 3328 leeiti“
799 3265 850 3350 his
871 3267 1001 3358 animat
1023 3262 1167 3326 similibus
1190 3263 1378 3325 sermonibus

158 3409 294 3536 ‘retr
311 3417 602 3536 rra
622 3417 644 3470 ¹·
793 3419 898 3538 rtr-
914 3419 939 3536 t·

158 3501 276 3538 eus.
340 3500 514 3536 uestro
598 3521 604 3533 .
811 3501 938 3537 ern..
1284 3521 1290 3534 .

183 3501 210 3606 l.
234 3555 274 3604 Sic
292 3555 347 3615 lieg.
366 3555 387 3604 i·
405 3562 428 3604 ot
446 3501 542 3616 sigolt.
585 3554 663 3605 Ceteri
686 3570 743 3606 reru
827 3570 848 3618 g.
868 3557 925 3618 lieg.
946 3502 1093 3615 lySeguer.
1113 3553 1209 3604 Gobler.
1224 3499 1254 3604 ert
1269 3552 1373 3604 Felebrn.

160 3633 183 3672 et
201 3623 257 3673 editi
275 3615 320 3669 roi
339 3622 385 3682 τῆς
402 3613 475 3688 dique
483 3613 570 3674 οὐδεὶς
578 3609 660 3679 older,
680 3614 742 3672 οὔτε
794 3615 887 3688 1.γὰρ
904 3615 984 3688 λόγος
1001 3611 1047 3670 uir.
1089 3621 1149 3672 Edrti
1168 3629 1192 3671 et
1209 3620 1248 3670 olii
1266 3611 1321 3688 γὰρ
1340 3613 1376 3676 nir

160 3682 188 3738 oi
211 3681 335 3755 ἄγγελοι,
362 3681 428 3739 οὔτε.
465 3691 538 3739 Proto
562 3698 617 3753 post
642 3691 697 3754 lieg.
719 3692 740 3742 l.
784 3669 934 3754 ὶόγοςῶν.
972 3691 1061 3739 ibidem
1080 3688 1179 3740 tre.t.
1197 3697 1220 3739 et
1235 3689 1374 3752 Saguerbn.

160 3760 258 3821 Segoer.
283 3757 462 3818 Bssib‘bnglis.
481 3757 577 3808 (indier.
595 3767 619 3808 et
635 3759 741 3810 Felelm.
790 3750 890 3817 ἐπειδή.
927 3757 1087 3808 stiterimus
1107 3705 1171 3807 llrst.

162 3827 185 3877 1.
201 3820 271 3874 κατὰ
288 3819 338 3884 τὴν
354 3819 487 3891 ὑμετέραν
504 3819 638 3880 διάνοιαν,
649 3829 689 3877 obt
700 3829 740 3876 otii
823 3828 847 3876 h.
866 3829 921 3884 fleg.
944 3827 964 3874 l,
983 3826 1113 3887 etSoguer.
1131 3818 1374 3890 διαλογιζομένους.

161 3903 184 3944 et
208 3894 281 3948 editio
306 3893 447 3944 commotio.
467 3884 599 3971 ἡμετέραν
616 3893 739 3944 mendose.
790 3893 868 3944 Ceteri
887 3893 983 3943 elediti
1002 3887 1196 3958 λογιζομένους,
1237 3892 1297 3942 lbid.
1317 3891 1374 3954 lieg.

160 3960 219 4014 lbid.
239 3962 295 4022 ling.
307 3961 328 4010 l.
347 3960 485 4022 Sequerian.
503 3951 633 4025 ὖπαρχων
650 3953 664 4007 ὃ
681 3953 740 4013 uide
791 3961 814 4010 t.
832 3962 931 4024 Segner.
956 3961 1053 4012 Gohter.
1078 3969 1101 4010 et
1125 3960 1228 4010 Fetclm.
1249 3961 1271 4010 1.
1288 3951 1374 4008 εἰπεῖν

160 4023 229 4109 πρὸς
246 4020 389 4082 τὸνθεόν,
416 4019 470 4076 οὔτ’
490 4018 525 4074 ἂν
547 4019 662 4091 ἠγνόησε
677 4021 740 4094 περὶ
788 4024 842 4076 καί.
879 4027 923 4077 biii
941 4035 965 4076 et
982 4029 1038 4078 editt
1056 4020 1140 4077 εἰπεῖν
1157 4020 1255 4080 αὐτοὺς
1269 4022 1324 4078 καί.

160 4086 737 4216 ili’lll⁹i‘'e⁶l²srlll⁰'i²iivlil⁶⁷il'
792 4098 849 4214 aii
865 4095 1033 4212 dimitti·
1060 4103 1084 4145 ‘²
1101 4097 1199 4159 ⁸⁰⁸“⁰‘'
1239 4100 1268 4145 ⁸⁸
1290 4095 1330 4146 '¹¹⁵
1349 4102 1374 4146 “

159 4235 223 4285 Editi
239 4178 366 4282 dodwellus
381 4223 512 4298 ὑπάρχων
526 4177 738 4298 nqteztullstv,
826 4231 847 4280 l.
867 4231 906 4280 Sic
924 4231 978 4293 fleg.
996 4231 1016 4280 l.
1035 4231 1172 4292 Segrreriro.
1191 4229 1328 4282 Goblerirn.
1348 4235 1372 4278 et
1422 4239 1424 4244 ·

162 4293 223 4352 edre
240 4293 275 4352 dr
292 4293 408 4366 ἠγνόησε
424 4295 486 4366 περὶ
502 4291 668 4368 τῆςὴμέρας,
685 4289 738 4348 ἀλλ’
791 4298 894 4348 Felcbro.
915 4299 935 4349 i·
970 4299 1014 4348 Atti
1039 4307 1117 4349 autern
1142 4307 1164 4348 et
1181 4298 1236 4348 edit
1255 4294 1370 4347 Commel.

160 4363 306 4452 ἐγίνωσκεν
323 4361 437 4433 dlo'yor,
458 4359 739 4432 odxdrrlrmeiinsro
790 4365 869 4416 nont.
905 4365 978 4416 Ponto
1002 4375 1058 4430 post
1082 4375 1182 4430 uterque
1205 4365 1262 4426 lieg.
1279 4361 1369 4438 segite:

154 4452 199 4498 ,ur
222 4429 408 4504 συνυπάρχων.
444 4427 741 4499 recensuistis
791 4442 815 4483 at
830 4433 963 4484 reterns
988 4427 1041 4500 μὲν
1053 4425 1187 4482 Ἰουδαῖοι.
1213 4429 1257 4480 tbi
1275 4435 1298 4477 et
1314 4427 1370 4477 edrtr

161 4515 218 4572 post
235 4498 374 4561 διάνοιαν,
393 4505 502 4570 idemque
521 4513 544 4556 et
562 4504 697 4556 Goblerien.
716 4511 740 4554 et
789 4495 841 4568 μὲν
859 4493 886 4552 oi
899 4493 1034 4550 'lovinion
