3102 5042
534 263 679 308 sersaoni
694 263 714 308 ι.
730 265 767 308 an
782 263 976 310 tumarchen.
1293 255 1354 321 699

135 435 171 479 sa
193 417 315 498 angelos
337 413 368 476 in
390 413 534 476 Triuitnte
556 414 709 478 collocare.
753 415 827 478 Nam
848 416 872 478 si
896 414 1057 480 secundum
1072 419 1138 482 illos
1153 433 1224 500 post
1238 424 1438 487 Panamara.

133 519 292 582 athilium
314 524 480 597 sequuntur
501 517 605 596 angeli,
628 528 707 580 certe
730 517 908 580 el'xinitate
930 525 1000 580 sunt
1020 521 1123 600 angeli,
1146 524 1270 586 aeciam
1287 537 1356 590 sunt

131 625 402 686 administratores
424 623 553 698 spiritus
574 624 608 681 in
628 623 829 682 ministeriam
849 625 941 691 missi,
964 637 1018 682 nec
1038 621 1095 700 ipsi
1112 625 1205 685 sancti
1221 627 1353 692 efficiun-

132 735 191 797 tur,
214 723 268 784 ssd
290 721 391 802 potius
414 721 487 782 alins
509 730 629 782 sanctos
650 721 789 783 elhciunt.
854 799 862 811 .
1421 707 1450 734 ““

222 931 271 990 ll.
316 925 467 998 Quaenam
490 925 607 986 tandem
630 925 704 986 haec
725 935 783 986 mm
811 925 936 987 absurda
964 925 1081 987 illorum
1109 927 1255 990 dementia
1285 929 1356 992 esti

134 1031 204 1102 Quo
230 1029 261 1090 in
289 1027 356 1089 loco
383 1045 489 1088 rursus
518 1025 686 1106 Scripturas
717 1043 817 1088 sacrae
845 1027 1020 1089 invenerunt
1047 1028 1190 1107 Spiritum
1219 1031 1354 1111 angelum

134 1128 217 1192 dieii
260 1129 368 1190 Eadem
390 1127 481 1202 enim,
504 1145 578 1206 guae
598 1127 656 1189 iam
679 1127 747 1202 dixi,
770 1127 841 1189 mihi
863 1136 997 1208 repetere
1018 1147 1140 1192 necesse
1163 1141 1217 1194 est.
1262 1133 1353 1196 Para-

132 1232 218 1294 nlitus
241 1231 337 1324 dietus
360 1239 408 1292 est
429 1240 459 1290 et
481 1229 602 1309 spiritus
626 1229 802 1310 adoptionis,
826 1230 948 1310 spiritus
972 1233 1183 1294 sanctimoniae
1199 1243 1228 1296 et
1244 1233 1353 1300 Christi

130 1333 279 1415 spiritus„
309 1334 345 1395 ht
367 1349 517 1412 nunquam
539 1331 583 1394 vel
605 1333 726 1412 angahrs
748 1340 797 1393 aut
818 1331 1008 1412 archangelus
1038 1343 1088 1396 aut
1116 1334 1241 1414 spiritus
1261 1337 1352 1399 mini-

133 1435 233 1510 sten'i,
263 1435 364 1516 quales
392 1446 462 1497 sunt
490 1435 599 1514 angeli,
630 1434 791 1514 appellatus
820 1443 874 1496 est.
920 1435 998 1508 Quin
1026 1433 1086 1497 imo
1109 1437 1205 1498 eidem
1227 1445 1257 1498 et
1278 1438 1352 1500 Filio
1382 1479 1387 1494 c

134 1539 280 1604 ministrat
302 1537 428 1612 Gabriel,
452 1555 517 1599 eum
538 1535 649 1598 Mariae
668 1535 722 1596 ait:
746 1535 881 1617 Spiritus
902 1547 1028 1600 senators
1049 1545 1241 1618 superveniet
1262 1545 1294 1602 ita
1315 1553 1351 1614 te,

135 1651 166 1705 et
185 1645 284 1702 uirtus
306 1639 456 1703 ditissime·
473 1639 664 1702 odumhrnhlt
685 1637 747 1700 tihi.
791 1633 865 1700 Cum
892 1637 981 1718 igitur
1011 1639 1181 1719 Scripturas
1210 1641 1352 1721 sghritum

130 1742 267 1821 angelum
290 1759 350 1802 uon
372 1737 529 1822 appellent,
551 1739 622 1820 qnid
643 1739 839 1802 excusationis
862 1725 972 1803 hahere
993 1741 1113 1820 possint
1132 1741 1163 1802 in
1182 1750 1260 1804 tanta
1274 1751 1352 1804 tam-

128 1861 188 1924 que
211 1841 338 1905 absurda
360 1843 534 1916 temeritate,
556 1843 682 1904 maxime
703 1859 768 1904 cum
790 1843 854 1922 ipse
870 1843 1052 1917 Valentinus,
1075 1844 1126 1923 qui
1141 1844 1260 1925 impiam
1277 1845 1354 1908 hane

127 1953 261 2008 mentem
283 1944 342 2007 illis
363 1945 497 2018 inseruit,
520 1945 600 2006 illum
624 1945 741 2024 quidem
763 1945 948 2018 Paraclitum‚
971 1945 1029 2006 hos
1050 1965 1122 2008 xero
1143 1947 1272 2026 Angelos
1294 1965 1352 2008 no-

127 2047 296 2118 minaverit,
319 2045 388 2108 licet
407 2045 486 2108 idem
508 2046 700 2108 stultissimus
715 2046 856 2126 Spiritum
879 2046 989 2128 angelis
1013 2055 1204 2110 coaetaneum
1227 2051 1351 2111 eodem-

126 2169 187 2232 que
209 2149 350 2210 duntaxat
372 2159 504 2228 tempore
526 2167 560 2209 ac
580 2147 648 2208 illos
671 2149 821 2210 exstitisse
842 2147 995 2210 senserit?
1038 2150 1120 2222 „Sed
1143 2167 1228 2224 ecce,
1251 2151 1350 2228 inqui-

127 2261 226 2328 „unt,
255 2250 332 2332 apud
361 2247 538 2328 Prophetam
560 2247 728 2310 Zachariam
751 2249 892 2328 scriptum
915 2257 974 2322 est:
1006 2249 1087 2311 Haec
1116 2251 1189 2312 dicit
1214 2252 1349 2330 angelus,

127 2359 210 2436 „gui
231 2355 414 2435 locustaria
435 2369 489 2412 me.
533 2349 619 2430 htqul
636 2349 825 2429 perspicuum
841 2356 895 2422 est,
918 2349 967 2410 hic
981 2349 1103 2428 spiritus
1120 2352 1240 2412 nomine
1255 2367 1434 2430 ange-raon.

130 2457 220 2530 „luxu
247 2455 276 2515 in
307 2455 374 2534 ipso
396 2453 565 2532 loquentem
588 2451 778 2530 significari.“
822 2449 929 2512 Verum
951 2451 980 2513 id
1003 2451 1124 2514 minime
1147 2454 1294 2526 dicerent,
1323 2455 1349 2517 si

131 2557 213 2638 quod
235 2555 332 2635 legunt
353 2555 459 2616 vellent
480 2554 639 2616 attendere.
694 2553 767 2615 Nam
795 2543 1009 2620 Zachariassin
1037 2555 1204 2618 candelabri
1235 2557 1350 2620 visione

128 2659 187 2721 ait:
212 2657 254 2721 dit
273 2657 431 2739 respondit
453 2655 593 2735 angelus,
616 2659 668 2738 gai
689 2655 866 2738 loquelatur
887 2660 920 2717 ἐπ
941 2673 1000 2728 nae,
1025 2667 1054 2718 et
1076 2657 1168 2719 dicit:
1198 2657 1350 2739 h'amqeo'd

125 2763 227 2823 uesn'r
250 2760 321 2840 quid
342 2755 414 2820 slent
437 2757 531 2820 haec?
573 2757 613 2820 lit
634 2759 716 2819 diri:
744 2757 814 2819 Non
842 2759 966 2820 domine.
1010 2757 1050 2820 Et
1071 2759 1230 2839 respondit
1257 2770 1285 2822 et
1306 2765 1349 2821 nit

126 2864 166 2924 od
186 2881 233 2924 me
256 2862 371 2923 dimoc:
399 2857 464 2921 Hoc
492 2869 537 2921 est
557 2859 681 2921 verbnm
703 2859 815 2921 domini
835 2862 873 2921 ad
894 2857 1060 2922 dorchahel
1081 2859 1197 2921 dicens:
1225 2859 1294 2924 Non
1315 2867 1349 2923 ἐπ
1402 2863 1406 2880 ’

129 2967 242 3026 nemra
263 2977 447 3042 magnoaco
468 2963 501 3022 ht
523 2959 643 3030 rodere,
666 2961 718 3022 sed
739 2964 769 3021 in
792 2958 909 3040 Spiritu
931 2977 1005 3031 mea,
1029 2961 1100 3023 dicit
1114 2959 1261 3024 Dmnious
1284 2979 1348 3023 ona-

130 3069 279 3146 nigntans.
322 3061 364 3124 Ex
388 3060 493 3142 quihus
515 3061 607 3141 liquet
627 3061 777 3140 angelum,
805 3061 855 3140 qui
876 3059 1041 3139 Prophetae
1063 3060 1253 3139 loquebatur,
1286 3079 1348 3122 non

128 3167 220 3230 lhisse
243 3165 386 3246 Spiritum
410 3172 555 3238 sanetum,
578 3164 632 3226 sed
654 3163 735 3224 illum
757 3162 873 3242 quidem
897 3181 964 3223 esse
987 3161 1132 3240 angelum,
1156 3163 1234 3224 hune
1249 3171 1347 3224 antem

126 3287 196 3332 esse
218 3267 362 3348 Spiritum
384 3265 437 3328 Dei
460 3265 684 3346 omnipotentis,
709 3263 754 3325 cui
778 3275 807 3325 et
828 3264 949 3342 angelus
963 3263 1119 3336 ministrat,
1142 3263 1251 3343 quique
1266 3283 1282 3328 a
1298 3265 1347 3326 dl-

123 3371 246 3432 xinitate
268 3367 357 3431 dividi
379 3369 490 3447 nequit,
513 3387 547 3430 ac
567 3367 654 3429 Verbi
677 3367 817 3447 proprius
840 3375 893 3426 est.
939 3365 1027 3439 Quod
1054 3366 1079 3427 si
1102 3365 1236 3446 Apostoli
1257 3355 1348 3428 catha

123 3473 214 3534 nnhls
239 3470 443 3552 opposuerint,
466 3470 515 3550 qui
537 3469 650 3532 scilicet
670 3477 740 3548 post
762 3467 908 3529 Christum
932 3467 1043 3529 electos
1066 3467 1185 3547 angelos
1209 3469 1346 3529 amasim-

122 3576 183 3650 vit,
213 3573 326 3648 dicant,
356 3573 473 3653 mxinam
503 3592 538 3634 ex
568 3571 624 3634 illis
647 3570 784 3632 omnihus
808 3569 943 3631 Trinitatl
966 3570 1170 3650 adiungendus
1194 3571 1242 3632 sit.
1270 3569 1349 3632 disc

122 3755 171 3810 aet
189 3752 271 3813 αὐτός
288 3775 336 3810 noo
355 3761 451 3810 hahent.
793 3759 808 3807 i.
833 3757 873 3808 Sic
890 3757 946 3820 heg.
966 3759 988 3808 l.
1010 3758 1109 3821 Seguer.
1128 3758 1197 3810 Gohl.
1214 3757 1305 3819 hnglie.
1325 3765 1348 3810 ol

160 3846 181 3879 e.
201 3829 296 3879 Gohler.
315 3837 338 3879 el
356 3829 459 3878 Ftlchm.
477 3828 498 3876 l.
517 3821 614 3893 φασὶν,
633 3819 709 3892 παρὰ
759 3827 863 3874 Felclxm.
875 3825 897 3873 l.
932 3828 1039 3876 Attamen
1059 3825 1190 3876 Gabienus
1207 3827 1345 3876 Felehm.l¹

120 3895 164 3962 τῷ
182 3889 316 3961 Ζαχαρίςι.
354 3895 428 3945 iidem
454 3911 507 3945 mox
531 3905 554 3946 et
578 3897 633 3960 [leg.
647 3897 667 3944 Ι.
687 3905 709 3944 et
760 3892 808 3941 τοῦ
827 3893 945 3942 omittunt.
980 3894 1023 3943 hlii
1043 3887 1347 3960 eleditirhdinrehpc

120 3963 224 4028 Segoer.
248 3955 330 4024 δῆλόν
347 3955 435 4018 ἔστιν,
462 3953 511 4010 ὅτι.
547 3963 668 4020 huglican.
687 3971 711 4013 el
760 3954 791 4008 τὸ
811 3951 903 4024 ἅγιον,
929 3953 986 4008 ἐστὶ
1004 3953 1035 4008 τὸ
1053 3959 1160 4027 πνεῦμα
1179 3961 1227 4010 τοῦ
1244 3975 1347 4010 παντο-

121 4031 246 4094 Regixrsh.
265 4025 348 4091 δῆλον
367 4023 417 4082 ὅτι.
452 4032 531 4082 Ceteri
549 4041 572 4080 et
590 4031 646 4080 editi
664 4025 709 4090 dn·
760 4023 901 4094 κράτορος.
1001 4063 1004 4076 .
1051 4043 1054 4052 ·
1166 4075 1168 4078 .

119 4093 222 4149 λονότι.
513 4113 515 4116 ·
795 4097 816 4144 lt.
836 4097 875 4145 Sic
893 4097 948 4155 hen.
961 4097 981 4145 l.
1001 4097 1072 4158 Sego.
1086 4097 1155 4147 Gohl.
1168 4107 1190 4146 et
1202 4097 1306 4146 Felclm.
1322 4095 1343 4144 l.

157 4169 173 4218 l.
192 4168 249 4230 lleg.
271 4167 292 4217 l.
311 4175 334 4217 el
352 4167 450 4228 Segner.
469 4153 538 4215 elna.
759 4165 838 4215 Ceteri
861 4178 915 4212 vero
940 4173 963 4213 et
987 4165 1043 4214 editi
1069 4155 1161 4230 ἰσχύος
1184 4163 1232 4212 τοῦ
1254 4157 1344 4226 λόγου.

119 4303 133 4353 ¹
155 4235 255 4350 weg*
273 4235 294 4352 ἓ.
320 4237 420 4297 Segusa.
446 4235 542 4286 Gchler.
562 4243 584 4284 et
602 4233 706 4283 Felehm.
759 4232 819 4350 grigi
838 4231 1109 4349 hegtlfeltkllegtierk
1128 4225 1185 4346 ἔπὲξ
1207 4223 1232 4346 :f
1249 4223 1282 4340 :tf
1300 4237 1344 4343 εἷς.

138 4341 143 4352 .
287 4313 365 4354 vete.
780 4313 895 4349 cene
949 4309 1344 4357 enm..aetateee.

153 4371 178 4421 h.
199 4319 323 4421 Sieqmse.
340 4385 433 4421 omnes.
469 4369 546 4419 Editio
566 4370 708 4420 Commelin.
759 4368 803 4416 hlii
821 4375 843 4416 et
861 4367 916 4417 editi
935 4359 1026 4426 lustra
1045 4363 1075 4416 dl
1093 4361 1125 4414 τό
1143 4377 1187 4415 etc.

117 4441 184 4489 male
203 4430 313 4497 ἄδηλον.
351 4439 440 4488 lhidem
461 4438 548 4500 Regi.
568 4447 591 4487 et
609 4439 707 4500 Seguer.
794 4437 809 4484 l.
833 4437 873 4486 Sic
891 4435 946 4496 lleg.
965 4435 986 4484 l.
1006 4443 1028 4484 nt
1047 4435 1069 4482 2.
1089 4435 1186 4494 Seguer.
1206 4429 1302 4479 Gohler.
1323 4437 1346 4480 tl

116 4492 168 4555 cdv
187 4508 309 4558 omittunt.
760 4503 863 4554 Felehm.
876 4505 897 4553 l.
934 4503 1012 4553 Ceteri
1022 4509 1099 4550 autem
1116 4507 1139 4547 et
1150 4499 1206 4548 editi
1215 4489 1245 4544 lv
1255 4495 1288 4565 ag]
1299 4503 1344 4548 ete.
