3174 5082
661 261 836 306 ressrsrso.
1326 251 1363 314 13

151 421 253 492 quoru,
275 409 410 492 Gregorii
428 410 521 490 nyss.
544 411 639 474 cretio
671 411 863 488 osteebetica,
891 411 1018 492 denique
1047 431 1083 474 ex
1103 411 1227 476 loannis
1257 416 1362 479 Dama-

153 513 225 576 sceui
247 530 338 594 opero
359 512 530 592 dogmatico
551 511 658 574 selema
681 513 775 592 capita
796 513 834 574 ‹le
856 513 912 576 deo
935 521 966 577 et
985 511 1057 576 lesu
1079 513 1209 576 Christo.
1253 516 1285 578 ln
1307 535 1364 597 po-

149 613 268 676 steriore
290 614 381 676 latino
405 621 566 676 occurrunt
586 612 771 688 Tertulliani,
795 613 941 694 Cypriani,
964 613 1119 690 Lactantii,
1144 615 1315 696 Hieronymi
1337 627 1367 680 et

39 673 44 844 f
146 713 293 793 Augustini
315 715 428 776 delecta
451 713 594 792 quaeehm
616 714 769 793 opuscula.
814 714 943 796 Utraque
965 725 996 778 et
1016 733 1120 796 graeca
1142 725 1173 778 et
1193 717 1298 791 latina,
1333 725 1367 778 ut

146 815 244 877 editor.
255 815 285 877 in
318 813 552 894 praefationibus
580 831 665 876 more
694 833 750 876 suo
780 815 854 876 satis
886 815 1013 878 verbose
1045 817 1212 891 debererit,
1244 818 1366 880 collecta

145 923 210 977 suut
229 933 265 978 eo
289 915 426 988 oonsilio,
448 922 482 976 ot
502 933 613 995 corpus
635 915 784 994 quoddam
806 916 957 978 doctrinae¹
979 917 1156 981 christianae
1170 919 1215 981 rel
1231 937 1365 981 summa-

144 1015 213 1078 rium
229 1016 399 1094 theologiae
414 1025 475 1076 tum
491 1033 665 1094 graecorum
681 1024 744 1078 tum
759 1015 919 1078 latinorum
934 1025 1049 1096 patrum
1065 1037 1100 1080 es
1116 1020 1173 1083 illis
1189 1021 1364 1083 efficeretur.
1419 1003 1421 1011 ¹

144 1116 291 1180 limtiuata
312 1124 411 1178 autem
433 1123 481 1180 ost
500 1117 729 1180 chrestomathia
752 1117 879 1180 maxime
901 1115 1068 1189 iuvenibus,
1090 1121 1193 1199 potori
1209 1121 1367 1186 historiast

143 1219 311 1299 regnotum
333 1217 572 1282 obristiosoruss
592 1227 673 1280 recte
695 1219 867 1281 dr'soendom
884 1218 980 1299 poulo
1001 1217 1141 1291 ultm'us,
1164 1239 1253 1301 quom
1271 1219 1390 1303 proo·'

143 1319 320 1384 lectiosr'hus
343 1320 518 1382 cecissimo
538 1319 612 1400 fieri
627 1329 737 1400 potest,
759 1319 907 1401 progredi
927 1330 958 1382 et
978 1322 1058 1382 aiom
1078 1319 1118 1382 od
1137 1323 1298 1402 proprioru
1310 1341 1368 1404 po-

141 1434 220 1484 trum
249 1419 524 1484 ecclesiastieorum
552 1418 708 1484 lectionem
735 1421 795 1483 sihi
817 1437 1011 1501 prosperare
1039 1424 1176 1502 copiunt.
1220 1421 1306 1484 llonc
1332 1421 1370 1484 stl

142 1539 224 1584 usum
247 1519 383 1582 delectus
405 1521 597 1602 scriptorum,
619 1537 706 1598 quem
723 1521 791 1582 ierit
804 1519 977 1601 Augustius,
1000 1520 1156 1582 maximam
1179 1532 1294 1602 partem
1316 1541 1367 1586 ac·

140 1621 345 1686 commodatus
367 1621 483 1684 ridetur
505 1629 535 1683 et
555 1620 645 1694 liber,
668 1621 720 1700 qui
741 1639 803 1682 non
824 1621 944 1684 raritate
965 1638 1108 1701 magnove
1129 1624 1227 1703 pretio
1250 1623 1368 1686 studio-

43 1793 47 1803 ,
139 1741 246 1786 sorum
268 1723 305 1784 tle
326 1721 464 1784 manibus
488 1722 649 1794 excutitur,
672 1721 709 1783 ab
732 1720 881 1784 ohlirione
903 1723 1039 1802 quoiam
1062 1724 1250 1804 intercipitur
1270 1725 1368 1788 riedi-

139 1827 255 1888 camlus
279 1831 361 1886 esset
381 1833 411 1886 et
432 1821 684 1885 commendandus
706 1821 782 1896 illis,
805 1823 831 1886 si
853 1822 976 1885 liberior
997 1841 1014 1885 a
1035 1825 1152 1886 mendis
1174 1825 1367 1906 typographi·

141 1927 182 1990 cis
203 1926 292 2007 prelo
315 1925 438 1987 exisset
483 1923 594 1986 Eorum
617 1923 696 1984 enim
718 1931 818 1986 tantus
841 1932 890 1987 est
910 1943 1067 1998 numerus,
1090 1933 1124 1986 ut
1144 1944 1238 2005 paene
1260 1945 1367 1990 neces-

140 2030 255 2091 sariam
279 2025 319 2087 sit
339 2023 456 2104 singula
479 2025 605 2103 scripta,
628 2033 786 2102 antequam
808 2024 906 2104 legas,
928 2025 965 2088 ad
988 2024 1166 2104 exemplaria
1189 2027 1368 2106 optirnarum

140 2129 304 2192 editionum
326 2143 545 2204 recognoscere
567 2135 597 2186 et
618 2123 791 2188 emendare:
816 2125 845 2186 id
867 2126 947 2206 quod
964 2125 1027 2204 ipse
1042 2126 1114 2188 olim
1135 2136 1274 2205 expertus
1291 2146 1368 2202 sum,

140 2247 233 2311 quum
249 2226 384 2307 Gregorii
400 2225 566 2287 orationem
582 2225 790 2287 catecbeticsm
803 2226 836 2286 in
854 2225 1028 2289 collectione
1044 2227 1091 2288 illa
1113 2226 1290 2306 descriptam
1313 2247 1368 2292 so·

141 2331 259 2394 datibus
291 2328 445 2392 seminarii
477 2324 636 2404 theologici
669 2326 894 2404 proposuissem
928 2327 1139 2406 explicandam.
1181 2327 1370 2392 Promissum

143 2431 224 2494 tertii
244 2429 421 2502 voluminis,
454 2427 484 2488 in
507 2444 567 2505 quo
592 2425 672 2488 locos
696 2445 864 2490 commones
886 2445 925 2490 em
942 2429 1087 2509 patribus
1107 2431 1261 2492 uniuersis
1283 2429 1369 2492 exhi-
1476 2437 1484 2448 ”

144 2531 217 2594 bere
239 2531 362 2604 solebat,
384 2525 546 2608 hugrrstius
569 2543 630 2587 non
652 2525 787 2588 exsolvit.
831 2528 913 2600 Quae
934 2537 1053 2608 praeter
1073 2528 1285 2607 sugestionem
1314 2549 1368 2592 es·

143 2639 224 2696 stam
246 2629 502 2708 Chrestomatbiae
524 2625 709 2707 patrioticae,
738 2645 840 2690 earum
861 2629 967 2708 partim
990 2621 1099 2691 selecta
1120 2639 1237 2708 patrum
1260 2631 1370 2712 scripta

141 2734 187 2796 rel
209 2733 305 2814 capita
326 2732 363 2794 ad
385 2730 457 2792 alias
478 2729 622 2810 quasdam
645 2727 815 2808 disciplinas
837 2729 1018 2808 theologicas
1040 2728 1228 2792 illustrandas
1251 2731 1368 2794 studio·

144 2835 187 2896 sis
215 2831 424 2912 suppeditent,
452 2830 560 2912 partim
591 2831 683 2890 lamae
706 2837 778 2890 sunt
799 2829 903 2892 usibus
931 2849 1051 2903 eorum,
1079 2831 1130 2911 qui
1152 2831 1211 2893 sibi
1234 2832 1369 2894 notitiam
1488 2873 1492 2884 -

144 2933 272 3011 aliquam
294 2931 441 2993 rariorum
464 2939 582 3010 patrum
603 2947 786 3007 comparare,
808 2929 866 2992 boc
888 2940 934 2991 est
956 2950 1059 2992 eorum
1075 2930 1234 3009 ingenium,
1258 2933 1370 2994 ‹locui-

145 3049 227 3102 nam,
251 3029 419 3107 disputandi
440 3033 595 3102 rabonem,
619 3030 784 3109 scripturas
805 3045 906 3090 sacrae
921 3028 1204 3108 interpretationem,
1226 3032 1370 3110 eloquen-

145 3133 216 3194 tiam
250 3146 434 3208 cognoscere
465 3133 596 3212 cupiuot
640 3129 722 3192 lllius
754 3129 872 3208 generis
902 3137 973 3188 sunt
1006 3129 1168 3190 Hermanni
1202 3128 1370 3193 Olshausen

144 3233 305 3296 Historiae
336 3229 554 3294 ecclesiasticos
584 3235 695 3295 ueteris
725 3235 895 3311 prorupero
927 3239 1136 3304 monumento,
1174 3227 1221 3292 lo.
1252 3229 1371 3312 Caspari

146 3332 239 3394 Orelli
260 3331 379 3394 Selerto
397 3341 522 3411 potrum
544 3336 644 3411 cupito
663 3331 703 3394 orl
725 3323 930 3416 εἷσηγητικὴν
947 3350 1069 3395 socrum
1087 3333 1284 3412 pertinentia,
1307 3331 1371 3395 Ln-

145 3433 242 3496 dorioi
264 3431 327 3494 Pelt
355 3443 386 3492 et
407 3431 526 3494 Honrioi
548 3431 718 3494 liheinwalrl
741 3431 954 3494 Homilr'orium
972 3437 1176 3514 patrioticum.
1219 3433 1262 3494 st
1295 3434 1370 3496 alte-

147 3549 213 3594 rum
237 3549 330 3608 genus
351 3535 522 3594 referuntur
543 3532 575 3593 C.
598 3531 630 3592 ll.
653 3531 790 3592 llatthaei
818 3532 921 3595 Nouos
946 3553 986 3596 eo
1013 3533 1132 3596 loonoe
1156 3534 1371 3613 chrysostomo

145 3632 283 3712 Bologoe,
306 3633 430 3694 loannis
452 3651 507 3694 rau
520 3631 750 3694 Vorstloomtis
768 3633 975 3712 chrysostomi
994 3633 1112 3706 selecto,
1135 3633 1171 3694 ll.
1182 3635 1208 3696 1.
1221 3635 1371 3716 liogaarrls

148 3733 397 3796 Chrestossotlr'c·
410 3735 587 3812 patriotico,
621 3731 696 3793 uua.
719 3731 755 3792 tle
778 3731 887 3793 Sinner
908 3732 1014 3794 Noctes
1038 3751 1078 3794 ss.
1098 3746 1225 3814 potrum
1246 3753 1371 3814 proero-

146 3849 219 3896 rsm
246 3833 361 3894 soeculi
386 3838 493 3914 puortr'
518 3831 660 3894 delectus.
704 3831 782 3892 Sunt
808 3833 895 3892 etiam
927 3831 957 3892 in
985 3831 1092 3912 quihus
1120 3833 1227 3894 selecta
1254 3843 1369 3914 patrum

145 3947 320 4012 graecorum
342 3933 488 4006 momina,
517 3931 687 4002 orationes,
711 3931 852 4010 epistolae
875 3951 940 3994 curn
963 3933 1028 3994 aliis
1050 3933 1152 4012 poesis
1175 3940 1205 3994 et
1227 3935 1370 4014 eloquen-

145 4034 205 4096 tiae
226 4051 350 4111 graecae
371 4033 588 4113 exemplaribus
611 4039 845 4111 oomponuntur,
874 4031 952 4096 velut
972 4033 1226 4113 praestantissima
1246 4035 1370 4096 loannis

143 4135 272 4198 l‘stusae
291 4126 587 4216 'Eysaslorrorcislu
607 4125 813 4217 φιλολογική.
846 4132 915 4194 lllas
937 4143 1034 4196 autom
1058 4135 1315 4206 chrestomathias,
1340 4135 1371 4194 in

144 4235 255 4314 quibus
283 4233 342 4298 loci
369 4235 516 4310 illustres,
549 4235 714 4297 sententiae
741 4233 941 4314 dogmaticae,
972 4235 1217 4316 apophthegmata
1249 4232 1374 4298 moralia

144 4345 344 4415 excerptaque
365 4335 401 4396 erl
424 4337 562 4416 pietatem
586 4335 776 4398 christianam
799 4333 934 4396 facientia
956 4354 992 4398 ex
1012 4343 1128 4418 patrum
1151 4337 1271 4417 scriptis
1286 4329 1371 4394 oolli-

144 4445 265 4514 guntur,
288 4437 377 4500 buius
398 4437 456 4500 loci
478 4455 539 4500 non
561 4445 608 4500 est
628 4437 783 4518 attingere.
