2872 5046
408 206 552 248 aersront
567 207 605 248 rr.
621 207 657 248 ao
673 207 867 250 sememonten.
1176 192 1238 256 809

31 357 184 423 adomioo
207 357 282 420 lacta
304 357 429 430 fuerant,
451 355 583 436 aiebant:
605 356 686 422 Haec
708 359 800 425 verbo
813 377 874 422 aon
894 369 967 422 suat
982 359 1168 422 daemonium
1184 359 1315 422 ber-roos

32 461 134 534 beotis3
163 459 308 538 numquid
335 459 522 522 doemonium
545 469 647 540 potest
669 478 825 528 coecorum
848 459 949 522 oculos
972 459 1117 540 operire?
1159 460 1238 522 Pha·
1297 477 1301 486 ’

32 563 113 624 risaei
134 569 248 624 autem.
278 559 328 640 qui
349 558 423 638 legis
445 559 616 638 peritissimi
638 560 831 638 putabantur,
858 551 1061 640 qui'limhrias
1081 561 1241 623 dilatabant

34 673 60 724 et
80 649 275 742 gloriabantur
296 660 380 740 quasi
402 660 468 741 plus
490 661 598 740 aliquid
620 663 744 724 caeteris
767 663 885 736 scirent,
908 682 946 724 nc
968 663 1006 725 ita
1029 663 1146 744 quidem
1169 681 1239 724 eru-

31 764 125 838 buere,
147 764 200 826 sed
223 773 255 849 ut
275 763 417 844 scriptum
440 771 502 836 est,
527 763 725 829 lenmolobont
747 765 847 828 miseri
871 766 1024 828 doemonio
1048 777 1075 828 et
1091 784 1153 828 oon
1167 763 1240 836 Deo,

33 867 155 928 dicentes
176 865 334 928 Dominum
361 865 470 928 babere
497 865 684 928 daemonium
708 875 736 928 ct
758 866 811 926 liei
840 884 929 945 opera
957 866 1131 940 daemonum
1161 884 1241 928 esso.

31 969 66 1030 Et
85 969 140 1028 hoe
159 967 237 1032 nulla
259 967 314 1030 alia
336 968 372 1029 de
395 985 499 1040 causa,
529 986 615 1047 quam
644 976 677 1030 ut
698 977 841 1048 negarent
861 967 953 1028 beorn
976 986 1044 1028 csse
1065 978 1095 1028 et
1114 968 1167 1030 Dei
1189 967 1240 1030 Fi-

31 1071 98 1131 lium
124 1070 173 1150 qui
201 1071 274 1132 haec
300 1078 408 1148 ageret.
458 1069 489 1132 Si
518 1070 597 1134 enim
626 1069 770 1132 comestio
800 1068 974 1148 speciesque
1008 1067 1140 1147 corporis
1175 1087 1243 1130 eum

32 1171 112 1232 etiam
134 1171 285 1234 hominem
307 1190 376 1234 esse
397 1171 578 1246 declarabat,
600 1191 691 1252 quare
712 1189 772 1232 nou
795 1189 829 1232 ex
853 1169 993 1250 operibus
1014 1169 1243 1248 perspiciebant,

30 1272 123 1352 ipsum
145 1273 175 1334 io
197 1273 285 1334 Patre
307 1291 375 1334 esse
398 1283 427 1334 et
448 1274 564 1336 Patrem
587 1274 617 1336 iu
638 1271 729 1354 ipso?
772 1273 860 1352 dtqui
881 1272 911 1336 id
932 1271 1072 1332 nolebant
1092 1269 1152 1340 illi,
1182 1269 1242 1329 imo
1343 1275 1352 1292 '

30 1375 125 1454 potius
147 1375 244 1453 ipsum
265 1374 467 1436 Beelzebulem
489 1375 636 1438 babebant
657 1376 687 1438 io
717 1393 749 1436 se
771 1375 956 1454 loquentem,
985 1381 1017 1434 ut
1044 1391 1080 1434 ex
1106 1369 1243 1434 humanis

33 1495 97 1536 eum
118 1475 270 1540 hominem
292 1477 430 1538 duntaxat
452 1485 605 1548 vocarent,
635 1497 669 1538 ex
693 1477 833 1556 operibus
856 1485 969 1548 autem,
999 1492 1073 1553 quae
1095 1473 1149 1534 liei
1170 1490 1243 1552 pro-

31 1577 92 1656 pria
114 1585 211 1652 erant,
245 1596 307 1638 non
334 1578 436 1664 itidem
465 1579 544 1640 illum
574 1599 642 1642 esse
664 1579 756 1640 licum
785 1579 1011 1649 confiterentur,
1042 1575 1096 1636 sed
1122 1592 1178 1654 pro
1208 1591 1243 1634 eo

29 1679 228 1742 beelzebulem
250 1679 281 1740 in
303 1679 412 1760 seipsis
434 1680 613 1744 habitantem
635 1680 727 1744 Deum
750 1681 889 1754 lacerent,
912 1689 945 1742 ut
967 1697 1032 1742 oum
1053 1677 1103 1740 illo
1126 1674 1245 1738 tandem

29 1789 178 1842 aeternum
200 1781 268 1860 igne
289 1782 498 1854 cruciarentur.

114 1988 162 2050 ttt.
208 1983 285 2058 Quin
307 1993 338 2046 et
357 1985 422 2063 ipsa
443 1983 578 2046 lectionis
601 1984 766 2046 observatio
789 1984 902 2046 videtur
930 1982 1003 2044 mibi
1031 1982 1117 2044 talem
1148 1999 1244 2060 quan·

29 2086 95 2145 dam
117 2087 292 2148 sententiam
315 2085 452 2146 exhibere
475 2092 504 2144 et
524 2084 664 2158 indicare,
687 2095 840 2164 utramque
854 2083 1067 2163 blasphemiam
1088 2081 1124 2142 ad
1147 2081 1245 2159 ipsum

30 2187 209 2266 pertingere,
240 2187 327 2249 etde
349 2187 449 2264 seipso
472 2185 552 2246 illum
576 2184 686 2246 dixisse
709 2184 803 2246 Filius
828 2186 955 2248 bominis
979 2192 1009 2244 et
1030 2183 1183 2262 Spiritus,
1213 2190 1246 2240 nt

30 2305 66 2348 ex
86 2288 136 2350 illo
159 2307 234 2366 quae
255 2305 363 2364 corpus
386 2303 473 2346 suum
496 2292 672 2362 spectarent,
695 2301 730 2344 ex
752 2284 859 2362 spiritu
880 2291 949 2344 vero
965 2281 1146 2362 spiritualem
1162 2299 1246 2342 suam

29 2397 60 2450 et
81 2387 291 2465 intelligibilem
319 2385 562 2463 verissimamque
591 2384 771 2446 divinitatem
805 2383 974 2446 declararet.
1025 2381 1175 2462 Siquidem
1205 2382 1245 2456 id,

29 2489 67 2548 de
89 2505 147 2564 quo
170 2487 254 2547 venia
276 2486 404 2548 obtineri
426 2494 541 2566 potest,
575 2485 612 2546 ad
631 2485 736 2546 Filium
759 2485 887 2548 hominis
909 2485 1025 2558 retulit,
1048 2494 1082 2546 ut
1103 2503 1245 2564 corporea

31 2607 83 2648 sua
106 2587 293 2666 significaret,
315 2587 527 2670 blasphemiam
549 2595 646 2648 autem
669 2606 730 2650 non
752 2587 956 2650 remittendam
971 2587 1008 2648 ad
1023 2585 1158 2666 spiritum
1174 2604 1246 2666 per-

20 2691 145 2768 ¹tingere
167 2690 337 2764 declararit,
368 2701 399 2752 ut
426 2690 495 2752 dum
523 2689 558 2749 ad
587 2688 781 2750 differentiam
804 2690 851 2751 sui
873 2689 1008 2768 corporis
1030 2689 1103 2748 haec
1124 2687 1244 2758 diceret,

28 2811 114 2852 suam
136 2792 315 2854 divinitatem
338 2797 594 2854 commonstraret.
638 2790 720 2852 Hane
740 2801 837 2854 autem
858 2788 999 2870 loquendi
1019 2791 1143 2852 lormem
1159 2791 1331 2862 etiamque,

28 2895 59 2950 in
82 2892 241 2970 Evangelio
264 2893 424 2954 secondom
447 2893 586 2952 loannem
608 2891 807 2965 animadverti,
831 2891 880 2952 obi
902 2891 939 2953 de
954 2893 1088 2972 eorporis
1104 2911 1158 2954 esu
1181 2893 1244 2952 dis-

29 3008 137 3052 serens
160 3011 194 3052 ac
213 2999 369 3072 propterea
392 2993 499 3054 multos
523 2993 733 3056 scandalizatos
755 2994 856 3056 videns
879 2993 920 3056 ait
933 2993 1090 3056 Dominus:
1112 2993 1177 3055 llos
1193 3003 1259 3054 oos'

29 3091 245 3153 scandalizor?
288 3092 322 3153 Si
347 3111 418 3172 erpo
441 3095 577 3156 videritis
600 3093 709 3156 Filium
731 3096 857 3157 bominis
879 3096 1088 3178 ascendentem
1107 3096 1249 3156 obierat

25 3189 144 3274 proies?
181 3192 313 3273 Spiritus
337 3205 390 3264 eet,
413 3199 465 3278 qui
476 3195 616 3276 vivificat,
640 3213 712 3258 coro
728 3215 788 3258 noo
801 3195 927 3276 prodest
942 3179 1109 3276 quidquem.
1142 3193 1246 3268 Verbo,

28 3313 105 3375 quae
128 3313 179 3375 eqo
204 3293 321 3356 locutus
344 3315 412 3358 aum
432 3297 532 3368 vobis,
562 3301 690 3377 spiritus
718 3308 747 3359 et
774 3301 837 3358 cito
865 3305 952 3358 snat.
990 3295 1064 3357 Nam
1090 3297 1139 3360 hie
1160 3299 1248 3360 etiam

26 3404 188 3476 utrumque
211 3395 247 3456 de
269 3415 301 3457 se
324 3396 405 3471 dixit,
428 3407 546 3460 earnem
568 3407 597 3460 ct
618 3398 764 3476 spiritum,
788 3397 1006 3478 etspirituma
1028 3417 1115 3460 carne
1138 3399 1246 3462 distin-

27 3497 87 3570 xit,
116 3505 150 3558 ut
170 3517 231 3558 non
253 3497 349 3559 solum
372 3499 449 3578 quod
478 3508 615 3580 apparet,
645 3501 697 3560 sed
725 3500 811 3562 etiam
840 3499 920 3579 quod
945 3499 1093 3562 invisibile
1115 3502 1178 3563 cius
1202 3511 1250 3564 est

27 3597 187 3660 credentes
210 3597 371 3674 discerent,
401 3621 450 3678 ea,
480 3621 553 3680 quae
574 3602 640 3682 ipse
662 3601 845 3682 loqueretur,
875 3619 935 3663 non
957 3621 1023 3664 esse
1045 3601 1172 3665 carnalia
1194 3603 1248 3666 sed

52 3766 85 3826 ‚c-
105 3749 178 3798 Besil·
197 3742 318 3829 atomos
334 3748 406 3820 πυρί.
442 3755 532 3818 duplic.
551 3746 615 3804 αἰω-
698 3771 720 3818 g.
739 3755 779 3804 Sic
797 3755 853 3817 lleg.
872 3763 895 3804 et
912 3755 1010 3818 Sequer.
1044 3756 1114 3808 Gobl.
1133 3764 1250 3806 autemst

25 3831 92 3870 vaus
109 3815 150 3882 τῷ
166 3831 241 3884 nupt.
665 3823 769 3872 Felelm.
784 3823 805 3872 l.
821 3821 956 3887 θεωρεῖτε.
994 3823 1046 3874 ldox
1064 3815 1250 3888 ἀναβαίνοντα

66 3889 89 3936 d.
110 3886 137 3934 lo
157 3887 252 3937 Gobter.
272 3887 407 3938 etFelelm.
421 3889 441 3938 1.
461 3901 522 3936 τινα
540 3891 615 3940 deest.
665 3891 733 3940 deest
757 3891 781 3940 iu
799 3890 855 3954 lien.
879 3893 978 3954 sequar.
998 3892 1095 3944 Gobler.
1120 3901 1144 3942 ct
1166 3893 1251 3944 Felclr·

24 3955 105 4004 tidem
132 3968 186 4004 mox
204 3945 364 4022 ἀμφοτέρας
380 3948 478 4004 ἑαυτὸν
495 3949 617 4023 φθάνειν
666 3959 746 4008 manni
768 3957 789 4006 l.

27 4024 124 4099 orpisso
143 4013 188 4076 εἷς.
223 4025 274 4074 llox
285 4025 379 4084 vlleqins
398 4031 421 4074 et
438 4027 536 4087 signer.
554 4019 616 4090 περὶ
700 4027 724 4076 b.
742 4025 817 4076 lidem
835 4019 904 4091 σὰρξ
919 4020 964 4076 καὶ
981 4025 1095 4093 πνεῦμα.

27 4088 126 4140 αυτοῦ.
163 4090 223 4140 lbid.
241 4092 312 4142 iidem
324 4107 377 4140 corn
390 4092 487 4144 Gobler.
498 4101 521 4142 et
532 4093 615 4143 lelelr-
700 4093 715 4142 i.
734 4094 791 4158 lies.
813 4095 951 4158 etSegoer.
969 4090 1114 4162 μάθωμεν.
1159 4095 1251 4146 lbidem

27 4160 113 4208 manni
134 4159 156 4208 1.
180 4151 212 4206 τὸ
236 4152 552 4228 oiicdvdpm‘nourecte.
590 4162 618 4212 ln
668 4155 715 4209 zat
732 4161 800 4212 deest
817 4163 839 4212 in
859 4165 955 4214 Gobler.
982 4172 1005 4212 et
1023 4164 1125 4214 Fclclrm.
1143 4162 1164 4211 l.
1200 4163 1253 4212 lloe

27 4226 132 4304 (joblem
159 4235 183 4277 et
208 4223 314 4283 Felclm.
335 4230 357 4279 l.
380 4226 429 4292 ror}
453 4229 539 4293 legitur
564 4238 619 4282 ante
670 4230 724 4280 loco
742 4229 871 4280 abutuntur
889 4231 1047 4294 lleterodoxi,
1072 4232 1110 4296 qui
1136 4243 1163 4280 ox
1179 4221 1253 4278 ltlaa-

27 4293 194 4360 ανθρωπνυ.
670 4297 732 4348 nesii
756 4299 834 4350 tarbis
858 4300 942 4350 confici
969 4307 1090 4364 pugnent,
1117 4295 1212 4358 Corpus
1231 4305 1254 4346 et

64 4377 87 4409 c.
108 4363 165 4424 liar.
184 4365 282 4428 Sequar.
301 4372 325 4414 st
342 4364 482 4424 Felclror.2.
501 4358 596 4428 ἀληθῆ.
672 4365 816 4428 Sanguinem
835 4367 924 4417 Christi
941 4381 989 4416 noo
1008 4367 1103 4428 reipsa,
1122 4363 1165 4412 sed
1183 4366 1254 4428 spiri-

64 4429 83 4478 t.
103 4429 145 4480 Sic
161 4429 217 4494 lloq.
237 4440 259 4483 et
276 4433 375 4496 Sequar.
412 4435 473 4486 Editi
491 4431 597 4490 τούτου.
672 4435 872 4488 seolseiensem
891 4433 1079 4486 ioSecrameoto
1091 4429 1183 4482 baberi.
1206 4433 1254 4484 Sed
1309 4463 1314 4468 -
