3212 5060
544 253 662 342 ⁸oumro
678 255 722 298 m.
739 256 1003 302 consolenturne.
1313 243 1375 309 585

149 409 281 492 proclive
302 425 354 469 cor
375 405 474 468 hahet.
519 403 565 468 lin
591 422 718 486 namque
746 407 863 469 umetsi
885 407 952 468 illos
975 409 1077 488 quavis
1099 427 1135 472 ex
1157 421 1241 491 parte
1263 411 1462 474 rotelli-osor.

1 527 19 566 n.
150 529 235 586 mus,
271 509 519 586 ostendimusque
548 507 629 568 omni
656 525 783 588 prorsus
815 509 1007 590 intelligentia
1029 531 1138 574 vacuos
1160 532 1244 587 esse,
1279 521 1378 577 lamen

1 636 56 689 {eff-
153 613 234 675 nullo
255 611 346 674 modo
369 609 564 684 erubescunt,
593 608 646 670 sed
668 611 918 688 quemadmodum
939 612 1046 692 hydra,
1069 613 1250 676 Graecorum
1270 613 1377 678 sabulis

16 719 36 781 ,ἓ
151 714 295 777 celebrata
317 715 390 785 iera,
412 729 509 772 novos
532 709 639 778 dicbus
661 719 818 790 serpentes
834 712 942 774 occisis
956 713 1106 792 prioribus
1121 717 1277 797 peperisse
1291 717 1377 778 aliis-

151 833 210 894 quo
232 833 353 895 semper
372 811 574 893 producendis
597 831 664 873 cum
685 813 875 874 interfectore
896 815 1160 890 contendisse-ita
1181 817 1223 880 illi
1243 818 1305 880 ileo
1327 819 1377 880 in-

157 917 235 979 tensi
269 924 300 976 et
330 915 419 978 invisi
447 933 509 976 non
538 931 626 976 secus
655 931 689 975 no
716 913 826 993 hydrae
852 913 952 975 ammi
978 917 1158 978 emorientes
1179 919 1211 979 in
1232 920 1280 982 his
1303 939 1378 1000 quac

1 1035 5 1064 r
40 1084 46 1090 ,
154 1018 353 1097 praetendunt
379 1015 561 1096 argumentis
588 1015 722 1078 ludaicas
750 1015 823 1077 alias
850 1015 1015 1094 stultasque
1041 1015 1099 1079 sibi
1121 1019 1263 1098 ettingnnt
1283 1041 1377 1102 qnae·

1 1188 2 1191 ¹
35 1189 42 1196 ,
155 1121 280 1194 stiones,
303 1138 337 1182 ao
358 1119 449 1180 veluti
470 1117 617 1180 inimicam
639 1115 737 1196 ipsam
757 1116 901 1178 hahentes
924 1117 1077 1178 ueritatem
1098 1135 1174 1180 nora
1189 1137 1308 1201 semper
1323 1142 1377 1186 ex-

16 1265 45 1300 „
154 1221 299 1300 cogitant,
331 1230 365 1282 nt
398 1239 434 1282 eo
465 1219 559 1299 magis
592 1237 625 1280 sc
654 1219 763 1280 Christi
789 1218 895 1280 hostes
924 1237 992 1280 esse
1020 1218 1110 1280 nullis
1139 1237 1201 1281 non
1229 1223 1379 1285 declarent

153 1322 261 1384 modis.

238 1427 290 1488 59.
335 1424 409 1485 Post
431 1430 476 1484 tot
498 1422 577 1484 enirn
599 1431 703 1485 contra
723 1421 808 1502 ipsos
828 1422 913 1484 allata
926 1431 1107 1502 argumenta,
1130 1443 1205 1504 quae
1221 1425 1266 1487 rel
1281 1427 1380 1507 ipsum

158 1525 313 1588 Diabolum
344 1543 448 1586 eorum
475 1533 590 1604 patrem
613 1533 755 1604 cogerent
776 1523 952 1586 erubescere
974 1534 1005 1587 et
1025 1533 1106 1587 retro
1129 1527 1283 1600 recedere,
1312 1547 1380 1592 ecce

160 1645 238 1689 nora
266 1626 373 1688 iterum
401 1626 457 1688 alia
478 1634 646 1687 commenta
669 1634 806 1688 tortuoso
829 1645 865 1714 cx
887 1627 977 1688 corde
1001 1645 1056 1688 suo
1079 1636 1227 1702 eurotam,
1256 1629 1379 1709 aliisque

161 1726 203 1790 illi
225 1727 411 1808 obstrepunt,
435 1727 500 1788 eliis
522 1727 694 1790 huiusmodi
715 1727 805 1788 verba
827 1726 922 1789 instar
937 1727 1061 1790 culicum
1077 1727 1277 1791 insusurrant.
1302 1731 1381 1805 „Per

154 1847 240 1904 „nos
262 1829 339 1900 licet,
364 1829 511 1908 inquiunt,
534 1830 575 1890 ita
595 1828 671 1890 haec
691 1847 724 1890 se
748 1828 892 1902 habeant,
914 1828 956 1890 uti
979 1847 1032 1890 ros
1054 1829 1306 1910 interpretamini,
1327 1851 1379 1894 ra·

156 1931 316 2006 „tionibus
346 1939 376 1992 et
402 1931 584 2011 argumentis
611 1931 736 2005 vincite;
768 1931 821 1992 sed
853 1939 950 1994 tamen
972 1931 1123 1994 latendum
1145 1939 1207 2006 est,
1234 1933 1340 1995 Filium
1363 1953 1381 1996 a

156 2033 273 2106 „Patre
295 2033 445 2094 voluntate
468 2040 498 2093 et
519 2032 642 2094 arbitrio
664 2033 771 2094 lactum
796 2039 896 2094 osse.“
943 2031 995 2094 Sic
1016 2033 1055 2094 illi
1079 2034 1239 2096 voluntatis
1254 2042 1284 2094 et
1298 2035 1380 2096 arhi-

153 2132 204 2195 trii
235 2134 356 2196 nomine
385 2133 502 2196 obiecto
531 2133 642 2194 multos
671 2134 833 2206 seducunt3
866 2152 941 2212 quae
969 2133 1088 2211 quidem
1117 2135 1143 2194 si
1171 2135 1238 2212 quis
1261 2153 1278 2194 e
1299 2141 1381 2195 recte

57 2265 62 2276 ·
155 2235 346 2299 credentibus
368 2236 457 2314 paulo
480 2234 644 2314 simplicius
660 2234 780 2306 diceret,
803 2233 901 2294 nullus
918 2241 999 2294 esset
1014 2233 1194 2312 suspicionis
1209 2233 1303 2310 locus,
1326 2233 1382 2296 sed

156 2345 237 2398 recta
258 2344 358 2398 mente
380 2335 601 2412 corrigerentur
623 2333 711 2394 verba
733 2333 897 2411 simplicius
920 2330 1043 2411 prolata.
1082 2331 1207 2404 Quando
1223 2351 1293 2395 vero
1308 2335 1383 2396 haec

159 2413 215 2498 roi
237 2436 455 2498 haereticorum
478 2443 534 2508 est,
557 2451 685 2512 quorum
706 2433 796 2494 verba
817 2433 926 2494 merito
949 2439 1087 2511 suspecta
1108 2441 1187 2508 sunt,
1211 2445 1240 2496 et
1255 2443 1286 2497 ut
1303 2436 1382 2500 scri-

156 2546 239 2616 ptum
262 2543 324 2596 est:
347 2535 440 2616 impii
459 2553 534 2598 aero
556 2535 643 2598 dolos
665 2535 890 2606 administrent,
915 2544 945 2595 ot
966 2533 1128 2597 Semnones
1151 2553 1256 2598 eorum
1272 2537 1381 2614 dolosi,

158 2636 276 2698 ehamsi
299 2636 409 2717 aliquid
431 2643 546 2698 mutum
568 2637 728 2711 innuerint,
752 2637 861 2716 quippe
885 2655 953 2698 cum
976 2645 1147 2716 corruptum
1171 2657 1223 2698 cor
1237 2637 1381 2714 habeant3

123 2773 131 2788 ·
156 2757 211 2818 age
238 2739 320 2802 istud
348 2757 483 2819 quoque,
508 2740 587 2818 quod
610 2741 707 2813 aiunt,
739 2737 948 2818 dispiciamus,
978 2738 1217 2800 neiorteomni
1240 2747 1467 2818 exportemus.

156 2841 283 2902 convicti
313 2840 488 2902 vocabulum
520 2840 598 2901 aliud
628 2839 779 2901 recentius
807 2840 888 2901 velut
908 2839 1017 2918 hydrae
1040 2839 1315 2911 comminiscantur,
1349 2849 1384 2902 nt

159 2941 261 3001 subtili
292 2941 466 3002 huiusmodi
500 2940 617 3002 dicendi
645 2940 768 3004 artificio
797 2949 827 3002 et
853 2940 922 3000 dolo
953 2958 1037 3001 suam
1058 2938 1113 3000 alia
1136 2939 1244 3000 iterum
1267 2939 1383 3002 ratione

157 3038 352 3102 disseminent
372 3039 564 3120 impietatem.
608 3041 759 3120 Siquidem
781 3042 830 3104 ille
851 3041 931 3102 idem
946 3041 1068 3102 omnino
1083 3039 1238 3118 significat,
1261 3041 1311 3119 qui
1327 3041 1383 3122 ait:

156 3141 312 3204 vetanus
333 3144 427 3202 luctus
450 3149 496 3202 est
517 3141 629 3216 Filius,
651 3162 685 3204 ac
710 3143 760 3222 qui
783 3142 869 3208 dicit:
891 3141 959 3204 Fuit
980 3139 1138 3219 aliquando
1160 3158 1227 3202 oum
1248 3159 1310 3202 non
1332 3159 1383 3204 es·

159 3250 216 3316 set,
240 3252 270 3303 et
291 3262 325 3304 ex
348 3242 440 3304 nihilo
463 3245 557 3306 iactus
578 3243 867 3330 restitissemus
890 3251 987 3304 creata
1003 3249 1058 3303 cst
1103 3243 1210 3304 Verum
1225 3243 1294 3321 quia
1311 3242 1385 3305 haec

157 3343 269 3406 dixisse
295 3343 362 3405 illos
392 3345 450 3406 iam
477 3345 584 3424 pudet,
614 3346 680 3407 aliis
703 3345 782 3407 idem
803 3344 902 3407 verbis
926 3343 1091 3423 significare
1114 3342 1240 3404 subdole
1263 3351 1382 3407 ctrer·

157 3453 226 3507 suto
258 3454 419 3520 conantur,
452 3446 600 3527 nobisque
635 3447 792 3510 uoluntatis
820 3445 998 3508 vocabulum
1025 3463 1087 3506 non
1114 3463 1199 3506 secus
1226 3463 1261 3506 ac
1283 3444 1384 3525 sepiae

188 3667 206 3715 l.
224 3665 297 3715 basii.
314 3664 363 3726 tric
381 3657 466 3734 ὀρθῆς
484 3661 615 3720 διανοίας.
795 3668 819 3718 5.
842 3664 925 3715 τοῦτο
950 3658 981 3713 τὸ
1004 3657 1153 3730 λεγόμενον
1176 3671 1221 3714 otc.
1257 3665 1337 3716 Ceteri
1360 3671 1385 3716 et

795 3735 852 3785 editi
869 3733 951 3782 τοῦτο
970 3725 1123 3798 λεγόμενον.

829 3804 845 3852 i.
863 3804 904 3852 Sic
916 3803 973 3864 lleg.
987 3801 1009 3850 i.
1025 3799 1235 3862 Segneratioblar.
1246 3809 1269 3850 et
1279 3799 1384 3850 Felckm.

538 3903 616 3953 Gemi
641 3913 665 3954 et
687 3905 744 3955 edm
798 3872 820 3922 i.
838 3879 862 3920 et
880 3869 904 3918 b.
939 3871 968 3920 lt
991 3870 1014 3918 iu
1040 3869 1093 3918 aliis
1116 3876 1141 3916 et
1158 3867 1228 3946 editis
1246 3867 1314 3917 deest
1331 3857 1385 3917 ἵνα.

156 3963 236 4050 oo
389 3967 448 4020 em
467 3969 558 4032 res-1·
571 3971 745 4048 ecoe
795 3935 1387 4056 tututuetur'tretonae

156 4049 266 4116 ”ism
305 4037 402 4117 .G.⁰b¹⁰s·
422 4044 446 4086 ⁸¹
463 4035 567 4087 ΝΜ
589 4038 610 4087 l·
628 4049 745 4106 κυοῦσι
797 4072 854 4122 mel.
875 4071 966 4120 omisso
984 4065 1067 4119 πάλιν
1083 4072 1155 4121 habet
1172 4061 1269 4122 ἄλλοις.
1294 4070 1387 4119 ibidem

155 4104 748 4239 tlereiterassettrau
1197 4148 1221 4187 ιι
1364 4135 1387 4238 ι;

157 4233 292 4289 διάνοιαν.
336 4241 381 4290 lilii
409 4241 465 4290 editi
485 4257 514 4290 ue
539 4187 747 4308 duuiapptrqv
796 4219 968 4284 mmm
988 4217 1114 4271 mmm
1131 4219 1146 4286 ¹3
1163 4200 1259 4269 um·
1288 4204 1371 4280 *him

156 4299 212 4374 γὰρ
230 4298 324 4373 ἔχουσι
342 4301 392 4368 τὴν
406 4257 491 4377 chj'
797 4283 855 4390 “mk
865 4275 965 4390 elineali¹
977 4281 1042 4392 anseg
1056 4264 1386 4400 :uppamaeaauangffl

191 4407 214 4484 b.
234 4408 290 4470 lieg.
311 4410 332 4485 1,
350 4411 452 4472 Soguer.
469 4409 712 4462 Gobler.otl'elchm.
724 4409 747 4460 1.
832 4409 848 4459 Ι.
866 4356 982 4470 Sicgiiog.
995 4409 1017 4460 1.
1035 4355 1142 4470 δἐιμιγοῖ
1154 4373 1387 4480 Goblematiolch·

157 4483 241 4522 ΜΠ
257 4468 433 4543 &moment
466 4477 746 4543 erneghorretelm.
799 4478 880 4527 manni
900 4477 921 4527 1.
958 4481 985 4526 tt
1002 4477 1043 4526 alii
1062 4485 1085 4526 ot
1104 4476 1160 4526 editi
1178 4465 1207 4522 οἱ
1223 4465 1333 4520 dertare*

189 3780 211 3829 g.
230 3765 287 3828 lieg.
301 3766 322 3816 l.
342 3775 365 3816 ot
382 3768 481 3830 Segucr.
498 3767 666 3834 κυβερνῶσιν
683 3759 744 3819 rios·

152 3831 217 3900 βεῖς.
252 3834 326 3884 iidem
345 3833 433 3884 ibidem
453 3843 475 3883 at
493 3837 626 3887 (lobiensi
639 3837 744 3888 i’elclrm.

160 3903 181 3952 i.
200 3893 279 3966 λόγοι
302 3899 358 3949 τῶν
381 3893 495 3966 ἀσεβῶν,

480 4321 534 4358 ίαν.
