3220 5046
576 239 877 298 cremonensium
890 205 1024 298 maros.
1336 237 1400 308 485

172 404 206 470 in
226 401 367 468 omnibus
389 401 455 467 stris
475 399 621 482 Epistolis
644 401 805 496 siqnihept,
822 402 898 468 ‘dum
920 403 962 468 ita
982 403 1101 474 scribit:
1134 405 1244 470 drudo
1264 407 1349 472 solia
1369 416 1487 475 stetu.

172 489 242 570 Pau
262 525 282 569 a
302 505 368 569 mo
386 513 479 586 putre
500 515 611 568 matre
633 513 662 566 ot
683 503 812 569 nosses
834 505 905 568 leae
929 506 1061 570 Christo
1097 505 1161 570 Una
1184 505 1263 569 enim
1278 508 1401 572 mdom·

174 627 233 688 que
255 615 303 671 est
328 605 438 687 qratia,
472 623 548 684 quae
576 603 702 668 aPatrc
723 604 754 666 in
776 606 851 670 Filio
873 607 975 681 datur,
1003 606 1252 688 quemadmodum
1273 625 1333 671 una
1354 617 1403 671 est

172 709 224 772 lux
246 707 321 772 solis
342 715 374 770 et
393 705 576 788 splendoris,
599 713 630 768 et
650 705 697 768 sol
719 705 842 772 nonnisi
862 725 917 788 per
938 725 1024 770 suam
1044 709 1139 772 lucem
1160 707 1326 774 illuminat·
1350 709 1404 772 Sic

174 809 247 872 imm
269 805 590 872 Thessalonicensibus
617 815 771 887 precatur:
808 807 879 889 lpse
906 817 1006 871 eutem
1026 809 1109 874 llaec
1130 823 1162 876 at
1181 809 1275 876 Potor
1295 821 1403 875 noster

173 919 206 974 et
229 909 380 972 Donusa
413 909 500 972 lusa
533 907 674 972 Cinam
706 909 818 988 dirique
849 911 930 971 οιίιιιι
962 920 1101 972 oestron
1127 911 1167 974 od
1192 930 1262 984 uos,
1293 911 1403 993 quibua

175 1009 276 1072 serbis
298 1007 396 1076 Patris
419 1017 450 1072 et
469 1007 537 1072 lilii
558 1007 702 1072 unitatem
723 1007 861 1071 samarit.
893 1007 968 1072 Nam
989 1027 1052 1070 non
1066 1009 1141 1072 dixit
1153 1011 1298 1092 uriom,
1316 1013 1404 1094 qtrasi

175 1109 284 1192 duplex
305 1110 398 1190 gratia
419 1129 436 1173 a
459 1109 578 1174 duobus
600 1128 708 1190 nempe
729 1111 767 1173 ah
788 1110 840 1172 illo
862 1119 893 1172 st
912 1109 964 1172 illo
986 1111 1123 1185 daretur,
1146 1109 1200 1173 sed
1221 1113 1347 1192 dirique,
1370 1123 1404 1178 ut

175 1209 255 1274 ibam
276 1230 295 1273 a
315 1211 403 1276 Patre
423 1229 479 1292 per
498 1211 606 1274 Filium
629 1211 694 1274 dari
716 1211 912 1292 significarem
940 1229 1017 1292 quae
1039 1211 1160 1293 quidem
1181 1211 1290 1293 impios
1311 1231 1404 1294 coge-

77 1337 87 1346 ·
174 1320 244 1374 rent
263 1306 369 1374 saltem
390 1311 578 1387 crubescere,
600 1312 659 1376 nisi
682 1313 860 1376 erubescere
881 1311 1005 1376 nubent
1095 1322 1100 1330 '

264 1719 315 1780 12.
357 1715 491 1795 Namque
506 1711 547 1780 ‘si
573 1735 636 1780 non
666 1725 749 1780 esset
776 1717 891 1790 unius,
924 1735 980 1780 neo
1007 1717 1135 1779 verbnm
1162 1724 1287 1780 naturae
1306 1715 1405 1780 Petris
1534 1713 1540 1728 '

175 1815 317 1898 proprius
340 1824 420 1880 esset
440 1818 528 1891 ictus,
552 1825 585 1879 nt
604 1817 680 1882 lucis
704 1817 856 1898 splendor,
879 1819 935 1881 sed
954 1818 1048 1881 Filius
1069 1837 1086 1880 a
1107 1818 1195 1882 Patre
1217 1819 1323 1880 natura
1343 1817 1405 1880 dii·

176 1917 263 1989 ierst,
286 1915 359 1980 satia
381 1927 462 1980 certe
484 1927 568 1980 esset
589 1917 616 1980 si
639 1919 723 1982 solus
745 1921 834 1982 Pater
854 1918 948 1994 daret,
970 1937 1037 1982 oum
1060 1919 1169 1983 nullam
1191 1935 1255 1981 rem
1277 1926 1406 1981 meatem
1536 1999 1540 2007 Ι

176 2017 209 2080 iu
230 2018 335 2082 dandis
356 2019 459 2099 gratiis
482 2019 596 2082 sociam
617 2019 725 2082 habeat
740 2019 873 2082 Creator.
906 2020 1095 2100 Quapropter
1115 2020 1165 2082 bic
1184 2019 1274 2082 dandi
1295 2018 1405 2080 modun

176 2117 295 2198 signorm
328 2127 375 2182 est
405 2119 528 2182 unitatis
556 2120 655 2181 Patris
684 2129 714 2180 st
738 2119 819 2181 Filii.
862 2119 956 2181 Nemo
984 2121 1073 2200 igitur
1100 2119 1171 2199 quid
1193 2137 1210 2180 a
1231 2111 1294 2180 ilco
1317 2127 1348 2182 et
1367 2115 1407 2180 ab

175 2219 296 2299 Angelis
318 2227 370 2282 aut
390 2219 488 2299 aliqua
515 2219 572 2280 alia
598 2238 632 2280 re
660 2227 758 2280 creata
785 2228 922 2299 precatus
953 2219 1057 2292 luerit,
1091 2236 1239 2296 nemoque
1269 2217 1408 2297 cuiquam

176 2321 299 2382 dixerit:
323 2319 379 2380 llet
400 2319 453 2380 tibi
467 2318 548 2381 Deus
571 2327 601 2380 et
615 2319 760 2398 Angelum
783 2318 836 2380 sed
860 2337 934 2398 quae
954 2335 1120 2398 precamur,
1143 2318 1263 2380 aPatre
1285 2314 1405 2380 etFilio

177 2437 336 2498 precamur
368 2419 407 2480 ob
439 2437 545 2480 eornm
575 2419 719 2481 unitatem
752 2417 927 2498 unicamque
959 2418 1161 2481 donationem.
1211 2418 1295 2491 Quae
1326 2415 1408 2480 enim

178 2519 297 2592 dautur,
319 2537 375 2599 per
394 2518 502 2582 Filium
524 2520 649 2594 dautur,
671 2520 804 2600 nihilque
827 2520 950 2582 omnino
972 2519 1120 2600 estquod
1141 2537 1203 2582 non
1224 2533 1280 2600 per
1299 2517 1407 2584 Filium

177 2619 286 2682 efficiat
312 2619 417 2696 Pater;
449 2620 577 2700 hincque
603 2629 681 2684 certa
708 2632 739 2685 et
766 2639 873 2684 secura
900 2629 948 2684 est
975 2620 1083 2701 gratim
1117 2639 1205 2701 quam
1232 2619 1406 2699 accipimus.

179 2716 268 2796 osso
290 2721 319 2786 ei
339 2722 508 2786 Patrlarcba
529 2723 618 2786 laeoh
640 2723 703 2788 suis
724 2723 884 2803 nepotibus
905 2723 1048 2803 Ephraim
1070 2732 1101 2784 et
1121 2723 1257 2786 lienosos
1278 2719 1406 2782 benedi·
1443 2765 1448 2774 .

176 2841 249 2886 cens
271 2821 359 2886 dixit:
388 2824 490 2900 Dese,
520 2831 572 2906 qui
595 2830 696 2906 poscit
717 2843 763 2887 mc
784 2845 803 2887 o
825 2830 980 2888 iuuentute
1001 2843 1067 2886 meo
1085 2843 1180 2906 eaque
1202 2827 1236 2886 io
1253 2839 1407 2902 praeses·

179 2934 238 2984 tera
259 2923 350 2992 dieat,
379 2923 526 3002 Auqeiue,
555 2929 608 3004 qui
627 2928 710 2986 eterit
730 2943 777 2986 mc
798 2925 833 2986 de
857 2929 971 2987 cunctis
992 2922 1099 2999 molis,
1127 2924 1280 2986 bmedicot
1297 2923 1407 3001 poteria

177 3025 264 3096 istis,
296 3039 483 3100 nequaquam
511 3039 546 3082 ea
579 3023 661 3084 hisce
691 3021 789 3084 verbis
821 3023 950 3101 aliquem
980 3041 1015 3083 ea
1044 3019 1151 3082 creatis
1179 3032 1210 3082 ct
1230 3020 1283 3098 qui
1303 3021 1410 3083 nauca

181 3130 254 3182 sunt
267 3120 369 3200 angoti
392 3139 460 3184 cunr
474 3121 547 3194 Deo,
570 3140 587 3183 a
609 3140 669 3202 qno
692 3123 782 3184 usati
805 3129 885 3196 sunt,
908 3121 1102 3184 coniunxisse
1123 3118 1336 3182 existimandus
1351 3127 1408 3192 cst,

180 3240 278 3302 neque
298 3221 361 3284 ileo
384 3221 478 3284 altore
499 3241 555 3287 suo
579 3223 705 3284 dimisso
727 3223 965 3284 benedictionem
985 3241 1041 3303 pro
1064 3219 1223 3301 nepotibus
1244 3217 1281 3282 ab
1294 3217 1408 3298 ringeln

179 3323 377 3404 poposcisse,
406 3323 460 3386 sed
488 3323 536 3386 his
565 3324 652 3386 dietis
685 3325 749 3398 Qui
774 3328 856 3386 eruit
882 3341 928 3386 me
958 3324 994 3390 de
1015 3325 1131 3386 mactis
1151 3319 1242 3384 mulia
1265 3317 1409 3393 ostendit,

178 3441 241 3486 non
262 3425 389 3506 aliquem
416 3443 453 3487 ex
481 3426 588 3488 creetis
616 3425 754 3506 Angelis,
789 3425 842 3488 sed
870 3424 925 3486 liei
953 3441 1022 3486 esse
1049 3421 1194 3496 Verbum,
1228 3419 1309 3502 quod
1341 3435 1411 3485 cunt
1439 3501 1442 3508 ²

178 3525 266 3590 Patre
287 3526 318 3588 in
342 3525 476 3588 oratione
498 3527 691 3601 consociavit,
714 3525 784 3608 quia
804 3541 859 3608 per
881 3525 979 3605 ipsum
993 3511 1074 3587 Dens
1097 3541 1174 3604 quos
1189 3521 1316 3584 voluerit
1329 3517 1407 3584 libe·

178 3705 327 3775 Σαβέὶλιον
349 3703 396 3757 soi
413 3700 525 3779 'Aponon
560 3711 651 3762 ibidem
670 3712 726 3774 iles.
747 3711 770 3762 i.
821 3713 965 3762 obtenturos
983 3723 1121 3776 speramns,

180 3788 204 3828 et
222 3781 323 3856 Sequeq.
341 3769 366 3826 al
387 3771 442 3842 γὰρ
459 3771 497 3845 μὴ
516 3763 558 3838 ἦν.
593 3780 655 3829 Editi
673 3771 698 3828 si
713 3773 769 3844 γὰρ
855 3794 878 3841 q.
897 3779 953 3840 itaq.
969 3779 991 3827 l.
1010 3785 1034 3826 et
1051 3777 1150 3840 Segner.
1168 3773 1217 3824 coo
1234 3771 1309 3824 θεοῦ.
1344 3771 1410 3824 batti

177 3840 226 3894 atei
242 3839 279 3911 peri
299 3859 342 3904 ην.
821 3856 846 3896 et
863 3845 903 3896 alii
921 3841 972 3893 aori
987 3838 1100 3912 πατρός.
1456 3905 1463 3912 ·

214 3913 237 3962 d.
257 3914 313 3974 itaq.
334 3911 357 3960 l.
376 3919 400 3962 et
417 3910 489 3972 Sego.
513 3901 567 3958 ἀπὸ
591 3909 641 3960 aori
656 3905 769 3978 πατρός.
855 3914 879 3962 h.
899 3914 1002 3976 uterque
1025 3912 1082 3973 lleg.
1102 3917 1127 3960 et
1143 3910 1242 3986 δορις.
1265 3901 1312 3958 sat
1329 3898 1344 3955 d
1361 3895 1411 3970 ἄν·

78 4031 83 4038 ,
179 3981 207 4030 lu
226 3979 279 4030 aliis
297 3986 321 4029 et
339 3977 410 4028 editis
428 3977 496 4027 deest
514 3968 577 4027 ἀπό.
819 3975 905 4042 reios·
933 3978 1011 4028 Ceteri
1030 3985 1054 4028 et
1072 3978 1128 4028 editi
1144 3989 1191 4025 και
1264 3970 1329 4028 stoc.
1357 3974 1411 4023 lior

215 4063 236 4094 e.
257 4047 313 4107 llep.
333 4046 354 4095 l.
374 4053 398 4095 et
415 4045 514 4107 Sequor.
532 4036 548 4103 ἦ
566 4035 644 4104 αὐτή,
674 4042 771 4094 Editiet
820 4036 1204 4160 Ηες.1.ιι,8ιῖιιιι.καὶὲνο
1246 4041 1273 4102 ri.
1306 4041 1369 4092 diditi
1386 4048 1413 4090 st

180 4114 222 4164 alii
241 4105 396 4172 denserier.
822 4113 863 4162 alii
880 4106 927 4160 arci
942 4123 994 4170 την
1022 4105 1123 4171 roardi.

216 4182 233 4229 i.
256 4181 333 4230 Nemo
357 4181 416 4230 haec
434 4179 458 4228 S.
476 4179 598 4230 Athanasii
616 4177 687 4228 rerba
705 4183 773 4242 putet
856 4180 872 4228 i.
891 4180 948 4238 iles.
968 4178 991 4227 1.
1008 4179 1080 4240 Ssqu.
1099 4185 1122 4230 st
1146 4180 1253 4231 dracena
1270 4175 1412 4239 Scripturas
1470 4186 1472 4194 ·

180 4249 282 4296 oillcere
305 4247 448 4296 Sanctorum
475 4245 627 4297 invocationi.
661 4245 771 4310 Namque
822 4253 900 4296 leatus
923 4239 938 4292 d
962 4237 1093 4312 palpale
1113 4258 1156 4312 μι
1197 4245 1260 4298 Editi
1282 4249 1307 4292 et
1329 4229 1411 4290 aliti

183 4328 238 4364 cum
255 4315 358 4375 huqelor
377 4322 417 4364 ant
434 4315 537 4364 Sanctus
556 4315 703 4373 invocemus,
722 4325 771 4364 uon
822 4305 1031 4380 ριισᾶμενόςμε.
1396 4367 1411 4378 ..

182 4382 214 4429 ah
232 4379 280 4430 illis
297 4379 438 4430 sedebec
462 4381 582 4431 honorum
599 4383 707 4431 omniurn
725 4395 770 4430 au·
815 4414 817 4423 ·
856 4381 879 4430 i.
896 4383 1054 4446 Sicuterqns
1073 4381 1129 4442 lieq.
1148 4387 1171 4428 et
1188 4379 1290 4438 hequem
1323 4368 1415 4421 atala
1447 4391 1448 4396 ¹
1533 4403 1540 4412 ι

183 4454 251 4497 ctore
274 4462 335 4512 qnae
358 4449 462 4512 petimus
485 4447 546 4513 ipsis
563 4448 769 4502 intercedentibus
821 4456 849 4500 et
865 4447 922 4500 editi
940 4447 1084 4510 usstiurei,
1104 4445 1230 4498 mendose.
