3176 5058
417 331 562 375 sarstono
577 332 615 374 nu
629 331 773 375 annueris
788 331 932 374 ormense
948 331 1065 374 sunum.
1157 369 1161 376 .
1312 314 1353 376 87

187 503 224 546 en
247 481 309 544 lieo
332 499 419 556 vero,
448 483 597 561 genitum,
626 499 687 544 non
716 483 840 556 lactum,
872 478 1154 543 consubstantialem
1175 479 1272 552 Patri,
1301 491 1440 559 peresos.

188 601 278 664 quem
302 583 401 646 omnia
424 585 498 645 laeta
520 591 600 658 sunt,
623 584 685 645 sire
707 601 782 662 quae
804 583 834 644 in
857 582 937 644 caelo
960 582 1022 644 sive
1044 599 1119 662 quae
1134 581 1165 642 in
1181 587 1258 643 terra
1274 590 1355 656 sunt,

188 686 239 766 qui
261 693 386 767 propter
408 702 464 746 nos
486 684 622 746 homines
652 694 682 746 et
702 693 826 765 propter
849 691 982 744 nostram
1004 682 1128 745 salutem
1152 681 1305 744 descendit
1326 689 1441 744 strare.

188 786 361 872 incarnatus
384 795 439 859 est,
461 784 551 846 bomo
574 787 668 846 lactus
692 794 749 860 est,
770 803 876 865 passus
899 795 946 846 est
967 793 996 846 et
1018 783 1180 846 resurrexit
1195 784 1280 844 tertia
1295 783 1354 857 die,

190 887 326 949 ascendit
353 887 384 948 in
413 886 510 948 caelos
540 896 569 948 et
602 887 701 948 reniet
721 886 900 948 iudioctnms
922 885 1003 946 viros
1026 894 1056 946 et
1077 892 1221 947 mortuos.
1266 883 1303 946 Et
1324 885 1355 946 in

193 986 335 1066 Spiritum
359 995 503 1050 sanctum.
547 987 618 1049 lllos
641 1005 712 1048 rere
735 987 786 1066 qui
809 987 918 1060 dicunt,
943 986 1018 1061 „luit
1040 987 1195 1068 aliquando
1212 1005 1278 1048 oum
1294 1003 1356 1048 non

196 1094 334 1161 „esset,“
358 1096 401 1148 et:
432 1095 609 1168 „antequam
632 1089 749 1169 genitus
772 1095 902 1150 estnon
925 1095 1025 1162 erat,“
1050 1095 1093 1150 et:
1118 1107 1175 1160 „ex
1196 1087 1355 1150 non-exi-

198 1187 368 1262 „stentibus
392 1191 453 1251 sire
476 1180 511 1251 e'x
532 1190 627 1252 nihilo
649 1191 744 1252 laetus
767 1196 851 1265 est,“
881 1189 926 1250 vel
956 1189 1006 1269 qui
1028 1189 1081 1250 Dei
1102 1189 1208 1250 Filium
1237 1207 1270 1251 en
1300 1187 1356 1251 alia

196 1289 348 1369 hypostasi
367 1290 412 1352 rel
433 1291 596 1354 substanu'a
619 1309 685 1354 esse
707 1300 757 1353 aut
778 1299 907 1352 creatum
930 1309 998 1352 esse
1019 1299 1070 1352 aut
1090 1291 1198 1352 mutari
1212 1291 1257 1352 rel
1280 1307 1356 1352 oon-

195 1390 273 1452 rerti
295 1408 383 1468 posse
404 1393 545 1466 sentiunt,
569 1393 754 1455 anathemate
776 1391 845 1453 terit
866 1392 1006 1454 catholica
1029 1392 1170 1454 Ecclesia.

218 1597 249 1658 5.
291 1591 352 1654 Hae
383 1593 481 1674 itaque
514 1593 550 1655 ab
577 1593 634 1656 illis
662 1593 740 1656 edita
767 1594 893 1656 lormulo
926 1593 1076 1656 noluimus
1109 1593 1266 1666 assentiri,
1300 1585 1358 1654 niti

125 1703 289 1778 postquam
312 1693 467 1772 diligenter
488 1695 525 1756 ab
546 1695 621 1776 ipsis
645 1693 861 1774 inquisivimus,
884 1715 1014 1776 quonam
1036 1695 1125 1757 modo
1146 1695 1291 1758 dixissent
1305 1693 1356 1755 Fi-

125 1797 202 1860 lium
225 1815 261 1858 ex
282 1794 445 1858 substantia
466 1796 562 1859 Patris
593 1805 623 1858 et
643 1796 721 1858 Patri
753 1796 1032 1859 consubstantialem
1065 1815 1144 1858 esse.
1188 1797 1358 1875 llincergo

126 1908 231 1962 motae
253 1905 329 1960 sont
355 1897 544 1976 quaestiones
573 1907 603 1959 et
629 1898 862 1978 responsiones,
895 1899 1021 1979 quisque
1049 1897 1167 1960 illorum
1197 1897 1369 1960 verborum

130 2018 241 2063 sensus
263 2007 358 2075 esset,
387 2000 504 2062 ratione
526 2007 574 2060 est
593 1999 800 2060 examinatum.
843 1999 943 2080 ltaque
965 2001 1043 2061 inter
1066 2018 1118 2061 eos
1141 1997 1279 2060 convenit
1299 1999 1358 2059 ista

128 2101 260 2165 dictione
280 2119 320 2163 ero
341 2101 514 2166 substantio
537 2099 711 2180 significari,
743 2099 850 2161 Filium
878 2119 946 2162 esse
969 2099 1087 2180 quidem
1110 2117 1145 2160 ex
1167 2099 1273 2172 Patre,
1295 2116 1358 2160 non

127 2211 229 2266 tamen
247 2201 330 2264 velut
351 2212 464 2281 partem
486 2201 583 2264 Petris
605 2201 744 2262 existere.
788 2201 883 2274 Quam
907 2219 978 2262 sano
1001 2199 1179 2262 sententiam
1201 2199 1289 2262 nobis
1306 2218 1358 2260 re-

125 2307 209 2366 ctum
229 2303 325 2364 visum
348 2311 395 2364 est
416 2301 553 2383 amplecu‘
577 2310 680 2383 utpote
702 2311 932 2364 consentaneam
954 2301 1020 2380 piae
1042 2299 1203 2374 doctrinae,
1230 2320 1287 2379 qua
1308 2300 1359 2360 ni-

128 2403 239 2464 mirmn
260 2402 440 2476 declaratur,
467 2404 573 2466 Filium
601 2423 635 2466 ex
658 2403 746 2465 Patre
775 2401 892 2482 quidem
916 2419 1002 2473 esse,
1030 2417 1091 2461 non
1119 2407 1216 2460 tanmn
1244 2407 1359 2480 partam

134 2501 201 2562 eius
228 2501 410 2564 substantiae
439 2503 575 2566 existere.
626 2505 773 2578 Quocirca
806 2502 893 2565 nobis
922 2519 1041 2582 quoque
1068 2501 1206 2582 placitum
1233 2508 1296 2574 est,
1327 2508 1360 2562 ut

129 2603 311 2664 sententiam
331 2603 419 2666 istam
440 2605 683 2685 approbaremus.
726 2605 829 2684 Neque
852 2604 939 2666 etiam
966 2603 1233 2666 consubstantialis
1255 2621 1357 2664 rocem

122 2703 358 2783 repudiavimus,
381 2725 446 2769 cum
468 2715 592 2788 propter
611 2706 694 2787 pacis
717 2704 850 2780 bonum,
873 2705 952 2784 qnod
974 2705 1062 2768 nobis
1083 2713 1152 2767 ante
1175 2705 1277 2768 oculos
1298 2723 1358 2784 po-

127 2805 281 2866 tissimum
302 2807 487 2881 versabatur,
509 2817 632 2870 tumne
654 2827 671 2868 a
692 2816 772 2869 recta
794 2808 939 2870 sententia
962 2806 1176 2869 decideremus.

221 2909 250 2968 b.
294 2907 434 2968 Similiter
461 2907 636 2968 admisimus
657 2925 745 2968 voces
759 2913 901 2988 'penatum
922 2919 950 2972 et
971 2927 1034 2972 oon
1061 2910 1192 2988 foetum,
1223 2908 1358 2988 quando·

139 2999 256 3078 quidem
277 3004 352 3066 lianc
372 3024 475 3066 rorem
500 3007 619 3084 sectum
639 3025 822 3070 communem
851 3029 918 3071 esse
944 3007 1041 3072 aiebat
1067 3019 1231 3072 ceterarum
1258 3027 1359 3070 rerum

138 3107 313 3175 creatarum,
335 3121 410 3182 quae
431 3123 484 3182 per
506 3103 611 3165 Filium
633 3106 725 3168 laetae
747 3117 824 3182 sunt,
846 3129 970 3190 quarum
991 3110 1064 3172 nihil
1080 3110 1176 3172 simile
1190 3109 1282 3172 Filius
1303 3110 1358 3172 ho·
1397 3181 1400 3186 ,

136 3201 236 3278 beret,
270 3221 305 3264 ae
332 3203 456 3282 proinde
484 3204 584 3286 ipsum
612 3223 671 3268 uon
701 3225 768 3268 esse
794 3227 856 3272 rem
883 3213 987 3274 lactmn
1016 3210 1106 3272 rebus
1135 3210 1193 3273 illis
1221 3210 1358 3285 similem,

135 3320 210 3384 quae
230 3323 285 3386 per
306 3325 372 3368 eum
395 3308 486 3369 laetae
508 3317 594 3382 sunt,
628 3308 680 3370 sed
708 3313 931 3390 praestantioris
961 3331 1047 3392 quam
1069 3329 1119 3372 res
1142 3330 1245 3374 omnes
1266 3313 1358 3374 lactas

135 3404 316 3468 substantiae
338 3427 420 3482 esse,
449 3428 536 3490 quam
566 3429 601 3472 ex
621 3409 709 3472 Patre
738 3431 806 3474 esse
834 3414 961 3492 genitam
983 3413 1079 3476 divina
1101 3413 1209 3476 docent
1230 3412 1357 3486 oracula,

134 3505 255 3570 modurn
277 3516 370 3570 autem
393 3511 593 3590 generatonis
614 3511 851 3591 inexplicabilem
872 3523 968 3588 esse,'
984 3533 1040 3577 nec
1067 3515 1103 3578 ab
1125 3514 1184 3576 ulla
1205 3515 1279 3576 locta
1301 3531 1357 3576 no-

134 3617 200 3670 tura
220 3627 312 3688 posse
332 3611 441 3691 percipi
463 3622 514 3674 aut
536 3612 668 3694 cogitari.

219 3711 246 3773 7.
266 3793 273 3806 ⁸
290 3709 334 3774 Re
356 3711 426 3776 item
449 3713 613 3776 examinata
635 3713 840 3776 confirmatum
863 3723 919 3788 est,
941 3714 1047 3778 Filium
1062 3714 1143 3777 Patri
1157 3713 1356 3778 consubstan-

129 3811 228 3876 tialem
258 3830 325 3874 esse
353 3832 414 3874 non
443 3833 601 3894 corporum
630 3823 680 3876 aut
708 3815 875 3876 mortalium
909 3814 1099 3878 animantium
1128 3833 1227 3890 more3
1259 3833 1357 3895 neque

127 3915 208 3978 enim
237 3911 268 3974 id
296 3911 358 3974 lieri
386 3913 531 3978 divisione
562 3915 744 3978 substantiae
766 3924 818 3978 aut
837 3915 1024 3996 praecisione
1046 3935 1142 3995 neque
1164 3916 1260 3997 aliqua
1282 3917 1355 3978 alle·

162 4083 185 4132 3.
204 4065 290 4120 ceras.
315 4055 409 4120 olore
431 4064 482 4116 zoe
508 4061 621 4136 πατρός.
657 4069 718 4118 rara.
803 4069 826 4118 u.
850 4055 891 4119 ste
915 4069 972 4132 neg.
998 4069 1072 4118 coro
1097 4077 1121 4118 o
1145 4068 1218 4118 errato
1238 4067 1356 4119 commo.

126 4139 242 4190 Socrates
261 4123 430 4199 ὦμολᾶγητο.
767 4140 796 4188 tt
814 4136 944 4196 Theodor,
963 4135 1031 4185 Soet.
1051 4143 1074 4186 et
1092 4135 1171 4188 Gelas.
1190 4127 1321 4204 ἔφασκον.

160 4207 184 4256 b.
196 4205 322 4323 {cereres
339 4202 433 4252 ταῦτα,
612 4237 618 4244 -
802 4203 818 4254 Ι.
837 4204 958 4254 Tbeodor.
975 4196 1053 4268 μηδέ.

160 4275 176 4324 l.
218 4269 433 4322 teodormsoer.
453 4266 647 4338 συντιθέμεθα.
665 4271 717 4322 llos
803 4285 835 4323 m.
853 4273 966 4322 Socrates
985 4263 1091 4340 ὅμοιον.

126 4341 248 4393 Tbeodor.
280 4344 305 4386 et
323 4339 403 4389 Gelas.
422 4341 535 4390 omittunt
551 4337 601 4388 τοῦ
619 4331 718 4405 ipson·
802 4355 825 4390 n.
845 4340 885 4389 Sic
902 4340 976 4390 editio
994 4340 1113 4392 Commel.
1132 4355 1177 4390 nec
1195 4353 1243 4389 non
1262 4337 1353 4390 Tbeod.

126 4410 194 4458 eloe.
219 4408 249 4456 lit
275 4414 403 4469 praeterea
421 4407 541 4457 Tteodcr.
561 4408 633 4457 habet
649 4419 719 4458 uo·
768 4415 792 4457 et
810 4407 890 4459 Gelos.
926 4409 953 4458 dt
972 4409 1028 4471 lleg.
1047 4423 1092 4458 ms.
1111 4399 1247 4473 τυγχάνει.

127 4469 293 4556 nerobpeda.
327 4473 357 4522 lit
374 4475 447 4538 paule
466 4483 522 4539 post
538 4468 592 4544 πρὸ
611 4419 717 4541 desub·
804 4490 827 4526 o.
845 4476 958 4526 Socrates
975 4473 1100 4542 ymnrpi.

125 4539 297 4611 protomartir.
803 4557 827 4608 p.
846 4543 967 4594 Theodor.
986 4551 1010 4594 et
1027 4544 1106 4594 Gelas.
1125 4535 1246 4600 curiora.
