3174 5082
249 302 290 366 22
627 335 631 342 -
649 317 676 366 s,
690 313 844 358 ιτιιιαιειι
859 311 1079 358 ιεοειεειεεσνι

159 431 236 528 λκιο.
246 487 316 545 τοις
343 473 416 544 τοῖς
446 462 603 550 ῥήμασιν,
632 457 683 540 οἷς
711 463 883 530 αἰτιῶνται
905 465 961 530 νῦν
983 449 1092 528 οὑτοι·
1122 461 1204 546 λέγω
1227 458 1266 546 δή
1289 459 1335 547 τῷ
1359 459 1393 526 ἐκ
1415 463 1481 546 τῆς

245 561 361 645 οὐσίας
381 566 435 632 καλ
457 557 513 649 τῶ
528 559 705 651 όμοσυσίηι,
728 567 782 632 καὶ
804 559 857 631 ότι
878 563 960 652 μήτε
980 567 1102 647 κτίσμα
1123 553 1144 648 ἢ
1166 565 1296 646 ποίημα
1309 559 1391 648 μήτε
1405 565 1479 628 τῶν

244 670 387 756 γενητῶν
409 665 499 732 ἐστιν
522 660 540 731 ό
561 669 620 732 τοῦ
642 668 726 733 θεοῦ
748 665 827 748 υἱός,
852 659 936 734 άλλὰ
956 670 1099 751 γέννημα
1120 662 1173 729 ”in
1195 665 1254 748 τῆς
1275 655 1390 740 σύσίας
1413 671 1478 727 τοῦ

244 767 374 856 πατρός
407 766 495 834 ἐστιν
529 763 546 831 ό
579 765 683 853 λόγος.
727 769 781 834 καὶ
809 767 848 833 τό
870 793 906 854 γε
934 765 1139 852 παράδοξον,
1163 757 1324 848 Εὐσέβιος
1353 757 1371 828 ό
1400 757 1477 828 άπὸ

245 874 449 956 Καισαρείας
469 871 528 957 τῆς
548 869 782 956 Παλαιστίνης,
805 875 861 934 καί
881 892 936 935 τοι
958 867 1025 955 πρό
1046 869 1127 952 μιᾶς
1149 859 1356 952 άρνούμενος,
1380 859 1477 948 ὅμως

168 992 172 1004 ’
244 968 382 1058 ὕστερον
403 965 609 1057 ὑπογράψας,
634 969 803 1038 ἐπέστειλε
824 972 863 1056 τῇ
888 969 1040 1058 ἐκκλησίᾳ
1055 969 1182 1048 ἑαυτοῦ,
1208 968 1308 1052 λέγων
1331 965 1477 1051 ι’ταύτην

247 1068 333 1142 εἶναι
359 1075 417 1162 τής
442 1071 610 1160 ἐκκλησίας
631 1070 689 1159 τήν
712 1068 828 1138 πίστιν
850 1074 904 1137 καὶ
926 1073 993 1138 τῶν
1015 1076 1168 1154 πατέριον
1190 1067 1249 1155 τήν
1270 1066 1474 1153 παράδοσιν,

248 1177 335 1242 πᾶσί
354 1199 390 1241 τε
423 1176 573 1262 φανερῶς
601 1173 737 1254 ἔδειξεν,
773 1169 826 1238 ὅτι
855 1170 1017 1259 πρότερον
1046 1170 1252 1259 ἐσφάλλοντο
1279 1171 1332 1235 καὶ
1364 1167 1474 1255 μάτην

160 1299 236 1345 κτα.
247 1275 468 1364 ἐφιλονείκουν
496 1274 584 1362 πρὸς
610 1274 669 1363 τήν
698 1269 869 1364 άλήθειαν.
916 1271 944 1340 εί
965 1272 1027 1360 γὰρ
1049 1277 1102 1339 καί
1125 1267 1272 1359 ᾐσχύνθη
1295 1269 1371 1338 τότε
1392 1269 1475 1336 ταύ·

244 1403 317 1458 ταις
337 1387 413 1457 ταῖς
433 1379 541 1458 λέξεσι
562 1375 706 1462 γράψαι,
729 1379 783 1443 καί
807 1371 852 1454 ῶς
874 1369 1036 1464 ἠθέλησεν
1059 1368 1158 1452 αὑτός
1179 1367 1409 1460 ἀπελογήσατο
1431 1375 1473 1459 τῇ

245 1479 410 1568 ἐκκλησίᾳ,
436 1473 520 1545 άλλά
542 1503 578 1565 γε
601 1477 658 1544 διὰ
678 1480 737 1562 τής
760 1477 937 1565 ἐπιστολῆς
959 1475 998 1542 τὸ
1021 1471 1199 1560 όμοοόσιον
1220 1478 1274 1540 καί
1297 1472 1336 1540 τό
1358 1474 1392 1542 ἐκ
1414 1477 1474 1560 τής

245 1576 359 1659 ούσίας
388 1579 432 1665 μή
462 1576 700 1666 ἀρνησάμενος,
732 1582 882 1666 φανερῶς
909 1581 1006 1644 τοῦτο
1036 1580 1180 1664 σημᾶναι
1207 1575 1371 1660 βούλεται.
1417 1578 1471 1642 καὶ

245 1686 403 1748 πέπονθέ
425 1705 458 1744 τι
487 1677 629 1745 δεινόν·”
659 1675 704 1758 ιὺς
732 1680 793 1766 γὰρ
823 1677 1105 1768 ἀπολογούμενος,
1128 1677 1329 1766 κατηγόρησε
1350 1677 1472 1744 λοιπόν

244 1784 311 1847 τῶν
330 1775 527 1866 Ἀρειανῶν,
564 1776 616 1846 ότι
648 1780 849 1867 γράψαντες·
879 1777 936 1848 ούκ
964 1769 1002 1868 ἦν
1027 1777 1044 1847 ό
1067 1780 1138 1858 υἱός
1160 1781 1241 1866 πρὶν
1261 1781 1470 1867 γεννηθῆναι,

246 1875 305 1947 οὑκ
331 1879 456 1966 ἤθελον
479 1876 579 1947 αύτόν
601 1875 686 1948 εἶναι
708 1876 782 1950 οόδέ
805 1883 872 1968 πρό
894 1885 952 1970 τῆς
973 1882 1057 1950 κατὰ
1079 1881 1185 1967 σάρκα
1206 1886 1371 1968 γενέσεως.
1416 1887 1470 1948 καὶ

245 1983 344 2048 τοῦτο
374 1976 443 2049 οἶδε
469 1985 523 2049 καί
542 1977 708 2064 Ἀκάκιος,
743 1977 782 2051 ἂν
803 1983 848 2072 μή
870 1987 924 2051 καὶ
947 1980 1046 2064 αὐτὸς
1069 1985 1234 2072 φοβηθεὶς
1256 1985 1312 2050 νῦν
1336 1983 1392 2050 διὰ
1413 1982 1470 2049 τὸν

146 2131 150 2138 -
245 2081 360 2169 καιρόν
387 2079 603 2173 ὑποκρίνηται
628 2089 682 2152 καί
706 2079 886 2173 άρνήσηται
906 2085 965 2174 τήν
988 2081 1159 2174 ἀλήθειαν.
1204 2079 1373 2164 ’ὑπέταξα
1394 2089 1471 2170 γοῦν

246 2183 281 2252 ίν
302 2187 349 2270 τῶ
371 2187 458 2252 τέλει
477 2186 536 2275 τήν
559 2187 737 2276 ἐπιστολήν
758 2183 937 2274 Εύσεβίσυ,
967 2189 1024 2255 ίνα
1046 2187 1080 2255 ἐκ
1102 2185 1221 2274 ταύτης
1242 2189 1327 2272 γνῷς
1348 2189 1415 2253 τῶν
1436 2211 1470 2255 τε

243 2286 472 2373 γριστομάχων
500 2291 554 2356 καὶ
581 2289 664 2356 κατὰ
692 2289 849 2377 περιττὸν
878 2288 936 2374 τήν
955 2283 1110 2355 ’Λκακίυυ
1139 2286 1224 2375 πρὸς
1245 2287 1322 2367 τοὺς
1345 2288 1469 2356 ἐσυτῶν

244 2387 462 2469 διδασκάλους
484 2384 727 2477 άγναιμοσὺνην.
1343 2469 1352 2477 ,

244 2557 247 2564 ,
329 2499 360 2558 4.
404 2495 486 2569 Πῶς
506 2499 617 2559 τοίνυν
640 2487 698 2558 οὑκ
722 2487 892 2558 ἀδικοῦσιν
915 2481 1022 2571 οὑτοι,
1047 2484 1106 2578 κήλν
1129 2488 1371 2575 ἐνθυμούμενοι
1392 2491 1468 2574 ’μό-

244 2613 301 2658 νον
324 2586 503 2676 άντιλέγειν
525 2593 564 2678 τῇ
587 2591 730 2680 τοσαύτη
754 2595 806 2659 καί
824 2592 1029 2679 οἰκουμενικῇ
1046 2591 1194 2679 σννόδφ,·
1217 2595 1292 2672 πῶς
1307 2586 1345 2659 ού
1359 2615 1468 2677 παρα-

244 2693 384 2776 νομοῦσι
419 2692 604 2774 τολμῶντες
633 2687 842 2778 άντιβλέπειν
870 2703 942 2772 τοῖς
967 2695 1074 2772 καλῶς
1103 2689 1276 2779 ὑρισθεῖσι
1303 2693 1384 2760 κατὰ
1406 2697 1464 2779 τῆς

241 2787 414 2879 Ἀρειανής
436 2791 592 2877 αἱρέσεως
613 2796 668 2859 καὶ
689 2801 969 2881 μαρτυρουμένους
990 2791 1057 2861 ὑπὸ
1079 2799 1146 2861 τῶν
1168 2789 1287 2874 αὑτοὺς
1309 2793 1464 2882 πρότερον

246 2886 376 2979 ἀσεβεῖν
399 2893 619 2977 διδαξάντωνς
642 2894 672 2962 εί
695 2896 729 2964 δέ
752 2899 806 2962 καί
827 2894 911 2979 μετὰ
931 2894 970 2962 τὸ
992 2892 1190 2984 ὑπογράψαι
1202 2898 1420 2984 μετεβάλοντο
1436 2899 1467 2964 σί

244 2996 322 3081 περὶ
344 2989 520 3084 Εύσέβισν,
549 2999 602 3064 καὶ
632 2993 676 3076 ῶς
705 2995 797 3076 κύνες
825 2997 872 3076 είς
899 2995 937 3064 τό
966 2997 1052 3065 ’ίδισν
1076 2999 1217 3085 ἐξέραμα
1238 3001 1296 3084 τής
1318 2989 1468 3085 άσεβείας

244 3095 454 3186 ἐπέστρεψαν
463 3101 492 3180 ¹),
521 3101 596 3178 πῶς
624 3093 694 3184 οὑχλ
726 3103 779 3166 καὶ
807 3099 933 3184 μᾶλλον
956 3097 1046 3180 άξιοι
1067 3096 1241 3195 μίσουςιοὶ
1263 3103 1319 3168 νῦν
1342 3095 1467 3168 άντιλέ-
1525 3101 1530 3108 ’

241 3223 362 3284 γοντες,
386 3197 440 3267 ότι
461 3200 518 3286 τήν
542 3201 735 3288 ἐλευθερίαν
757 3204 815 3285 τής
837 3201 961 3266 ἑαυτῶν
983 3205 1091 3289 ψυχῆς
1114 3199 1227 3281 ἄλλοις
1248 3208 1467 3289 προπίνοντες

241 3299 378 3381 τούτους
404 3305 458 3368 καί
488 3301 718 3388 καθηγεμόνας
739 3303 798 3387 τής
820 3301 976 3385 αἱρέσεως
999 3303 1082 3386 ἔχειν
1104 3302 1311 3384 ἐέθέλουσιν,
1336 3299 1467 3390 άνθρώ-

243 3425 338 3481 πους,
369 3399 414 3480 ῶς
436 3397 529 3469 εἶπεν
553 3397 571 3466 ὁ
591 3396 756 3484 Ἰάκωβος,
788 3400 947 3486 διψύχους
967 3407 1021 3470 καὶ
1046 3399 1292 3483 άκαταστάτους
1315 3403 1413 3484 ὄντας
1434 3405 1466 3472 ἐν

243 3499 371 3580 πάσαις
392 3509 467 3578 ταῖς
490 3496 583 3578 όδοῒς
604 3493 750 3581 αὑτῶν’),
774 3504 827 3568 καί
849 3502 894 3592 μή
915 3511 996 3587 μίαν
1017 3505 1077 3590 μὲν
1101 3505 1232 3588 ἔχοντας
1246 3505 1466 3594 γνῶμην,άλ-

242 3601 319 3669 λοτε
348 3601 384 3668 δέ
412 3599 521 3680 άλλως
547 3603 864 3688 μεταβαλλομένους,
900 3607 952 3672 καὶ
977 3608 1033 3673 νῦν
1054 3608 1113 3690 μέν
1136 3607 1354 3688 ἐπαινοῦντας
1377 3606 1395 3674 ὑ
1416 3609 1466 3674 λέ-

241 3723 347 3788 γουσι,
370 3696 438 3787 μετ’
464 3697 574 3788 ὀλίγον
597 3703 633 3770 δὲ
654 3711 816 3791 ψέγοντας
831 3701 915 3792 ὅπερ
931 3705 1088 3792 εἰρήκασι,
1104 3711 1156 3773 καί
1173 3707 1276 3776 πάλιν
1293 3710 1465 3778 ἐπαινοῦν-

242 3827 303 3884 τας
326 3800 410 3890 όπερ
431 3804 499 3890 πρὸ
521 3808 638 3892 μικροῦ
661 3807 862 3893 διέβαλλον.ῑ
897 3809 994 3873 τοῦτο
1018 3808 1063 3888 δέ,
1088 3805 1133 3887 ῶς
1151 3805 1318 3900 όΠοιμήν
1333 3811 1463 3898 είρηκεν,

246 3903 376 3992 ἐκγονόν
399 3903 471 3973 ἔστι
492 3905 658 3992 διαβόλου,
682 3913 734 3978 καί
758 3908 915 3978 καπήλων
939 3909 975 3976 δέ
996 3910 1122 3994 μᾶλλον
1138 3914 1191 3978 καί
1209 3907 1247 3978 οὑ
1263 3911 1465 3999 διδασκάλμιν

316 4129 340 4192 1)
359 4129 382 4180 2.
402 4129 465 4180 Petri
484 4129 507 4191 2,
526 4131 566 4182 22.
636 4132 661 4194 2)
680 4135 760 4185 neubi
782 4135 804 4194 1,
823 4131 847 4184 8.

280 4280 303 4316 ε.
322 4265 363 4316 Sic
380 4265 453 4327 neg:
470 4267 499 4316 Δί
521 4266 562 4317 alii
587 4275 611 4317 ει
637 4269 693 4318 editi
710 4263 833 4333 γέννημα
885 4267 923 4317 iici
943 4267 1092 4318 curavimus:
1110 4262 1199 4317 ἔτιτὸ
1218 4261 1466 4350 άναθημαηίζεσθαι

150 4378 153 4384 .
246 4327 292 4382 καὶ
311 4331 358 4392 τήν·
374 4331 424 4382 τοῦ
440 4328 545 4400 πατρὸς
563 4325 667 4388 σὺσίας.
885 4328 915 4382 τὸ
940 4329 994 4400 πρὸ
1020 4334 1068 4384 τοῦ
1089 4333 1253 4400 γεννηθέναι
1277 4350 1325 4386 ουκ
1347 4352 1395 4397 ην,
1420 4328 1465 4384 οὑκ

280 4402 304 4451 b.
322 4391 424 4460 ταύτην
440 4401 590 4466 mamimus
608 4417 635 4451 εκ
653 4415 699 4452 ται.
717 4402 774 4463 neg.
885 4393 990 4450 ἄτοπον
1006 4395 1141 4470 ἐνομίσθη
1159 4402 1199 4470 τῷ
1216 4401 1293 4474 παρὰ
1304 4403 1391 4454 πᾶσιν
1403 4397 1464 4470 ὁμο

281 4484 302 4520 c.
322 4467 386 4519 Ηιοσ
402 4477 458 4521 sunt
475 4471 527 4535 ἰμεε
547 4469 644 4518 ensebii
662 4469 731 4518 verbu
743 4482 769 4517 ex
780 4469 832 4520 eius
883 4465 1026 4536 λογεῑσθαι
1049 4465 1081 4520 τὸ
1099 4461 1169 4522 εἶναι
1186 4467 1236 4522 τόν
1252 4467 1313 4522 υἱὸν
1330 4469 1380 4520 τοῦ
1399 4469 1465 4521 Θεοῦ

249 4536 368 4601 epistola,
385 4551 456 4604 quam
475 4539 499 4588 in
518 4537 566 4588 fine
585 4535 656 4586 huius
674 4536 756 4601 operis
773 4536 832 4587 suh·
882 4531 937 4603 πρδ
956 4533 1004 4598 τῶς
1019 4531 1090 4590 κατὰ
1099 4534 1188 4611 σάρκα
1200 4536 1359 4608 γεννήσεως.
1381 4541 1407 4591 ld
1417 4547 1465 4590 esi:
