3014 5050
427 245 574 292 arserunt
588 247 627 290 rr.
641 247 679 290 an
694 247 891 292 essarrorum.
1209 235 1270 300 785

49 411 97 464 tus
119 418 179 466 non
201 409 321 464 vocatus
343 405 391 460 est
411 397 489 460 iilius
512 403 543 459 et
562 395 654 460 Filius
675 416 736 460 non
764 405 810 460 est
831 397 975 479 Spiritus,
1004 399 1071 462 ideo
1094 400 1233 466 dissentit
1254 415 1355 466 arem.

48 504 170 567 veritate
197 501 295 588 tides?
331 499 424 562 Absit.
469 497 549 572 Quin
569 499 669 580 potius
691 493 923 580 unumquodque
945 520 1066 578 eorum,
1095 523 1170 584 quae
1190 504 1271 568 indi·

48 615 167 679 cantur,
196 605 285 668 babet
303 599 456 682 propriam
478 599 732 680 significationem.
775 600 892 664 Etenim
913 602 1004 667 Filius
1034 605 1217 668 substantiae
1239 625 1274 670 ao

47 718 169 770 naturae
190 705 286 767 Patris
308 703 430 785 propria
453 709 500 764 est
519 701 631 782 proies,
653 710 683 764 at
703 701 762 764 boc
781 719 885 766 revera
907 704 1065 784 significan
1087 707 1159 770 item
1173 707 1271 788 Spiri-

47 819 106 882 tus,
128 806 253 888 quilici
275 805 383 868 dicitur
404 811 434 866 et
454 803 485 866 in
507 803 573 884 ipso
597 812 652 878 εει,
674 821 736 865 non
758 803 873 866 alienus
896 813 943 868 εει
964 827 980 869 ε
1001 808 1068 870 Filii
1090 818 1195 872 natura
1217 827 1273 874 nec

47 909 181 973 arants
204 907 365 971 arveniae.
408 905 479 968 nso
503 904 582 967 enim
603 903 638 980 tn,
657 883 812 980 nautea,
835 904 1105 972 amentarius
1128 919 1158 974 et
1174 912 1204 974 tn
1218 911 1271 974 rr-

27 1007 86 1073 'lio
110 1019 140 1074 ει
158 1011 190 1074 in
211 1010 279 1091 ipso
301 1006 414 1090 Spiritu
436 1014 556 1082 sancto,
584 1024 642 1068 una
672 1013 718 1068 est
738 1005 898 1082 diuinitas,
932 1013 962 1069 ει
989 1008 1022 1070 in
1042 1009 1106 1089 ipsa
1128 1011 1272 1078 Trinitate

47 1131 139 1176 unum
161 1122 207 1176 εει
227 1111 372 1191 baptisma
401 1117 432 1172 et
457 1127 515 1172 una
543 1107 628 1170 fidas.
677 1107 824 1169 Nimirum
848 1107 936 1170 Patre
964 1107 1099 1172 mittente
1126 1110 1273 1190 Spiritum

45 1214 138 1278 Filius
154 1199 315 1277 insufflans
337 1213 387 1274 dat
408 1210 491 1274 ilium
512 1208 684 1291 Dissipatis,
707 1209 846 1289 quoniam
869 1205 978 1282 omriic,
1001 1229 1199 1294 quoecumque
1215 1215 1272 1277 bu-

46 1317 93 1380 bct
114 1315 223 1389 Pater,
252 1312 325 1376 rtttr
351 1324 435 1378 suat.
478 1311 516 1374 Et
543 1329 610 1374 cum
632 1310 760 1374 Verbum
789 1310 820 1373 in
846 1310 1006 1392 Prophetis
1027 1312 1127 1388 tieret,
1154 1313 1212 1394 ipsi
1239 1314 1272 1376 in

46 1417 160 1497 Spiritu
187 1413 420 1496 prophetabant,
447 1420 481 1476 ut
508 1413 653 1494 scriptum
681 1431 715 1476 ac
736 1411 972 1475 demonstratum
994 1420 1054 1476 est:
1091 1414 1183 1478 Verbo
1205 1415 1272 1480 Do-

44 1523 122 1582 mini
142 1517 221 1582 caeli
238 1517 358 1600 fimeta·
377 1527 459 1589 suat,
483 1527 512 1580 ει
534 1513 655 1598 Spiritu
676 1518 740 1578 oris
762 1518 828 1578 eiua
851 1519 947 1578 oneris
969 1519 1071 1580 virtus
1093 1535 1208 1581 eorum.

126 1933 160 1993 4.
202 1928 305 2009 itaqua
325 1945 388 1990 non
410 1931 507 1988 creata
528 1943 580 1987 res
603 1931 651 1986 est
663 1922 805 2004 Spiritus,
828 1923 882 1986 sed
895 1922 987 1986 Verbi
998 1921 1181 1988 substantiae
1194 1943 1268 2006 pro·
1374 1931 1377 1940 ’

40 2032 136 2112 prius,
160 2030 215 2094 uei
237 2031 307 2092 item
327 2029 481 2110 proprius,
504 2035 535 2088 et
555 2027 587 2088 iu
608 2025 675 2105 ipso
697 2037 766 2090 esse
787 2026 903 2089 dicitur.
939 2026 1068 2094 Rursum
1084 2026 1185 2090 eadem
1201 2028 1353 2108 ipsantra.

43 2133 141 2194 dicere
162 2150 224 2194 non
246 2132 355 2212 pigeat
399 2126 529 2191 Tametsi
556 2127 684 2206 Spiritus
713 2134 832 2189 sanetus
858 2143 919 2188 non
946 2137 1066 2190 vocatus
1088 2135 1139 2210 est
1165 2127 1268 2206 Silius,

43 2253 105 2296 non
126 2243 226 2297 tamen
248 2242 295 2294 est
316 2241 397 2294 extra
419 2228 535 2301 Filium,
559 2227 688 2307 Spiritus
709 2245 836 2306 namque
857 2225 1025 2306 adoptionis
1042 2228 1138 2290 dietus
1159 2237 1217 2304 est,
1240 2237 1270 2294 et

41 2337 108 2416 quia
133 2337 274 2401 cartana
295 2331 353 2393 Dra·
373 2333 474 2392 cirros
496 2337 527 2390 et
547 2327 606 2389 Dra·
625 2331 775 2408 sapientia
796 2338 851 2400 ert,
878 2335 1074 2406 congruenter
1095 2329 1132 2392 de
1154 2329 1269 2412 Spiritu

41 2447 146 2501 sancto
170 2436 280 2496 dictum
302 2439 350 2493 est
371 2429 507 2511 Spiritus
531 2431 710 2516 sapientiae,
742 2437 772 2490 et
792 2427 921 2509 Spiritus
949 2428 1065 2494 virtutis
1091 2438 1149 2494 est.
1193 2431 1268 2496 Cum

41 2540 122 2600 enim
144 2533 303 2616 participes
326 2551 431 2596 sumus
453 2531 600 2613 Spiritus,
627 2529 733 2592 Silium
754 2530 915 2606 habemus,
945 2543 975 2595 et
994 2531 1102 2596 Filium
1123 2531 1267 2598 habentes
1388 2531 1393 2537 ’

39 2639 189 2702 habemus
216 2644 247 2699 et
268 2634 410 2716 Spiritum
440 2633 612 2699 clamantem
641 2632 671 2694 in
694 2633 834 2696 cordibus
857 2634 970 2696 ansuis
995 2635 1075 2698 atta
1096 2633 1204 2709 Pater,
1234 2643 1268 2700 ut

38 2741 175 2823 loquitur
195 2738 315 2802 Paulos.
361 2737 449 2811 Quod
470 2736 497 2799 si
518 2735 585 2815 quia
607 2733 735 2815 Spiritus
758 2743 805 2798 est
818 2734 882 2812 Dei,
906 2743 935 2798 ει
956 2736 987 2798 in
1009 2735 1076 2816 ipso
1098 2754 1168 2798 esse
1188 2737 1266 2800 scri·

38 2853 124 2924 ptum
147 2850 204 2913 est,
226 2859 294 2902 nam
317 2858 392 2920 quae
413 2838 472 2905 Det
492 2848 564 2902 suat
584 2855 671 2900 acmo
695 2841 833 2918 cognonit
853 2841 916 2902 oiri
928 2837 1065 2922 Spiritus
1079 2837 1146 2917 Dei,
1168 2844 1222 2924 pat
1234 2844 1279 2903 rtr-

39 2950 108 3023 r'pso
131 2950 193 3012 εει,
214 2939 306 3002 Filius
327 2939 398 3000 item
421 2938 506 3000 dixit:
537 2938 601 3020 Epo
622 2941 655 3001 ia
675 2937 769 3003 Patre
790 2949 820 3002 ει
839 2938 933 3004 Peter
953 2944 987 3004 ia
1007 2959 1069 3018 me;
1092 2959 1183 3021 quare
1203 2959 1266 3004 nen

38 3043 111 3104 huic
132 3049 222 3120 atque
243 3040 284 3103 illi
306 3039 382 3102 idern
404 3046 514 3102 u'omen
537 3047 593 3114 εει,
616 3040 669 3103 sed
690 3040 740 3102 hic
761 3039 878 3120 quidem
900 3040 987 3116 filius,
1009 3041 1058 3104 iila
1079 3041 1201 3123 spiritus
1216 3041 1264 3104 di·

39 3141 143 3206 citur?
173 3143 199 3204 si
221 3143 288 3223 quis
309 3141 369 3204 boc
388 3140 478 3203 modo
502 3139 684 3218 sciscitetur,
714 3141 740 3204 is
761 3143 896 3223 protecto
923 3141 1094 3218 insanierit,
1124 3161 1192 3204 cum
1213 3141 1263 3204 in·

38 3231 212 3310 scrutabilia
234 3252 382 3308 scrutetur
403 3251 433 3306 et
452 3242 595 3324 ApostoIo
616 3261 677 3306 non
700 3242 899 3323 obtemperet,
927 3243 977 3324 qui
1000 3243 1056 3306 ait:
1088 3243 1164 3318 Quis
1186 3247 1265 3306 erube

37 3351 126 3412 nour't
147 3365 271 3410 sensum
290 3344 438 3410 Domini?
461 3357 516 3410 cut
537 3351 602 3428 puio
625 3346 820 3410 consiliarius
842 3350 908 3410 eius
928 3344 1015 3425 suit?
1055 3345 1172 3427 Alioqui
1194 3346 1262 3426 qui-

37 3451 94 3514 bus
117 3447 200 3512 Deus
223 3467 331 3510 nomen
359 3447 479 3524 indidit,
508 3447 574 3528 quis
601 3467 712 3510 nomen
741 3455 855 3510 mutare
882 3445 1024 3510 audebit?
1066 3447 1145 3510 Alias
1171 3447 1262 3511 rebus

36 3553 86 3615 iile
109 3568 231 3632 quoque
253 3550 358 3613 creatis
376 3549 516 3613 vocabula
543 3549 700 3612 adtribuet
744 3549 856 3624 Dicant,
878 3549 1115 3630 quandoquidem
1130 3557 1262 3612 creatura

37 3655 146 3728 eodem
168 3659 244 3713 nutu
265 3652 339 3713 iacta
361 3661 424 3727 εει,
447 3670 499 3714 cur
520 3651 568 3714 hio
588 3651 650 3726 soi,
672 3650 743 3712 iilud
765 3649 891 3726 caelum,
914 3649 985 3712 iilud
1008 3657 1106 3727 terra,
1127 3667 1210 3712 mare
1232 3657 1263 3712 ει

35 3753 113 3818 adr?
158 3753 212 3816 Sin
235 3751 346 3814 insanis
369 3753 426 3815 iilis
447 3753 506 3816 hoc
526 3754 712 3834 impossibile
732 3752 880 3827 videatur,
904 3752 1017 3833 singula
1039 3752 1119 3814 enim
1142 3761 1263 3815 manent

36 3867 70 3920 ut
92 3858 168 3920 sacta
192 3861 272 3928 sunt,
294 3853 387 3916 multo
409 3855 503 3936 magis
525 3874 599 3935 quae
621 3863 691 3919 sunt
713 3873 803 3936 supra
824 3863 937 3918 creatas
957 3873 1007 3917 res
1030 3863 1179 3918 aeternam
1205 3856 1260 3917 ha-

71 4077 95 4128 d.
112 4073 162 4126 και
178 4078 248 4126 (ιεεει
267 4075 289 4125 in
309 4075 365 4125 edit.
382 4074 512 4124 Perissed
526 4075 628 4126 babetur
676 4073 792 4124 Ninnios.
815 4073 895 4139 ⁴iiditi
918 4089 974 4126 tero
999 4065 1048 4125 ctist
1070 4067 1146 4125 ἔστιν
1168 4065 1262 4142 rippa·

35 4146 59 4196 in
79 4147 136 4196 edit.
156 4142 276 4197 comnet.
296 4151 318 4192 rt
336 4143 482 4194 inomnibas
495 4143 625 4194 codicibus.
677 4136 771 4209 ripere.
1324 4135 1328 4142 '

35 4215 100 4264 inira
119 4209 167 4262 rai
184 4221 240 4264 unta
259 4208 297 4276 τῷ
315 4201 387 4278 λόγῳ
405 4213 474 4262 deest
491 4211 514 4261 in
529 4211 626 4264 Gobier.
709 4225 732 4273 g.
748 4201 802 4275 γάρ
821 4211 889 4260 deest
907 4212 929 4262 in
948 4212 1045 4264 Gobier.
1063 4221 1087 4263 ει
1103 4207 1243 4262 deiciunt.

34 4291 58 4332 et
77 4283 183 4332 Frisium.
196 4284 218 4332 i.
544 4289 547 4296 ’
709 4279 732 4328 b.
751 4278 848 4329 Gnirior.
867 4287 889 4330 ει
908 4281 1045 4331 feteant.
1064 4273 1078 4328 ti
1098 4274 1126 4328 di
1145 4267 1261 4342 ripaeis

69 4367 90 4400 a.
111 4351 175 4400 iisse
200 4340 238 4402 cir
262 4337 401 4401 ὅΠαῦλος
417 4338 522 4414 εἴρηκεν
539 4347 625 4399 desunt
674 4342 721 4410 γῆ,
739 4339 882 4404 θάλασσα,
903 4339 963 4416 ἇῆρ.
1000 4349 1050 4398 iios
1072 4349 1126 4408 fleg.
1145 4353 1168 4393 et
1185 4347 1257 4404 Sego.

35 4419 60 4468 in
80 4419 177 4466 Gabior.
198 4425 222 4466 et
242 4416 346 4466 fetetne.
366 4417 388 4466 l.
675 4404 766 4468 τοῐςᾶ
791 4427 878 4482 parer.
914 4417 974 4467 iiditi
998 4408 1145 4482 e'pttppopw.
1183 4410 1258 4478 Patrio

71 4483 88 4531 t.
106 4483 148 4531 Sic
166 4483 222 4545 tter.
239 4483 338 4544 Segora.
353 4483 426 4536 braii.
443 4491 467 4536 ει
483 4484 516 4536 ita
533 4483 625 4548 legerat
673 4490 730 4547 post
747 4472 838 4534 o'ndtor
855 4485 923 4535 deest
939 4487 963 4535 in
975 4485 1073 4536 Gruter.
1086 4477 1221 4531 etieietm.
1234 4479 1257 4530 t.

71 4567 200 4612 brunam
211 4579 265 4612 ora.
276 4578 346 4615 acas.
360 4581 409 4614 ast..
1023 4567 1057 4618 itt
