3176 5058
371 1091 373 1094 .
474 962 516 1054 s.
548 959 832 1054 spumoso
863 959 1264 1055 eoomoolsoool

638 1121 641 1128 '
735 1117 993 1193 EPISTULA

847 1273 888 1317 oe

610 1387 871 1450 SENTENTIA
899 1386 1122 1450 otontsn.

716 1597 1023 1610 -ι-*ιι--ι-

689 1775 1045 1835 ΑΒΜΟΝΙΤΙΟ.

171 1951 246 1996 ome.
341 1927 363 1987 l.
412 1927 509 2000 Quem
532 1925 675 1986 hactenus
697 1931 805 1988 sectati
824 1947 928 1990 sumus
951 1929 1094 2006 temporis
1110 1929 1269 2002 rationem,
1293 1923 1374 1985 doud
1388 1927 1478 1986 certis
1537 1921 1541 1932 '

256 2032 336 2091 notis
358 2032 390 2089 in
413 2027 467 2088 icoc
489 2025 616 2106 epistola
639 2027 861 2107 deprehendere
874 2029 1026 2105 vctenns,·
1049 2027 1115 2089 soto
1132 2029 1240 2107 qnippe
1255 2025 1398 2106 Dionysii
1410 2031 1477 2088 um-

256 2129 377 2190 diccndi
401 2129 501 2190 studio
529 2131 670 2190 incensus
694 2127 877 2191 Athanasius
907 2127 1091 2190 nuliatenus
1111 2128 1179 2206 sere
1205 2130 1327 2207 ottinpit
1354 2126 1478 2190 illorum

255 2240 423 2311 temporum
452 2230 674 2292 conditionem
710 2228 778 2291 Non
813 2232 922 2293 desunt
950 2241 1049 2291 tamen
1078 2233 1284 2300 coniecturae,
1320 2247 1395 2309 puae
1424 2247 1476 2292 nos

253 2343 393 2394 moueant
421 2331 460 2392 ad
487 2349 552 2391 eam
576 2343 647 2409 post
670 2340 836 2392 tractatum
864 2351 917 2394 sen
945 2329 1103 2410 epistolam
1133 2331 1167 2391 de
1190 2329 1330 2392 Nicaenis
1353 2331 1476 2392 decretis

254 2433 464 2512 reponendam.
510 2430 587 2492 Nom
608 2432 710 2492 eodem
730 2432 826 2510 ferme
850 2444 983 2512 tempore
1005 2435 1207 2511 conscriptam
1228 2431 1378 2501 indicant,
1407 2447 1478 2513 puae
1512 2445 1515 2453 ⁴

254 2551 336 2593 num.
356 2535 404 2594 19.
429 2536 580 2610 lepuntur‚
604 2533 735 2593 Arianos
759 2532 871 2595 scilicet
893 2533 1040 2594 adversus
1056 2531 1219 2594 Nicocnom
1239 2529 1393 2610 Synodnm
1417 2543 1479 2594 tum

253 2634 369 2712 possim
391 2641 419 2691 et
441 2631 548 2711 ubique
572 2633 835 2704 obmurmurosse,
858 2633 937 2715 puod
953 2633 1162 2713 praecedentis
1185 2631 1328 2711 epistolae
1349 2637 1481 2712 tempori

257 2735 393 2810 apprime
415 2733 564 2810 conpruit.
609 2731 684 2792 Item
706 2751 744 2792 eu
765 2735 852 2796 modo
876 2734 965 2795 huius
981 2733 1126 2814 epistolae
1147 2734 1305 2796 ordiendae
1319 2731 1398 2793 nond
1413 2730 1478 2794 leve

258 2832 381 2893 ducitur
403 2840 629 2912 arpnmentum:
659 2837 765 2895 etenim
794 2835 897 2896 iisdem
918 2836 986 2914 sere
1008 2835 1109 2896 uerbis
1130 2839 1217 2897 initio
1241 2833 1377 2896 adhibitis
1402 2831 1478 2894 hanc

253 2933 381 3013 perinde
403 2943 490 3012 atque
508 2935 736 3013 praecedentem
758 2936 798 2996 od
818 2939 919 2998 uirum
942 2937 1047 3014 diripit
1069 2939 1286 2998 controversiis
1311 2933 1477 2997 Catholicae

254 3039 337 3098 inter
358 3035 547 3117 Arianospuc
569 3035 676 3100 dabitis
696 3027 846 3098 'interesse
868 3037 1006 3108 solitum,
1038 3038 1118 3099 unde
1139 3040 1292 3115 orcpurcri
1310 3035 1413 3108 dicent,
1441 3035 1478 3096 od

255 3138 378 3200 mandem
407 3141 508 3219 ipsum
535 3147 693 3219 utramque
721 3138 818 3216 fnisse
839 3143 970 3202 missam.
1016 3137 1109 3200 Immo
1137 3137 1361 3200 subodoramnr
1390 3137 1476 3198 dusios

255 3240 429 3302 scribendae
458 3245 641 3302 occasionem
670 3257 708 3300 esc
735 3241 926 3318 praecedenti
953 3241 1090 3303 obortam
1111 3257 1192 3300 esse:
1221 3241 1329 3320 qnippe
1352 3257 1418 3301 cum
1439 3237 1494 3300 idi‘

255 3341 397 3419 Dionysii
424 3340 523 3402 locum
548 3357 608 3418 pro
638 3339 766 3424 tutanda
795 3340 943 3401 aduersas
966 3340 1098 3403 Arianos
1120 3339 1178 3402 τοῦ
1202 3331 1381 3419 ὁμοουσίου
1410 3357 1477 3401 uoce

256 3439 416 3500 adtulisset
438 3439 638 3504 Athanasius.
664 3438 734 3498 daec
758 3457 850 3500 conso
869 3441 967 3519 fnisse
989 3442 1120 3516 uidetur,
1144 3458 1201 3502 cur
1218 3440 1328 3502 Ariani
1340 3440 1480 3518 Dionysii

257 3541 370 3615 scripta
398 3537 436 3597 od
467 3556 554 3599 suam
581 3540 760 3601 sententiam
788 3541 965 3620 detorquere
992 3547 1186 3624 nequicquam
1214 3551 1376 3603 tentarent.
1422 3539 1479 3602 Sed

258 3636 313 3699 dae
336 3640 524 3699 coniecturae
546 3655 608 3700 non
632 3657 747 3700 omnem
763 3658 899 3719 prorsus
921 3654 1057 3704 amovent
1080 3642 1240 3705 dubitandi
1261 3641 1368 3704 locum.

341 3737 377 3798 lt.
422 3739 532 3802 Ariani
567 3743 667 3820 itopue
701 3739 922 3803 catholicorum
960 3747 1146 3822 arpnmentis
1182 3746 1299 3823 passim
1331 3743 1482 3821 confutati

257 3857 343 3900 snam
365 3839 513 3902 diaeresim
533 3841 678 3920 Dionysii
696 3840 899 3903 Alexandrini
925 3847 1058 3924 episcopi
1077 3848 1259 3906 anctoritate
1282 3841 1394 3921 fulcire
1421 3845 1483 3904 nisi

257 3953 339 4016 sunt,
358 3942 493 4021 prolatis
515 3942 645 4004 eiusdem
668 3939 777 4003 litteris
800 3960 880 4003 anno
902 3945 974 4008 26³.
999 3947 1191 4024 conscriptis,
1213 3943 1268 4007 udi
1288 3945 1360 4006 dnm
1375 3943 1480 4006 Sabei-

257 4039 412 4104 dionorum
434 4044 610 4122 confutaret
629 4059 773 4112 errorem,
796 4045 830 4103 in
845 4044 1055 4107 similitudines
1072 4046 1217 4126 quosdam
1231 4047 1390 4117 incideret,
1413 4047 1480 4125 pui-

257 4141 312 4204 dus
341 4143 407 4206 iicet
437 4157 565 4224 praeter
598 4146 733 4204 auctoris
755 4154 882 4207 mentem
915 4144 997 4207 laeso
1028 4146 1184 4207 uideretur
1210 4145 1298 4207 Verbi
1327 4146 1480 4209 diuinitas.

259 4241 366 4305 Verum
388 4264 422 4306 eo
445 4246 479 4306 de
501 4264 536 4307 re
554 4253 663 4325 postea
683 4245 765 4324 apud
784 4246 926 4325 pentilem
946 4265 1034 4308 snum
1051 4246 1233 4325 Dionysium
1247 4245 1414 4308 Romanurn
1429 4263 1482 4306 ac-

259 4354 381 4407 cusatus
406 4345 501 4412 tidros
524 4346 668 4426 quosdam
689 4344 921 4430 dpoiopiomquc
944 4351 1126 4429 conscripsit
1148 4347 1190 4409 ad
1210 4366 1275 4409 eam
1287 4347 1484 4428 propulsan-

257 4443 324 4506 dam
348 4449 597 4508 criminationem.
641 4444 690 4508 Boc
718 4445 763 4509 dis
791 4458 890 4510 autem
908 4451 1073 4528 postremis
1097 4448 1263 4511 decessoris
1286 4451 1338 4509 sui
1357 4450 1485 4528 scriptis

263 4543 441 4610 ornaments
458 4547 612 4612 luculento
627 4550 770 4629 puaedam
785 4553 920 4629 eucerpit
935 4548 1009 4622 ioco,
1026 4549 1133 4631 quibus
1144 4558 1377 4631 peropportune
1390 4549 1487 4610 Aria-
