3054 5304
649 167 758 214 ontrto
774 169 812 222 Ν,
829 169 947 212 contat
962 169 1097 214 tutatos.
1421 161 1422 212 i

252 321 347 386 rebus
369 322 453 386 tactis
476 319 702 402 appropinquat,
726 319 835 398 quippe
858 337 924 382 eum
946 317 1012 380 iliae
1036 318 1097 380 siut
1118 319 1175 400 ipsi
1192 329 1339 395 externae,
1362 335 1383 384 at
1421 321 1422 364 i

251 432 359 504 utpote
380 424 503 505 proprio
526 441 587 482 noo
609 420 843 501 appropinquat,
868 419 974 482 sedin
997 439 1033 482 eo
1057 429 1118 494 est,
1142 439 1197 482 nec
1214 403 1357 484 adhaeret
1378 422 1383 482 i
1421 475 1422 482 ,

252 526 310 590 sed
333 545 391 588 una
413 543 480 586 cum
501 523 589 584 Patre
612 530 668 584 est.
712 521 795 582 Unde
817 539 923 583 mrsus
937 520 1056 601 Moyses
1079 520 1109 582 in
1131 521 1235 584 eodem
1250 521 1383 584 Deuteroff
1421 543 1422 580 1

252 627 302 690 sic
321 627 471 707 loquitur:
497 624 598 687 Vocem
622 627 685 685 er'as
708 623 837 709 audietis
860 627 973 703 stapsi
993 642 1046 686 vos
1069 607 1281 703 adiungemini.
1327 621 1382 696 Qu«

254 735 319 790 tem
341 727 518 807 adiungitur,
543 725 728 788 extrinsecus
751 721 930 803 adiungitur.

342 833 372 894 6.
415 829 477 890 lam
505 828 583 908 quod
611 825 742 906 pertinet
770 820 807 886 ad
829 825 925 886 levem
947 833 977 886 et
998 826 1156 888 humanam
1177 825 1382 888 Arianommt
1421 825 1422 886 i

253 931 385 1004 tionem,
409 949 466 1010 qua
488 949 595 1009 nempe
616 927 776 990 Dominum
799 910 924 1005 egenum
946 926 1040 988 inisse
1063 946 1098 988 ex
1121 927 1167 988 his
1189 927 1285 1006 ipsius
1307 927 1382 988 verb}

253 1033 424 1112 spieantur:
456 1032 539 1094 Dato
561 1043 607 1093 est
627 1017 718 1105 atta,
749 1032 865 1108 decepi,
899 1037 932 1089 nt
960 1036 989 1090 et
1011 1046 1047 1089 ex
1068 1028 1115 1090 his
1137 1027 1220 1089 Pauli
1241 1027 1332 1089 loeis:
1366 1028 1382 1090 i
1421 1051 1422 1089 ι

253 1133 406 1196 sucitavit
427 1133 524 1203 tilam,
547 1141 577 1194 et
599 1130 684 1193 Sedit
706 1149 725 1192 a
747 1131 881 1201 destris,
904 1129 1028 1208 aliisque
1052 1128 1215 1203 similibus,
1243 1130 1381 1210 respond«
1421 1149 1422 1192 ι

254 1242 303 1297 est
323 1233 661 1322 Dominumnostrum,
692 1231 742 1311 qni
770 1231 850 1292 idem
871 1230 1000 1292 Verbum
1031 1237 1062 1291 ιι
1082 1229 1173 1292 Fiiius
1196 1229 1250 1291 nei
1278 1239 1340 1306 est,
1374 1253 1381 1293 ι
1421 1251 1422 1264 ’

254 1343 400 1414 gestasse,
424 1343 454 1395 et
475 1333 567 1396 fitium
589 1351 707 1412 quoqne
728 1330 860 1392 hominis
882 1331 992 1393 iactum
1014 1330 1117 1406 tuisse,
1140 1339 1173 1392 ut
1193 1331 1310 1394 medius
1324 1332 1381 1396 neo

254 1442 304 1496 ter
333 1444 362 1496 et
389 1434 527 1497 homines
550 1435 690 1508 effeetus,
719 1451 795 1512 quae
816 1432 869 1494 Dei
891 1440 976 1508 sunt,
1009 1432 1097 1494 nobis
1119 1431 1375 1510 subministraret,
1421 1455 1422 1516 ι

254 1537 364 1610 nostri,
388 1535 449 1597 Deo
473 1537 605 1596 offerret.
651 1534 798 1607 Quocirca
820 1552 887 1596 cum
910 1533 1040 1608 esurire,
1073 1535 1161 1608 flere,
1194 1521 1381 1614 detaogari‘s
1421 1567 1422 1588 ι

254 1655 338 1699 mare
361 1633 432 1700 'ntor
452 1637 525 1700 toa
545 1636 668 1710 dicitnr,
696 1654 772 1715 quae
802 1635 922 1715 quidem
943 1637 1090 1698 humanae
1112 1643 1232 1698 nostrae
1255 1645 1326 1700 sunt
1347 1639 1380 1700 ab
1421 1663 1422 1684 1

252 1757 309 1800 nes
333 1747 362 1800 et
383 1738 536 1812 miseriae,
561 1756 611 1799 eas
634 1757 649 1798 a
672 1736 761 1798 nobis
783 1736 891 1818 accipit
912 1756 946 1799 ac
967 1737 1047 1799 Patri
1070 1729 1172 1812 offert,¹
1197 1745 1226 1804 et
1246 1757 1302 1820 pro
1324 1739 1380 1802 nob

254 1841 395 1914 tercedit,
423 1848 457 1902 ut
483 1841 515 1901 in
542 1840 611 1919 ipso
638 1839 758 1918 ponitus
782 1839 944 1902 deleantur.
988 1839 1041 1901 ltis
1065 1849 1163 1904 autem
1184 1841 1308 1904 Verbis:
1334 1842 1380 1904 Do

253 1942 330 2003 mibi
352 1951 503 2022 patratos,
525 1935 563 2002 ἰι
586 1945 703 2021 accepi,
733 1941 897 2002 etidcirco
920 1941 1068 2005 exultavit
1090 1943 1279 2014 cumliaco,
1307 1961 1377 2025 mun
1421 1961 1422 2003 ι

201 2113 206 2122 Ι
252 2060 311 2104 nos
344 2061 360 2104 a
387 2041 450 2104 Deo
483 2062 538 2122 per
571 2041 653 2102 illurn
687 2040 790 2102 collata
820 2029 1033 2118 significantur.
1077 2041 1139 2102 Nec
1161 2041 1240 2102 enim
1262 2042 1379 2119 indigen
1421 2075 1422 2092 ι

251 2144 383 2206 Verbum
404 2145 450 2208 vei
473 2161 603 2222 unquam
625 2141 733 2201 iactum
756 2146 818 2212 est,
840 2157 896 2200 nec
918 2159 1023 2202 rursus
1045 2141 1182 2200 homines
1197 2135 1305 2202 'idonei
1327 2159 1379 2202 era
1421 2173 1422 2180 ι

251 2245 308 2308 ista
338 2245 395 2307 sibi
422 2249 646 2322 compararent;
676 2240 729 2301 sed
751 2257 805 2317 per
826 2239 957 2300 Verbum
979 2239 1066 2301 nobis
1089 2240 1197 2301 donata
1219 2252 1305 2316 sunt,
1334 2261 1378 2303 um

252 2353 390 2424 tauquam
414 2343 471 2422 ipsi
493 2343 601 2403 donata
623 2337 712 2400 nobis
734 2338 953 2418 impertiuntur.
998 2339 1150 2418 Siquidem
1173 2359 1238 2402 eam
1258 2342 1375 2406 obrem
1421 2363 1422 2406 ι

251 2445 348 2506 iaetus
378 2455 440 2517 est,
469 2451 503 2504 ιιι
531 2441 579 2503 ilia
607 2440 687 2502 reiut
717 2439 775 2502 sibi
805 2441 872 2502 data
900 2442 931 2502 in
953 2459 1009 2502 nos
1033 2441 1274 2506 transferrentur.
1318 2444 1377 2507 Nec
1421 2466 1422 2507 ι

252 2563 347 2626 purus
369 2545 460 2606 bomo
484 2544 591 2624 dignus
613 2560 744 2622 unquam
766 2542 883 2616 inisset,
907 2543 957 2622 qui
979 2543 1053 2604 haec
1073 2543 1229 2624 acciperet,
1252 2565 1309 2608 nec
1329 2545 1377 2608 iter
1421 2565 1422 2626 j

250 2667 318 2711 rum
331 2648 459 2710 Verbum
481 2647 528 2708 bio
551 2651 658 2725 posset
678 2643 829 2724 indigere;
852 2643 1042 2705 coniunctum
1064 2645 1153 2724 igitur
1174 2645 1262 2708 nobis
1286 2654 1331 2708 est
1341 2648 1377 2708 Vs
1421 2667 1422 2702 ι

253 2757 380 2828 tuncque
402 2769 461 2810 nos
483 2747 641 2829 potestatis
663 2745 824 2826 participes
845 2745 976 2807 reddidit
998 2754 1028 2808 ιι
1050 2746 1194 2808 exaltavit.
1239 2747 1369 2810 Verbum
1421 2769 1422 2830 ι

252 2850 321 2911 dem
343 2851 374 2910 in
395 2850 517 2912 homine
540 2847 672 2909 existens
695 2847 849 2908 bominem
873 2845 1018 2921 exaltarit,
1041 2855 1070 2908 et
1091 2846 1195 2912 Verbo¹
1211 2847 1282 2910 item
1305 2849 1376 2911 inb
1421 2868 1422 2912 ι

252 2949 399 3050 existerffie
420 2949 534 3026 aceepit
555 2949 656 3008 boma.
702 2946 778 3018 Quia
803 2965 875 3026 ergo
898 2946 995 3008 Verbo
1018 2947 1049 3008 in
1072 2965 1160 3008 earne
1175 2947 1322 3010 existente
1336 2969 1376 3010 en
1421 2969 1422 3012 ι

217 3049 342 3127 ‘bomo
372 3057 420 3110 est
449 3055 686 3127 potestatemque
713 3047 841 3127 accepit,
870 3047 980 3110 idcirco
1010 3048 1067 3109 ista
1089 3048 1125 3110 ad
1149 3047 1276 3110 Verbum
1299 3050 1375 3112 refer
1421 3071 1422 3084 ι

251 3147 487 3230 quandoquidem
518 3155 641 3229 propter
674 3147 774 3228 ipsum
804 3147 872 3209 data
905 3157 982 3210 sunt.
1027 3148 1107 3210 Haec
1135 3149 1213 3210 enim
1242 3150 1321 3210 dona
1353 3169 1375 3230 p
1421 3169 1422 3213 ι

250 3249 378 3312 Verbum
399 3249 431 3311 in
452 3250 574 3312 bomine
597 3248 728 3312 existens
751 3267 895 3311 concessa
918 3257 997 3312 suut
1041 3250 1124 3312 Unde
1140 3250 1375 3330 quemadmodun
1421 3251 1422 3278 ¹

252 3349 320 3414 bum
350 3369 418 3413 caro
446 3351 555 3412 iactum
578 3358 639 3424 est,
669 3351 710 3412 ita
732 3357 763 3426 ιι
783 3350 874 3412 bomo
898 3369 973 3431 quae
995 3353 1109 3431 accepit
1128 3371 1183 3432 per
1204 3351 1333 3414 Verbum
1355 3370 1374 3413 a
1421 3375 1422 3408 ι

252 3451 357 3514 Omnia
379 3452 468 3526 enim,
492 3470 567 3532 quae
588 3451 679 3513 bomo
703 3451 824 3532 accepit,
847 3451 975 3514 Verbum
998 3453 1151 3532 accepisse
1172 3451 1294 3525 dieitur,
1316 3460 1374 3514 nt=¹
1421 3489 1422 3502 ι

251 3561 298 3615 ιιι
327 3554 551 3627 ostenderetur,
580 3553 720 3633 quoniam
742 3553 834 3615 bomo
857 3572 913 3632 pro
926 3572 1010 3616 ‚suae
1032 3561 1155 3616 naturae
1177 3552 1349 3616 conditione
1371 3581 1374 3610 t
1421 3577 1422 3598 ι

250 3671 311 3716 nun
332 3662 424 3728 esset,
446 3653 497 3733 qui
519 3653 569 3714 illa
590 3655 745 3735 acciperet,
768 3672 823 3735 per
840 3653 970 3716 Verbum
994 3655 1112 3716 carnem
1136 3655 1245 3718 tactum
1267 3675 1300 3717 ea
1322 3655 1373 3716 iliu

252 3753 377 3836 cepisse.
422 3755 568 3828 Quocirca
599 3755 626 3817 si
658 3755 730 3836 quid
758 3754 886 3818 bomine
916 3755 1016 3818 datum
1045 3773 1113 3817 esse
1135 3756 1180 3818 rel
1202 3755 1313 3837 aliquid
1334 3756 1373 3818 bu
1421 3773 1422 3814 ι

284 4042 301 4092 t.
325 4041 364 4092 Sic
383 4041 438 4104 deq.
464 4041 564 4104 Sequor.
596 4047 620 4090 ιι
644 4039 716 4090 basii.
758 4041 838 4090 Ceteri
889 4033 1019 4096 ἐξουσίας,
1049 4041 1094 4090 atii
1111 4049 1134 4092 ιι
1152 4041 1208 4091 editi
1226 4031 1289 4091 τότε
1307 4035 1321 4102 ἦ
1342 4039 1373 4102 τῆ
1421 4069 1422 4096 ι

251 4116 329 4159 autem
347 4117 372 4160 et
389 4099 570 4160 ιιιίιιέιιιιτόν.
890 4103 960 4166 uitat,
981 4109 1105 4160 mendoso.

284 4191 306 4238 g.
324 4177 365 4227 Sic
383 4191 551 4227 mosomum.
578 4175 640 4225 Editi
651 4189 707 4224 vero
719 4168 836 4222 δίδοται.

251 4245 341 4294 ibidem
359 4245 416 4306 aas.
442 4254 467 4296 ιι
483 4247 582 4309 Sequor.
600 4237 647 4292 καὶ
663 4234 839 4308 transpona-

252 4321 304 4360 σιν.
343 4313 369 4362 in
389 4312 442 4363 aliis
461 4320 485 4363 et
502 4314 573 4366 aditis
591 4306 639 4360 sat
658 4312 734 4365 deest

283 4380 307 4428 b.
326 4379 366 4429 Sic
384 4381 440 4443 itaq.
457 4391 481 4432 et
497 4381 598 4444 Sequor.
640 4385 669 4430 at
686 4379 759 4434 Basti.
777 4372 839 4428 τότε

924 4209 939 4259 i.
958 4209 999 4260 Sic
1017 4210 1073 4273 Reg.
1093 4217 1116 4258 ιι
1127 4210 1157 4259 Se
1176 4223 1226 4260 ner.
1257 4211 1320 4261 Editi
1339 4227 1373 4264 ιιι
1421 4223 1422 4258 ι

887 4285 958 4343 φιν·
988 4269 1040 4324 ὅσα
1068 4269 1123 4344 γὰρ
1154 4225 1173 4326 ἕ
1197 4268 1360 4344 ἅνθρωπος·
1421 4295 1422 4336 ι

890 4337 981 4394 πάντα
999 4337 1013 4392 ὅ
1031 4337 1112 4410 λόγος
1130 4354 1174 4396 ιιι.

942 4455 969 4494 ,i
