2872 5046
349 177 464 222 conrm
477 161 694 226 muniminibus
707 182 795 228 umen
808 183 830 227 1.
1138 169 1200 236 sut

25 339 125 392 entes
149 346 214 391 rem
236 327 469 392 animadvertant
490 329 536 392 vel
558 330 631 392 alios
653 315 790 412 decipere
804 333 1006 408 concalcant,
1028 334 1098 400 dum
1113 353 1285 416 aper-caea

28 449 120 492 mam
143 430 254 492 Christi
277 431 577 510 comprehensionem
598 433 788 510 pollicentur:
812 435 881 500 Non
896 437 1094 517 intelb'psntcs
1110 457 1203 518 nepus
1232 525 1235 538 γ

16 551 36 594 ἐ
66 533 358 613 loquentemque
381 533 415 594 de
438 533 544 612 quibos
566 533 738 614 affirmant.
1259 611 1264 622 .

15 655 17 672 ι
50 637 86 697 2.
135 633 208 696 Nam
230 632 334 694 Patres
364 632 482 712 quidem
511 633 631 708 dhare,
652 635 933 702 consubstantialem
956 657 1026 702 esse
1046 638 1127 702 Patri
1148 639 1181 702 Fi

15 756 33 796 ,ι
69 753 110 797 ac
131 734 225 798 Deum
248 753 349 796 serum
373 753 409 796 ex
431 733 492 796 lleo
514 753 585 796 vsro
608 742 639 796 et
658 737 822 814 perlectum
843 755 879 800 ex
899 741 1049 817 perlecto,
1072 741 1121 822 qui
1143 740 1288 804 decana

15 859 32 898 ε
66 834 230 898 descendit
256 844 380 914 propter
409 843 544 898 nostram
574 836 716 910 salutem,
744 836 915 900 incarnatus
942 841 1083 902 ethome
1106 844 1200 906 lactus

47 955 88 997 ac
112 935 305 1016 postmodum
328 953 438 1014 passus
460 944 506 997 est
528 945 559 998 et
580 936 756 998 resurrexit.
801 936 1200 1022 Sedneqnisauditapas-
1270 993 1273 1000 .

21 1058 51 1099 ιε
78 1047 114 1099 ει
135 1037 359 1100 ressurectione
381 1037 474 1098 Deum
498 1037 626 1100 Verbum
656 1045 798 1100 mutatum
821 1057 889 1100 assa
911 1040 1068 1118 cogitaret,
1090 1043 1200 1108 munu-

13 1141 88 1216 ¹lem
115 1147 145 1202 et
167 1138 368 1202 invariabilem
391 1157 459 1200 esse
481 1137 587 1200 Filium
608 1139 798 1202 damnatione
814 1139 944 1203 adhibita
959 1139 1113 1204 deliniunt.
1145 1143 1201 1206 leti

21 1267 29 1302 s
57 1251 115 1304 aut
136 1239 331 1304 mutationem
347 1239 434 1302 Verbi
456 1241 733 1315 comminiscuntur,
756 1250 807 1304 aut
820 1242 976 1306 Passionis
999 1244 1200 1326 dispensatio-

13 1365 30 1424 p
64 1360 183 1404 meram
212 1359 282 1402 essa
311 1341 499 1424 phantasiam
522 1341 729 1422 suspicantur,
761 1351 851 1424 atquo
870 1345 1020 1408 interdum
1040 1347 1202 1412 increatam

23 1452 188 1523 estamque
211 1441 320 1505 Christi
343 1461 472 1516 caruem,
495 1443 651 1523 aliquando
675 1443 781 1506 licitati
804 1445 885 1508 aiunt
906 1463 977 1508 esse
998 1448 1199 1512 consubstan-

12 1565 77 1634 Ιτιτι.
127 1543 240 1609 Deinde
262 1544 401 1624 incidunt
423 1545 485 1606 vice
505 1543 659 1607 interioris
682 1545 733 1624 qui
755 1545 785 1608 in
801 1546 889 1608 nobis
906 1557 952 1610 est
965 1549 1096 1610 bominis
1112 1569 1199 1612 meu-
1300 1567 1306 1576 ·

11 1705 14 1714 ,
44 1645 212 1708 caelestem
234 1645 479 1708 inessethristo.
523 1645 596 1706 Nam
619 1645 712 1724 bgurt
734 1645 783 1708 illa
805 1646 914 1722 dicunt,
938 1669 996 1728 qua
1010 1650 1198 1725 induebatur,

11 1747 55 1814 far
80 1747 189 1824 organi
211 1763 285 1808 usus
308 1754 364 1818 est.
387 1763 485 1824 neque
507 1743 586 1808 onim
608 1745 756 1825 possibile
776 1755 839 1809 erat
860 1749 1024 1827 perlectum
1045 1750 1197 1814 bominem

18 1871 38 1910 n
64 1847 148 1910 fieri.
193 1846 269 1919 „Ubi
293 1846 374 1914 enisu
394 1848 546 1925 perlectus
568 1845 659 1907 bomo
681 1845 722 1908 ibi
746 1856 960 1927 ancoratum,
983 1850 1115 1930 itemque
1135 1852 1196 1916 duo

17 1953 127 2014 nfecta
152 1967 244 2010 uuum
266 1949 331 2010 heri
353 1965 413 2009 nou
436 1955 576 2025 possunt.
619 1947 737 2027 Alioqui
760 1947 790 2010 iu
806 1949 925 2012 Christo
947 1951 1008 2012 crit
1025 1969 1058 2012 ea
1074 1971 1150 2030 quaa
1164 1952 1196 2016 in
1302 2007 1303 2012 ,

16 2054 77 2114 »his
109 2058 162 2112 est
187 2067 286 2128 pugna
313 2046 443 2127 pcccati,
473 2039 610 2126 musque
639 2049 697 2110 erit
718 2049 745 2110 ei
767 2049 817 2110 illa
839 2049 917 2129 apud
940 2069 1001 2112 nos
1019 2051 1083 2112 llari
1106 2053 1195 2116 sohtt

16 2153 183 2236 argutione,
208 2150 234 2210 si
256 2149 393 2210 Christus
416 2147 509 2208 bomo
529 2147 624 2208 iactus
647 2148 727 2226 quod
750 2147 782 2210 in
803 2149 892 2211 nobis
908 2149 1017 2228 cogitat
1031 2159 1062 2212 at
1075 2169 1194 2214 carnem

16 2264 90 2318 ovct
113 2255 148 2314 in
171 2250 274 2328 scipso
296 2248 467 2326 suscepisse
490 2247 671 2310 exhibeatur.
702 2247 763 2310 Sed
777 2249 931 2323 assumsit,
952 2249 1101 2328 inquiunt,
1124 2269 1194 2314 cor-

9 2345 42 2417 is
68 2356 187 2429 absque
209 2356 319 2422 mente,
342 2358 375 2410 ιιι
395 2349 461 2428 ipse
482 2365 567 2410 maus
583 2347 614 2410 in
628 2347 679 2410 illo
695 2356 788 2422 esset,
811 2367 918 2429 expers
934 2350 1056 2414 omuino
1070 2352 1195 2432 peccati,

11 2475 54 2517 ιιιι
83 2450 205 2515 ratione
233 2451 394 2514 divinitatis
424 2457 486 2512 tum
508 2449 624 2512 rationo
646 2449 761 2526 caruis,
790 2469 864 2530 quae
886 2443 1122 2532 absque'msmo
1143 2454 1194 2516 sit.

13 2575 94 2636 oque
119 2551 201 2616 euim
222 2563 327 2633 peccat
345 2571 414 2616 caro
437 2550 513 2625 eius,
535 2549 585 2629 qui
608 2568 728 2614 carnem
750 2560 852 2614 mosct
871 2552 902 2614 id
924 2559 971 2614 est
996 2554 1047 2633 qui
1063 2553 1192 2637 ‚cogitat

35 2659 62 2720 is
87 2655 175 2736 prins
196 2653 310 2735 peccati
332 2661 428 2740 actum
451 2669 512 2714 non
534 2659 635 2713 mente
657 2651 837 2732 conceperit,
859 2661 892 2716 ει
910 2653 937 2715 si
958 2671 1139 2733 percorpus
1154 2655 1193 2718 ad

8 2758 105 2820 eccati
134 2756 419 2818 consummationem
449 2759 588 2832 operatus
618 2771 678 2814 non
701 2754 800 2816 luerit.
844 2747 928 2816 Unde
950 2754 1050 2816 caruis
1071 2754 1192 2834 quidem

8 2859 155 2920 critatem
170 2855 306 2918 Christos
328 2853 570 2923 commonstravit
591 2872 650 2934 pro
663 2854 779 2916 ratione
794 2854 1007 2929 similitudinis,
1029 2856 1192 2918 novitatem

8 2967 89 3020 utem
113 2954 191 3030 aius,
213 2955 263 3036 qui
287 2956 319 3018 iu
339 2955 427 3018 uobis
449 2954 567 3036 cogitat,
589 2973 645 3034 pcc
666 2955 862 3020 imitationem
878 2963 908 3018 et
921 2955 1146 3018 similitudinem
1161 2965 1192 3020 st

8 3055 204 3122 bstineotiam
224 3076 241 3119 a
262 3065 383 3137 peccato
404 3054 608 3135 unusquisque
630 3055 661 3118 iu
685 3056 785 3136 seipso
808 3056 937 3120 exbibet.
981 3055 1019 3142 llt
1040 3055 1085 3118 sic
1103 3055 1193 3120 Chri-

8 3171 53 3224 tus
78 3158 148 3222 siue
170 3165 291 3237 peccato
313 3156 517 3235 hcelttgtcnrc‘

43 3265 74 3326 3.
121 3258 203 3322 llaec
223 3269 294 3322 snut
315 3259 432 3320 illorum
455 3255 642 3336 sophismata
663 3265 693 3318 et
714 3256 752 3320 ad
773 3275 822 3320 res
843 3255 1061 3336 detorqneudas
1084 3258 1187 3320 consi-

8 3419 9 3422 ,
34 3377 137 3442 neque
159 3377 237 3422 unus
261 3366 307 3421 est
328 3359 445 3422 illorum
468 3375 586 3432 ammo,
608 3357 700 3420 multa
723 3358 801 3421 euim
824 3357 1039 3419 incredulitatis
1062 3357 1185 3422 diverti-

8 3485 18 3526 ι
42 3460 186 3524 humanis
207 3458 484 3524 ratiocinationibus
507 3457 678 3538 excogitata.
722 3459 929 3539 Proponamus
951 3457 1041 3537 igitur
1062 3459 1121 3522 illis
1139 3460 1187 3522 di-

8 3566 15 3625 i
39 3561 144 3643 placiti
166 3560 347 3622 satanacam
369 3563 450 3635 (uam
472 3563 597 3630 hsroos't,
620 3559 727 3639 iuquit,
748 3560 898 3624 Dominam
920 3569 950 3622 st
970 3577 1033 3622 non
1044 3565 1183 3640 poenito-

20 3669 104 3738 acm)
134 3679 170 3722 ao
196 3661 369 3724 verissimae
397 3659 590 3723 oeconomiae
612 3660 899 3744 consummationem
920 3668 949 3740 et
970 3660 1186 3724 absolutissimi

8 3763 93 3826 reticii
118 3761 253 3842 gratiam,
276 3767 438 3841 mutuoque
455 3759 648 3835 sciscitemur,
673 3769 706 3822 ut
720 3777 825 3822 eorum
841 3761 1029 3841 exploremus
1044 3770 1184 3838 mentem,

8 3861 230 3946 nprophcticis
253 3861 506 3943 praedictionibus
528 3869 708 3936 consonent,
729 3880 802 3923 num
815 3862 986 3943 Apostolica
1007 3862 1184 3926 documenta

8 4051 50 4116 τῷ.
91 4051 172 4102 lidesu
197 4047 355 4118 manuscripti
373 4031 549 4113 ἅγνωττοτῇ
600 4037 720 4100 ἕκαστος.
749 4047 784 4126 ¹ln
799 4045 854 4128 aliis
872 4054 896 4097 ιι
912 4047 937 4098 iu
951 4039 1188 4106 aditional’sris.h'u

8 4135 188 4246 'bigamas
205 4176 275 4230 sard
293 4175 324 4229 τὸ
343 4173 386 4232 ἄν.
424 4183 551 4236 blosidsm
601 4114 677 4176 dmi,
696 4123 792 4170 mun·

34 4256 135 4304 Gohler.
162 4260 192 4302 ει
215 4251 320 4304 halatu.
347 4251 369 4301 l.
397 4243 551 4318 ἁμαρτάνει

10 4318 24 4374 ξ
42 4319 92 4368 τοῦ
111 4313 239 4384 ἄγοντος.
374 4315 381 4328 ’
634 4316 650 4366 l.
669 4315 759 4378 duplic.
777 4308 808 4365 lv
824 4317 882 4371 scic
897 4329 987 4383 npccp.
1008 4323 1031 4366 et
1048 4315 1109 4364 intra
1127 4315 1184 4366 itam

8 4387 92 4436 ‚Edit
118 4389 238 4439 Commal.
262 4395 288 4438 et
309 4387 406 4453 qnidam
430 4401 489 4438 mss.
513 4375 548 4445 iis·
599 4373 630 4432 ts
646 4382 704 4440 rolf
720 4374 818 4434 ἀποστ.

9 4481 119 4516 tnsnsstt
129 4484 184 4517 dms
194 4485 264 4518 adol.
277 4485 327 4518 ΙΙΙ..
949 4467 982 4516 55

635 4231 656 4265 e.
674 4207 782 4268 τούτοις
799 4215 867 4264 deest
885 4215 908 4264 in
928 4215 1027 4278 Segner.
