<?xml version="1.0" encoding="UTF-8"?>
<!DOCTYPE html PUBLIC "-//W3C//DTD XHTML 1.0 Transitional//EN"
    "http://www.w3.org/TR/xhtml1/DTD/xhtml1-transitional.dtd">
<html xmlns="http://www.w3.org/1999/xhtml" xml:lang="en" lang="en">
 <head>
  <title>
</title>
<meta http-equiv="Content-Type" content="text/html;charset=utf-8" />
  <meta name='ocr-system' content='tesseract 3.04.00' />
  <meta name='ocr-capabilities' content='ocr_page ocr_carea ocr_par ocr_line ocrx_word'/>
</head>
<body>
  <div class='ocr_page' id='page_1' title='image "./sanctiathanasii03athagoog_0878.png"; bbox 0 0 2872 5046; ppageno 0'>
   <div class='ocr_carea' id='block_1_1' title="bbox 396 197 1191 262">
    <p class='ocr_par' dir='ltr' id='par_1_1' title="bbox 396 197 1191 262">
     <span class='ocr_line' id='line_1_1' title="bbox 396 197 1191 262; baseline 0 -8"><span class='ocrx_word' id='word_1_1' title='bbox 396 211 541 254; x_wconf 74' lang='lat' dir='ltr'><strong>suessona</strong></span> <span class='ocrx_word' id='word_1_2' title='bbox 557 211 594 254; x_wconf 87' lang='lat' dir='ltr'><strong>aa</strong></span> <span class='ocrx_word' id='word_1_3' title='bbox 611 211 792 255; x_wconf 72' lang='lat' dir='ltr'><strong>satornana.</strong></span> <span class='ocrx_word' id='word_1_4' title='bbox 1132 197 1191 262; x_wconf 79' lang='lat'><strong>831</strong></span> 
     </span>
    </p>
   </div>
   <div class='ocr_carea' id='block_1_2' title="bbox 4 359 1288 3366">
    <p class='ocr_par' dir='ltr' id='par_1_2' title="bbox 4 359 1288 3366">
     <span class='ocr_line' id='line_1_2' title="bbox 7 359 1278 444; baseline -0.002 -20"><span class='ocrx_word' id='word_1_5' title='bbox 7 385 17 424; x_wconf 87' lang='grc' dir='ltr'><strong>ι</strong></span> <span class='ocrx_word' id='word_1_6' title='bbox 48 363 82 426; x_wconf 92' lang='lat' dir='ltr'><strong>in</strong></span> <span class='ocrx_word' id='word_1_7' title='bbox 106 380 216 442; x_wconf 87' lang='lat' dir='ltr'><strong>eorpus</strong></span> <span class='ocrx_word' id='word_1_8' title='bbox 238 359 375 440; x_wconf 86' lang='lat' dir='ltr'><strong>seipsum</strong></span> <span class='ocrx_word' id='word_1_9' title='bbox 396 377 451 440; x_wconf 89' lang='lat' dir='ltr'><strong>pro</strong></span> <span class='ocrx_word' id='word_1_10' title='bbox 475 359 578 441; x_wconf 87' lang='lat' dir='ltr'><strong>seipso</strong></span> <span class='ocrx_word' id='word_1_11' title='bbox 610 361 640 422; x_wconf 92' lang='lat' dir='ltr'><strong>in</strong></span> <span class='ocrx_word' id='word_1_12' title='bbox 663 361 838 424; x_wconf 86' lang='lat' dir='ltr'><strong>saerilieium</strong></span> <span class='ocrx_word' id='word_1_13' title='bbox 861 363 984 424; x_wconf 88' lang='lat' dir='ltr'><strong>olierret</strong></span> <span class='ocrx_word' id='word_1_14' title='bbox 1006 382 1040 424; x_wconf 86' lang='lat' dir='ltr'><strong>ao</strong></span> <span class='ocrx_word' id='word_1_15' title='bbox 1061 363 1278 444; x_wconf 76' lang='lat' dir='ltr'><strong>seipsumeooa.</strong></span> 
     </span>
     <span class='ocr_line' id='line_1_3' title="bbox 11 465 136 526; baseline 0 -2"><span class='ocrx_word' id='word_1_16' title='bbox 11 465 136 526; x_wconf 90' lang='lat' dir='ltr'><strong>imoret.</strong></span> 
     </span>
     <span class='ocr_line' id='line_1_4' title="bbox 4 561 1194 648; baseline 0 -20"><span class='ocrx_word' id='word_1_17' title='bbox 4 595 6 628; x_wconf 60' lang='grc' dir='ltr'>ι</span> <span class='ocrx_word' id='word_1_18' title='bbox 47 571 80 630; x_wconf 86' lang='grc'><strong>5.</strong></span> <span class='ocrx_word' id='word_1_19' title='bbox 125 564 185 626; x_wconf 89' lang='lat' dir='ltr'><strong>Sed</strong></span> <span class='ocrx_word' id='word_1_20' title='bbox 207 581 269 624; x_wconf 93' lang='lat' dir='ltr'><strong>non</strong></span> <span class='ocrx_word' id='word_1_21' title='bbox 291 564 330 625; x_wconf 89' lang='lat' dir='ltr'><strong>ita</strong></span> <span class='ocrx_word' id='word_1_22' title='bbox 354 581 388 626; x_wconf 90' lang='lat' dir='ltr'><strong>se</strong></span> <span class='ocrx_word' id='word_1_23' title='bbox 410 581 461 624; x_wconf 89' lang='lat' dir='ltr'><strong>res</strong></span> <span class='ocrx_word' id='word_1_24' title='bbox 483 561 581 634; x_wconf 90' lang='lat' dir='ltr'><strong>babet,</strong></span> <span class='ocrx_word' id='word_1_25' title='bbox 604 562 698 638; x_wconf 87' lang='lat' dir='ltr'><strong>absit;</strong></span> <span class='ocrx_word' id='word_1_26' title='bbox 720 582 789 626; x_wconf 88' lang='lat' dir='ltr'><strong>nam</strong></span> <span class='ocrx_word' id='word_1_27' title='bbox 809 583 909 628; x_wconf 80' lang='lat' dir='ltr'><strong>remeo</strong></span> <span class='ocrx_word' id='word_1_28' title='bbox 924 565 1062 628; x_wconf 80' lang='lat' dir='ltr'><strong>Abrabae</strong></span> <span class='ocrx_word' id='word_1_29' title='bbox 1081 585 1194 648; x_wconf 84' lang='lat' dir='ltr'><strong>uppre-</strong></span> 
     </span>
     <span class='ocr_line' id='line_1_5' title="bbox 4 663 1195 746; baseline -0.001 -17"><span class='ocrx_word' id='word_1_30' title='bbox 4 669 78 742; x_wconf 39' lang='lat' dir='ltr'><strong>vda&#39;t,</strong></span> <span class='ocrx_word' id='word_1_31' title='bbox 102 675 136 728; x_wconf 89' lang='grc' dir='ltr'><strong>ιιι</strong></span> <span class='ocrx_word' id='word_1_32' title='bbox 155 665 196 726; x_wconf 90' lang='lat' dir='ltr'><strong>ait</strong></span> <span class='ocrx_word' id='word_1_33' title='bbox 217 663 388 744; x_wconf 73' lang='lat' dir='ltr'><strong>Apostolus,</strong></span> <span class='ocrx_word' id='word_1_34' title='bbox 412 666 492 728; x_wconf 77' lang='lat' dir='ltr'><strong>uude</strong></span> <span class='ocrx_word' id='word_1_35' title='bbox 515 664 615 727; x_wconf 82' lang='lat' dir='ltr'><strong>debuit</strong></span> <span class='ocrx_word' id='word_1_36' title='bbox 633 667 815 744; x_wconf 65' lang='lat' dir='ltr'><strong>penoraaio</strong></span> <span class='ocrx_word' id='word_1_37' title='bbox 835 666 990 746; x_wconf 69' lang='lat' dir='ltr'><strong>frutribus</strong></span> <span class='ocrx_word' id='word_1_38' title='bbox 1012 667 1146 730; x_wconf 69' lang='lat' dir='ltr'><strong>similari</strong></span> <span class='ocrx_word' id='word_1_39' title='bbox 1165 677 1195 729; x_wconf 89' lang='lat' dir='ltr'><strong>et</strong></span> 
     </span>
     <span class='ocr_line' id='line_1_6' title="bbox 5 763 1195 848; baseline 0.003 -20"><span class='ocrx_word' id='word_1_40' title='bbox 5 787 76 848; x_wconf 51' lang='lat' dir='ltr'><strong>¹pus</strong></span> <span class='ocrx_word' id='word_1_41' title='bbox 98 783 252 828; x_wconf 86' lang='lat' dir='ltr'><strong>assumere</strong></span> <span class='ocrx_word' id='word_1_42' title='bbox 274 764 362 827; x_wconf 89' lang='lat' dir='ltr'><strong>nobis</strong></span> <span class='ocrx_word' id='word_1_43' title='bbox 386 764 493 826; x_wconf 88' lang='lat' dir='ltr'><strong>simile.</strong></span> <span class='ocrx_word' id='word_1_44' title='bbox 536 765 700 845; x_wconf 80' lang='lat' dir='ltr'><strong>Propterea</strong></span> <span class='ocrx_word' id='word_1_45' title='bbox 721 763 811 843; x_wconf 92' lang='lat' dir='ltr'><strong>igitur</strong></span> <span class='ocrx_word' id='word_1_46' title='bbox 833 764 918 828; x_wconf 90' lang='lat' dir='ltr'><strong>adest</strong></span> <span class='ocrx_word' id='word_1_47' title='bbox 938 785 1006 828; x_wconf 85' lang='lat' dir='ltr'><strong>vere</strong></span> <span class='ocrx_word' id='word_1_48' title='bbox 1028 769 1134 844; x_wconf 86' lang='lat' dir='ltr'><strong>blaria,</strong></span> <span class='ocrx_word' id='word_1_49' title='bbox 1162 779 1195 832; x_wconf 88' lang='lat' dir='ltr'><strong>ut</strong></span> 
     </span>
     <span class='ocr_line' id='line_1_7' title="bbox 21 865 1193 946; baseline 0.001 -15"><span class='ocrx_word' id='word_1_50' title='bbox 21 889 64 932; x_wconf 88' lang='lat' dir='ltr'><strong>ea</strong></span> <span class='ocrx_word' id='word_1_51' title='bbox 93 867 164 929; x_wconf 90' lang='lat' dir='ltr'><strong>illud</strong></span> <span class='ocrx_word' id='word_1_52' title='bbox 195 874 327 929; x_wconf 88' lang='lat' dir='ltr'><strong>assumat</strong></span> <span class='ocrx_word' id='word_1_53' title='bbox 355 873 385 927; x_wconf 92' lang='lat' dir='ltr'><strong>et</strong></span> <span class='ocrx_word' id='word_1_54' title='bbox 413 875 552 946; x_wconf 89' lang='lat' dir='ltr'><strong>tartqnam</strong></span> <span class='ocrx_word' id='word_1_55' title='bbox 581 866 736 946; x_wconf 88' lang='lat' dir='ltr'><strong>proprium</strong></span> <span class='ocrx_word' id='word_1_56' title='bbox 771 883 827 944; x_wconf 91' lang='lat' dir='ltr'><strong>pro</strong></span> <span class='ocrx_word' id='word_1_57' title='bbox 854 865 943 928; x_wconf 87' lang='lat' dir='ltr'><strong>uobis</strong></span> <span class='ocrx_word' id='word_1_58' title='bbox 972 867 1042 928; x_wconf 91' lang='lat' dir='ltr'><strong>illud</strong></span> <span class='ocrx_word' id='word_1_59' title='bbox 1078 871 1193 932; x_wconf 84' lang='lat' dir='ltr'><strong>alterat.</strong></span> 
     </span>
     <span class='ocr_line' id='line_1_8' title="bbox 4 966 1195 1050; baseline 0.002 -18"><span class='ocrx_word' id='word_1_60' title='bbox 4 989 108 1050; x_wconf 73' lang='lat' dir='ltr'><strong>unque</strong></span> <span class='ocrx_word' id='word_1_61' title='bbox 130 968 234 1030; x_wconf 79' lang='lat' dir='ltr'><strong>Esaias</strong></span> <span class='ocrx_word' id='word_1_62' title='bbox 265 967 383 1048; x_wconf 86' lang='lat' dir='ltr'><strong>quidem</strong></span> <span class='ocrx_word' id='word_1_63' title='bbox 406 966 544 1030; x_wconf 76' lang='lat' dir='ltr'><strong>iudicavit</strong></span> <span class='ocrx_word' id='word_1_64' title='bbox 565 967 683 1030; x_wconf 81' lang='lat' dir='ltr'><strong>dicens:</strong></span> <span class='ocrx_word' id='word_1_65' title='bbox 706 967 781 1029; x_wconf 80' lang='lat' dir='ltr'><strong>llere</strong></span> <span class='ocrx_word' id='word_1_66' title='bbox 802 970 900 1047; x_wconf 79' lang='lat' dir='ltr'><strong>uirgo,</strong></span> <span class='ocrx_word' id='word_1_67' title='bbox 923 967 1040 1030; x_wconf 84' lang='lat' dir='ltr'><strong>Gabriel</strong></span> <span class='ocrx_word' id='word_1_68' title='bbox 1062 989 1130 1032; x_wconf 89' lang='lat' dir='ltr'><strong>vero</strong></span> <span class='ocrx_word' id='word_1_69' title='bbox 1157 971 1195 1034; x_wconf 88' lang='lat' dir='ltr'><strong>ad</strong></span> 
     </span>
     <span class='ocr_line' id='line_1_9' title="bbox 11 1067 1195 1150; baseline 0 -16"><span class='ocrx_word' id='word_1_70' title='bbox 11 1095 20 1134; x_wconf 92' lang='grc' dir='ltr'><strong>ι</strong></span> <span class='ocrx_word' id='word_1_71' title='bbox 50 1071 189 1144; x_wconf 77' lang='lat' dir='ltr'><strong>mittitur,</strong></span> <span class='ocrx_word' id='word_1_72' title='bbox 212 1071 267 1132; x_wconf 87' lang='lat' dir='ltr'><strong>nea</strong></span> <span class='ocrx_word' id='word_1_73' title='bbox 289 1067 462 1148; x_wconf 79' lang='lat' dir='ltr'><strong>simpliciter</strong></span> <span class='ocrx_word' id='word_1_74' title='bbox 484 1068 521 1130; x_wconf 86' lang='lat' dir='ltr'><strong>ad</strong></span> <span class='ocrx_word' id='word_1_75' title='bbox 543 1067 697 1147; x_wconf 88' lang='lat' dir='ltr'><strong>virginem,</strong></span> <span class='ocrx_word' id='word_1_76' title='bbox 723 1067 776 1128; x_wconf 86' lang='lat' dir='ltr'><strong>sed</strong></span> <span class='ocrx_word' id='word_1_77' title='bbox 799 1068 838 1130; x_wconf 86' lang='lat' dir='ltr'><strong>ud</strong></span> <span class='ocrx_word' id='word_1_78' title='bbox 860 1071 1008 1147; x_wconf 80' lang='lat' dir='ltr'><strong>virgineae</strong></span> <span class='ocrx_word' id='word_1_79' title='bbox 1029 1071 1195 1150; x_wconf 80' lang='lat' dir='ltr'><strong>desponsa-</strong></span> 
     </span>
     <span class='ocr_line' id='line_1_10' title="bbox 43 1167 1193 1250; baseline -0.001 -16.033"><span class='ocrx_word' id='word_1_80' title='bbox 43 1177 127 1242; x_wconf 81' lang='lat' dir='ltr'><strong>oiro,</strong></span> <span class='ocrx_word' id='word_1_81' title='bbox 151 1178 184 1234; x_wconf 92' lang='lat' dir='ltr'><strong>ut</strong></span> <span class='ocrx_word' id='word_1_82' title='bbox 205 1190 241 1232; x_wconf 83' lang='lat' dir='ltr'><strong>ex</strong></span> <span class='ocrx_word' id='word_1_83' title='bbox 263 1170 368 1250; x_wconf 88' lang='lat' dir='ltr'><strong>sponsi</strong></span> <span class='ocrx_word' id='word_1_84' title='bbox 388 1171 541 1232; x_wconf 89' lang='lat' dir='ltr'><strong>mentione</strong></span> <span class='ocrx_word' id='word_1_85' title='bbox 563 1167 707 1230; x_wconf 84' lang='lat' dir='ltr'><strong>indicaret</strong></span> <span class='ocrx_word' id='word_1_86' title='bbox 720 1167 842 1230; x_wconf 89' lang='lat' dir='ltr'><strong>biariam</strong></span> <span class='ocrx_word' id='word_1_87' title='bbox 857 1186 926 1230; x_wconf 81' lang='lat' dir='ltr'><strong>uere</strong></span> <span class='ocrx_word' id='word_1_88' title='bbox 946 1169 1097 1232; x_wconf 89' lang='lat' dir='ltr'><strong>bominem</strong></span> <span class='ocrx_word' id='word_1_89' title='bbox 1113 1190 1193 1234; x_wconf 88' lang='lat' dir='ltr'><strong>esse.</strong></span> 
     </span>
     <span class='ocr_line' id='line_1_11' title="bbox 13 1269 1197 1352; baseline -0.001 -16"><span class='ocrx_word' id='word_1_90' title='bbox 13 1286 144 1352; x_wconf 88' lang='lat' dir='ltr'><strong>tumque</strong></span> <span class='ocrx_word' id='word_1_91' title='bbox 167 1277 313 1333; x_wconf 87' lang='lat' dir='ltr'><strong>memorat</strong></span> <span class='ocrx_word' id='word_1_92' title='bbox 333 1270 486 1349; x_wconf 77' lang='lat' dir='ltr'><strong>Scriptura</strong></span> <span class='ocrx_word' id='word_1_93' title='bbox 509 1277 540 1330; x_wconf 88' lang='lat' dir='ltr'><strong>et</strong></span> <span class='ocrx_word' id='word_1_94' title='bbox 561 1270 617 1330; x_wconf 92' lang='lat' dir='ltr'><strong>ait:</strong></span> <span class='ocrx_word' id='word_1_95' title='bbox 647 1269 762 1331; x_wconf 84' lang='lat' dir='ltr'><strong>Poaaa&#39;a</strong></span> <span class='ocrx_word' id='word_1_96' title='bbox 792 1288 860 1332; x_wconf 81' lang='lat' dir='ltr'><strong>eam</strong></span> <span class='ocrx_word' id='word_1_97' title='bbox 881 1269 1025 1342; x_wconf 78' lang='lat' dir='ltr'><strong>involvit,</strong></span> <span class='ocrx_word' id='word_1_98' title='bbox 1055 1290 1089 1334; x_wconf 89' lang='lat' dir='ltr'><strong>ae</strong></span> <span class='ocrx_word' id='word_1_99' title='bbox 1108 1271 1197 1335; x_wconf 84' lang='lat' dir='ltr'><strong>beata</strong></span> 
     </span>
     <span class='ocr_line' id='line_1_12' title="bbox 4 1371 1195 1452; baseline 0.001 -17"><span class='ocrx_word' id='word_1_100' title='bbox 4 1371 210 1448; x_wconf 72' lang='lat' dir='ltr'><strong>‚edieabantur</strong></span> <span class='ocrx_word' id='word_1_101' title='bbox 231 1372 339 1445; x_wconf 87' lang='lat' dir='ltr'><strong>ubera,</strong></span> <span class='ocrx_word' id='word_1_102' title='bbox 362 1371 470 1452; x_wconf 85' lang='lat' dir='ltr'><strong>quibus</strong></span> <span class='ocrx_word' id='word_1_103' title='bbox 493 1372 558 1450; x_wconf 88' lang='lat' dir='ltr'><strong>ipse</strong></span> <span class='ocrx_word' id='word_1_104' title='bbox 580 1371 703 1432; x_wconf 86' lang='lat' dir='ltr'><strong>laetatus</strong></span> <span class='ocrx_word' id='word_1_105' title='bbox 727 1380 789 1444; x_wconf 90' lang='lat' dir='ltr'><strong>est,</strong></span> <span class='ocrx_word' id='word_1_106' title='bbox 811 1378 842 1432; x_wconf 91' lang='lat' dir='ltr'><strong>et</strong></span> <span class='ocrx_word' id='word_1_107' title='bbox 863 1371 948 1451; x_wconf 90' lang='lat' dir='ltr'><strong>quasi</strong></span> <span class='ocrx_word' id='word_1_108' title='bbox 969 1380 1057 1452; x_wconf 90' lang='lat' dir='ltr'><strong>partu</strong></span> <span class='ocrx_word' id='word_1_109' title='bbox 1079 1374 1195 1437; x_wconf 77' lang='lat' dir='ltr'><strong>vulvam</strong></span> 
     </span>
     <span class='ocr_line' id='line_1_13' title="bbox 4 1472 1288 1558; baseline -0.003 -22"><span class='ocrx_word' id='word_1_110' title='bbox 4 1476 155 1558; x_wconf 83' lang='lat' dir='ltr'><strong>periente</strong></span> <span class='ocrx_word' id='word_1_111' title='bbox 177 1472 308 1535; x_wconf 89' lang='lat' dir='ltr'><strong>oblatum</strong></span> <span class='ocrx_word' id='word_1_112' title='bbox 330 1481 378 1534; x_wconf 91' lang='lat' dir='ltr'><strong>est</strong></span> <span class='ocrx_word' id='word_1_113' title='bbox 399 1472 593 1546; x_wconf 82' lang='lat' dir='ltr'><strong>saerilieium3</strong></span> <span class='ocrx_word' id='word_1_114' title='bbox 622 1472 697 1534; x_wconf 88' lang='lat' dir='ltr'><strong>baee</strong></span> <span class='ocrx_word' id='word_1_115' title='bbox 717 1481 816 1534; x_wconf 88' lang='lat' dir='ltr'><strong>antem</strong></span> <span class='ocrx_word' id='word_1_116' title='bbox 838 1472 936 1534; x_wconf 91' lang='lat' dir='ltr'><strong>omnia</strong></span> <span class='ocrx_word' id='word_1_117' title='bbox 959 1473 1102 1552; x_wconf 83' lang='lat' dir='ltr'><strong>parientis</strong></span> <span class='ocrx_word' id='word_1_118' title='bbox 1125 1473 1288 1538; x_wconf 76' lang='lat' dir='ltr'><strong>Vir-noos.</strong></span> 
     </span>
     <span class='ocr_line' id='line_1_14' title="bbox 17 1573 1195 1654; baseline 0 -15"><span class='ocrx_word' id='word_1_119' title='bbox 17 1597 34 1639; x_wconf 90' lang='lat' dir='ltr'><strong>s</strong></span> <span class='ocrx_word' id='word_1_120' title='bbox 63 1583 151 1637; x_wconf 90' lang='lat' dir='ltr'><strong>eraut</strong></span> <span class='ocrx_word' id='word_1_121' title='bbox 170 1575 287 1638; x_wconf 89' lang='lat' dir='ltr'><strong>iudieia.</strong></span> <span class='ocrx_word' id='word_1_122' title='bbox 331 1574 369 1635; x_wconf 82' lang='lat' dir='ltr'><strong>Et</strong></span> <span class='ocrx_word' id='word_1_123' title='bbox 390 1573 507 1636; x_wconf 88' lang='lat' dir='ltr'><strong>Gabriel</strong></span> <span class='ocrx_word' id='word_1_124' title='bbox 529 1573 648 1652; x_wconf 87' lang='lat' dir='ltr'><strong>quidam</strong></span> <span class='ocrx_word' id='word_1_125' title='bbox 671 1580 755 1636; x_wconf 83' lang='lat' dir='ltr'><strong>eante</strong></span> <span class='ocrx_word' id='word_1_126' title='bbox 777 1593 812 1636; x_wconf 86' lang='lat' dir='ltr'><strong>ae</strong></span> <span class='ocrx_word' id='word_1_127' title='bbox 827 1574 988 1654; x_wconf 85' lang='lat' dir='ltr'><strong>prudenter</strong></span> <span class='ocrx_word' id='word_1_128' title='bbox 1002 1575 1195 1639; x_wconf 80' lang='lat' dir='ltr'><strong>annuntiabat</strong></span> 
     </span>
     <span class='ocr_line' id='line_1_15' title="bbox 4 1675 1193 1758; baseline -0.001 -18"><span class='ocrx_word' id='word_1_129' title='bbox 4 1677 165 1758; x_wconf 79' lang='lat' dir='ltr'><strong>¹dicendo,</strong></span> <span class='ocrx_word' id='word_1_130' title='bbox 188 1694 249 1738; x_wconf 92' lang='lat' dir='ltr'><strong>non</strong></span> <span class='ocrx_word' id='word_1_131' title='bbox 272 1675 447 1755; x_wconf 82' lang='lat' dir='ltr'><strong>simpliciter</strong></span> <span class='ocrx_word' id='word_1_132' title='bbox 468 1675 549 1754; x_wconf 91' lang='lat' dir='ltr'><strong>quod</strong></span> <span class='ocrx_word' id='word_1_133' title='bbox 571 1679 604 1736; x_wconf 84' lang='lat' dir='ltr'><strong>ia</strong></span> <span class='ocrx_word' id='word_1_134' title='bbox 627 1686 655 1739; x_wconf 87' lang='lat' dir='ltr'><strong>te</strong></span> <span class='ocrx_word' id='word_1_135' title='bbox 676 1682 833 1748; x_wconf 78' lang='lat' dir='ltr'><strong>nascetur,</strong></span> <span class='ocrx_word' id='word_1_136' title='bbox 857 1693 895 1736; x_wconf 90' lang='lat' dir='ltr'><strong>ne</strong></span> <span class='ocrx_word' id='word_1_137' title='bbox 917 1676 1101 1738; x_wconf 77' lang='lat' dir='ltr'><strong>extrinsecus</strong></span> <span class='ocrx_word' id='word_1_138' title='bbox 1123 1696 1193 1739; x_wconf 83' lang='lat' dir='ltr'><strong>eor-</strong></span> 
     </span>
     <span class='ocr_line' id='line_1_16' title="bbox 36 1774 1193 1858; baseline 0.003 -19"><span class='ocrx_word' id='word_1_139' title='bbox 36 1777 101 1858; x_wconf 89' lang='lat' dir='ltr'><strong>ipsi</strong></span> <span class='ocrx_word' id='word_1_140' title='bbox 124 1777 275 1838; x_wconf 89' lang='lat' dir='ltr'><strong>inductum</strong></span> <span class='ocrx_word' id='word_1_141' title='bbox 297 1783 461 1856; x_wconf 88' lang='lat' dir='ltr'><strong>putaretur,</strong></span> <span class='ocrx_word' id='word_1_142' title='bbox 485 1775 539 1836; x_wconf 88' lang='lat' dir='ltr'><strong>sed</strong></span> <span class='ocrx_word' id='word_1_143' title='bbox 562 1793 601 1837; x_wconf 80' lang='lat' dir='ltr'><strong>eu·</strong></span> <span class='ocrx_word' id='word_1_144' title='bbox 622 1785 660 1847; x_wconf 87' lang='lat' dir='ltr'><strong>te,</strong></span> <span class='ocrx_word' id='word_1_145' title='bbox 684 1782 718 1836; x_wconf 91' lang='lat' dir='ltr'><strong>ut</strong></span> <span class='ocrx_word' id='word_1_146' title='bbox 739 1774 818 1855; x_wconf 86' lang='lat' dir='ltr'><strong>quod</strong></span> <span class='ocrx_word' id='word_1_147' title='bbox 840 1775 1015 1854; x_wconf 79' lang='lat' dir='ltr'><strong>gignebatur</strong></span> <span class='ocrx_word' id='word_1_148' title='bbox 1036 1785 1135 1840; x_wconf 90' lang='lat' dir='ltr'><strong>ortum</strong></span> <span class='ocrx_word' id='word_1_149' title='bbox 1157 1799 1193 1842; x_wconf 88' lang='lat' dir='ltr'><strong>ex</strong></span> 
     </span>
     <span class='ocr_line' id='line_1_17' title="bbox 4 1871 1194 1960; baseline 0.003 -19"><span class='ocrx_word' id='word_1_150' title='bbox 4 1871 154 1942; x_wconf 67' lang='lat' dir='ltr'><strong>&#39;duxisse</strong></span> <span class='ocrx_word' id='word_1_151' title='bbox 176 1877 359 1952; x_wconf 81' lang='lat' dir='ltr'><strong>crederetur,</strong></span> <span class='ocrx_word' id='word_1_152' title='bbox 381 1876 494 1957; x_wconf 91' lang='lat' dir='ltr'><strong>liquido</strong></span> <span class='ocrx_word' id='word_1_153' title='bbox 515 1877 575 1938; x_wconf 86' lang='lat' dir='ltr'><strong>boe</strong></span> <span class='ocrx_word' id='word_1_154' title='bbox 596 1876 693 1956; x_wconf 88' lang='lat' dir='ltr'><strong>ipsum</strong></span> <span class='ocrx_word' id='word_1_155' title='bbox 710 1879 815 1939; x_wconf 73' lang='lat' dir='ltr'><strong>natura</strong></span> <span class='ocrx_word' id='word_1_156' title='bbox 830 1876 1062 1950; x_wconf 82' lang='lat' dir='ltr'><strong>demonstrante,</strong></span> <span class='ocrx_word' id='word_1_157' title='bbox 1085 1898 1194 1960; x_wconf 87' lang='lat' dir='ltr'><strong>nempe</strong></span> 
     </span>
     <span class='ocr_line' id='line_1_18' title="bbox 4 1977 1195 2058; baseline 0.003 -18"><span class='ocrx_word' id='word_1_158' title='bbox 4 1981 150 2044; x_wconf 46' lang='lat' dir='ltr'><strong>,ossibile</strong></span> <span class='ocrx_word' id='word_1_159' title='bbox 178 1999 247 2042; x_wconf 87' lang='lat' dir='ltr'><strong>esse</strong></span> <span class='ocrx_word' id='word_1_160' title='bbox 270 1979 419 2058; x_wconf 77' lang='lat' dir='ltr'><strong>Virginem</strong></span> <span class='ocrx_word' id='word_1_161' title='bbox 448 1979 522 2039; x_wconf 87' lang='lat' dir='ltr'><strong>eitra</strong></span> <span class='ocrx_word' id='word_1_162' title='bbox 550 1987 667 2058; x_wconf 89' lang='lat' dir='ltr'><strong>partum</strong></span> <span class='ocrx_word' id='word_1_163' title='bbox 688 1978 734 2040; x_wconf 88' lang='lat' dir='ltr'><strong>lae</strong></span> <span class='ocrx_word' id='word_1_164' title='bbox 755 1977 881 2051; x_wconf 88' lang='lat' dir='ltr'><strong>babere,</strong></span> <span class='ocrx_word' id='word_1_165' title='bbox 915 1979 1101 2058; x_wconf 89' lang='lat' dir='ltr'><strong>impossibile</strong></span> <span class='ocrx_word' id='word_1_166' title='bbox 1121 1981 1195 2044; x_wconf 82' lang='lat' dir='ltr'><strong>iterii</strong></span> 
     </span>
     <span class='ocr_line' id='line_1_19' title="bbox 11 2076 1193 2160; baseline 0 -15"><span class='ocrx_word' id='word_1_167' title='bbox 11 2106 24 2146; x_wconf 78' lang='lat' dir='ltr'><strong>a</strong></span> <span class='ocrx_word' id='word_1_168' title='bbox 49 2083 129 2144; x_wconf 89' lang='lat' dir='ltr'><strong>laete</strong></span> <span class='ocrx_word' id='word_1_169' title='bbox 151 2081 258 2142; x_wconf 91' lang='lat' dir='ltr'><strong>nutriri</strong></span> <span class='ocrx_word' id='word_1_170' title='bbox 281 2087 312 2140; x_wconf 89' lang='lat' dir='ltr'><strong>et</strong></span> <span class='ocrx_word' id='word_1_171' title='bbox 332 2079 439 2158; x_wconf 88' lang='lat' dir='ltr'><strong>pannis</strong></span> <span class='ocrx_word' id='word_1_172' title='bbox 455 2076 564 2138; x_wconf 90' lang='lat' dir='ltr'><strong>involvi</strong></span> <span class='ocrx_word' id='word_1_173' title='bbox 580 2096 699 2157; x_wconf 85' lang='lat' dir='ltr'><strong>eorpus,</strong></span> <span class='ocrx_word' id='word_1_174' title='bbox 723 2079 803 2156; x_wconf 88' lang='lat' dir='ltr'><strong>quod</strong></span> <span class='ocrx_word' id='word_1_175' title='bbox 819 2078 951 2140; x_wconf 87' lang='lat' dir='ltr'><strong>uorrdum</strong></span> <span class='ocrx_word' id='word_1_176' title='bbox 966 2081 1091 2142; x_wconf 89' lang='lat' dir='ltr'><strong>naturali</strong></span> <span class='ocrx_word' id='word_1_177' title='bbox 1106 2091 1193 2160; x_wconf 89' lang='lat' dir='ltr'><strong>partu</strong></span> 
     </span>
     <span class='ocr_line' id='line_1_20' title="bbox 4 2177 1193 2258; baseline -0.002 -12"><span class='ocrx_word' id='word_1_178' title='bbox 4 2183 147 2247; x_wconf 86' lang='lat' dir='ltr'><strong>editum.</strong></span> <span class='ocrx_word' id='word_1_179' title='bbox 191 2181 266 2242; x_wconf 91' lang='lat' dir='ltr'><strong>lllud</strong></span> <span class='ocrx_word' id='word_1_180' title='bbox 295 2180 394 2258; x_wconf 90' lang='lat' dir='ltr'><strong>ipsum</strong></span> <span class='ocrx_word' id='word_1_181' title='bbox 422 2197 531 2258; x_wconf 84' lang='lat' dir='ltr'><strong>corpus</strong></span> <span class='ocrx_word' id='word_1_182' title='bbox 559 2187 663 2239; x_wconf 80' lang='lat' dir='ltr'><strong>octavo</strong></span> <span class='ocrx_word' id='word_1_183' title='bbox 687 2177 734 2238; x_wconf 92' lang='lat' dir='ltr'><strong>die</strong></span> <span class='ocrx_word' id='word_1_184' title='bbox 757 2178 962 2240; x_wconf 83' lang='lat' dir='ltr'><strong>circumcisum</strong></span> <span class='ocrx_word' id='word_1_185' title='bbox 985 2188 1046 2254; x_wconf 89' lang='lat' dir='ltr'><strong>est,</strong></span> <span class='ocrx_word' id='word_1_186' title='bbox 1075 2181 1153 2243; x_wconf 89' lang='lat' dir='ltr'><strong>idem</strong></span> <span class='ocrx_word' id='word_1_187' title='bbox 1176 2203 1193 2244; x_wconf 93' lang='lat' dir='ltr'><strong>a</strong></span> 
     </span>
     <span class='ocr_line' id='line_1_21' title="bbox 4 2271 1191 2357; baseline -0.003 -9"><span class='ocrx_word' id='word_1_188' title='bbox 4 2271 111 2348; x_wconf 72' lang='lat' dir='ltr'><strong>&#39;reone</strong></span> <span class='ocrx_word' id='word_1_189' title='bbox 132 2282 164 2342; x_wconf 94' lang='lat' dir='ltr'><strong>in</strong></span> <span class='ocrx_word' id='word_1_190' title='bbox 186 2281 271 2343; x_wconf 86' lang='lat' dir='ltr'><strong>ulnas</strong></span> <span class='ocrx_word' id='word_1_191' title='bbox 294 2287 480 2357; x_wconf 82' lang='lat' dir='ltr'><strong>susceptum,</strong></span> <span class='ocrx_word' id='word_1_192' title='bbox 509 2277 637 2356; x_wconf 91' lang='lat' dir='ltr'><strong>idipsum</strong></span> <span class='ocrx_word' id='word_1_193' title='bbox 660 2295 735 2356; x_wconf 89' lang='lat' dir='ltr'><strong>puer</strong></span> <span class='ocrx_word' id='word_1_194' title='bbox 757 2277 864 2349; x_wconf 83' lang='lat' dir='ltr'><strong>erasit,</strong></span> <span class='ocrx_word' id='word_1_195' title='bbox 886 2279 994 2353; x_wconf 86' lang='lat' dir='ltr'><strong>erevit,</strong></span> <span class='ocrx_word' id='word_1_196' title='bbox 1017 2280 1191 2346; x_wconf 80' lang='lat' dir='ltr'><strong>duodecim-</strong></span> 
     </span>
     <span class='ocr_line' id='line_1_22' title="bbox 4 2363 1191 2480; baseline -0.001 -32"><span class='ocrx_word' id='word_1_197' title='bbox 4 2363 9 2480; x_wconf 41' lang='grc' dir='ltr'>ἶ</span> <span class='ocrx_word' id='word_1_198' title='bbox 35 2401 189 2448; x_wconf 88' lang='lat' dir='ltr'><strong>annorum</strong></span> <span class='ocrx_word' id='word_1_199' title='bbox 218 2383 325 2442; x_wconf 87' lang='lat' dir='ltr'><strong>laetum</strong></span> <span class='ocrx_word' id='word_1_200' title='bbox 355 2387 420 2453; x_wconf 87' lang='lat' dir='ltr'><strong>est,</strong></span> <span class='ocrx_word' id='word_1_201' title='bbox 448 2387 478 2441; x_wconf 89' lang='lat' dir='ltr'><strong>et</strong></span> <span class='ocrx_word' id='word_1_202' title='bbox 506 2379 542 2440; x_wconf 91' lang='lat' dir='ltr'><strong>ad</strong></span> <span class='ocrx_word' id='word_1_203' title='bbox 572 2377 756 2458; x_wconf 88' lang='lat' dir='ltr'><strong>trigesimam</strong></span> <span class='ocrx_word' id='word_1_204' title='bbox 785 2395 880 2458; x_wconf 90' lang='lat' dir='ltr'><strong>usque</strong></span> <span class='ocrx_word' id='word_1_205' title='bbox 908 2381 1044 2459; x_wconf 83' lang='lat' dir='ltr'><strong>pervenit</strong></span> <span class='ocrx_word' id='word_1_206' title='bbox 1070 2401 1191 2447; x_wconf 91' lang='lat' dir='ltr'><strong>annum.</strong></span> 
     </span>
     <span class='ocr_line' id='line_1_23' title="bbox 4 2478 1191 2561; baseline 0.001 -14"><span class='ocrx_word' id='word_1_207' title='bbox 4 2483 21 2548; x_wconf 71' lang='lat' dir='ltr'><strong>&#39;r</strong></span> <span class='ocrx_word' id='word_1_208' title='bbox 50 2484 144 2554; x_wconf 89' lang='lat' dir='ltr'><strong>enim,</strong></span> <span class='ocrx_word' id='word_1_209' title='bbox 167 2493 199 2545; x_wconf 93' lang='lat' dir='ltr'><strong>ut</strong></span> <span class='ocrx_word' id='word_1_210' title='bbox 220 2481 354 2543; x_wconf 90' lang='lat' dir='ltr'><strong>nonnulli</strong></span> <span class='ocrx_word' id='word_1_211' title='bbox 377 2480 521 2561; x_wconf 83' lang='lat' dir='ltr'><strong>suspicati</strong></span> <span class='ocrx_word' id='word_1_212' title='bbox 541 2489 621 2554; x_wconf 90' lang='lat' dir='ltr'><strong>sunt,</strong></span> <span class='ocrx_word' id='word_1_213' title='bbox 644 2479 709 2560; x_wconf 89' lang='lat' dir='ltr'><strong>ipsa</strong></span> <span class='ocrx_word' id='word_1_214' title='bbox 724 2478 812 2542; x_wconf 79' lang='lat' dir='ltr'><strong>Verbi</strong></span> <span class='ocrx_word' id='word_1_215' title='bbox 828 2479 992 2544; x_wconf 88' lang='lat' dir='ltr'><strong>substantia</strong></span> <span class='ocrx_word' id='word_1_216' title='bbox 1006 2491 1116 2548; x_wconf 75' lang='lat' dir='ltr'><strong>mutma</strong></span> <span class='ocrx_word' id='word_1_217' title='bbox 1131 2486 1191 2547; x_wconf 88' lang='lat' dir='ltr'><strong>oir-</strong></span> 
     </span>
     <span class='ocr_line' id='line_1_24' title="bbox 4 2580 1193 2662; baseline 0.001 -14"><span class='ocrx_word' id='word_1_218' title='bbox 4 2587 94 2648; x_wconf 85' lang='lat' dir='ltr'><strong>neisa</strong></span> <span class='ocrx_word' id='word_1_219' title='bbox 117 2593 174 2659; x_wconf 88' lang='lat' dir='ltr'><strong>est,</strong></span> <span class='ocrx_word' id='word_1_220' title='bbox 197 2603 263 2647; x_wconf 90' lang='lat' dir='ltr'><strong>cum</strong></span> <span class='ocrx_word' id='word_1_221' title='bbox 286 2584 324 2645; x_wconf 87' lang='lat' dir='ltr'><strong>sit</strong></span> <span class='ocrx_word' id='word_1_222' title='bbox 343 2582 525 2645; x_wconf 80' lang='lat' dir='ltr'><strong>invariabilis</strong></span> <span class='ocrx_word' id='word_1_223' title='bbox 548 2592 577 2643; x_wconf 90' lang='lat' dir='ltr'><strong>et</strong></span> <span class='ocrx_word' id='word_1_224' title='bbox 599 2580 799 2654; x_wconf 87' lang='lat' dir='ltr'><strong>immutabilis,</strong></span> <span class='ocrx_word' id='word_1_225' title='bbox 822 2580 889 2662; x_wconf 89' lang='lat' dir='ltr'><strong>ipso</strong></span> <span class='ocrx_word' id='word_1_226' title='bbox 908 2581 1026 2662; x_wconf 88' lang='lat' dir='ltr'><strong>quidem</strong></span> <span class='ocrx_word' id='word_1_227' title='bbox 1041 2585 1193 2650; x_wconf 84' lang='lat' dir='ltr'><strong>Salvatore</strong></span> 
     </span>
     <span class='ocr_line' id='line_1_25' title="bbox 4 2675 1190 2766; baseline -0.003 -14"><span class='ocrx_word' id='word_1_228' title='bbox 4 2675 98 2752; x_wconf 71' lang='lat' dir='ltr'><strong>ente:</strong></span> <span class='ocrx_word' id='word_1_229' title='bbox 125 2685 229 2758; x_wconf 82' lang='lat' dir='ltr'><strong>Videte,</strong></span> <span class='ocrx_word' id='word_1_230' title='bbox 253 2687 356 2759; x_wconf 85' lang='lat' dir='ltr'><strong>videte,</strong></span> <span class='ocrx_word' id='word_1_231' title='bbox 381 2689 451 2766; x_wconf 80' lang='lat' dir='ltr'><strong>puio</strong></span> <span class='ocrx_word' id='word_1_232' title='bbox 469 2703 521 2765; x_wconf 80' lang='lat' dir='ltr'><strong>ego</strong></span> <span class='ocrx_word' id='word_1_233' title='bbox 537 2702 604 2746; x_wconf 83' lang='lat' dir='ltr'><strong>sum</strong></span> <span class='ocrx_word' id='word_1_234' title='bbox 626 2694 654 2747; x_wconf 86' lang='lat' dir='ltr'><strong>et</strong></span> <span class='ocrx_word' id='word_1_235' title='bbox 676 2701 738 2745; x_wconf 82' lang='lat' dir='ltr'><strong>ooo</strong></span> <span class='ocrx_word' id='word_1_236' title='bbox 759 2693 871 2754; x_wconf 87' lang='lat' dir='ltr'><strong>mutor,</strong></span> <span class='ocrx_word' id='word_1_237' title='bbox 893 2683 984 2745; x_wconf 88' lang='lat' dir='ltr'><strong>Paulo</strong></span> <span class='ocrx_word' id='word_1_238' title='bbox 1000 2693 1097 2748; x_wconf 86' lang='lat' dir='ltr'><strong>autem</strong></span> <span class='ocrx_word' id='word_1_239' title='bbox 1113 2691 1190 2749; x_wconf 87' lang='lat' dir='ltr'><strong>sori-</strong></span> 
     </span>
     <span class='ocr_line' id='line_1_26' title="bbox 5 2781 1191 2864; baseline -0.002 -12"><span class='ocrx_word' id='word_1_240' title='bbox 5 2802 67 2853; x_wconf 86' lang='lat' dir='ltr'><strong>rte:</strong></span> <span class='ocrx_word' id='word_1_241' title='bbox 99 2788 184 2850; x_wconf 82' lang='lat' dir='ltr'><strong>lesus</strong></span> <span class='ocrx_word' id='word_1_242' title='bbox 209 2789 350 2850; x_wconf 82' lang='lat' dir='ltr'><strong>Clariatua</strong></span> <span class='ocrx_word' id='word_1_243' title='bbox 374 2787 490 2849; x_wconf 75' lang='lat' dir='ltr'><strong>berieu</strong></span> <span class='ocrx_word' id='word_1_244' title='bbox 513 2785 598 2848; x_wconf 86' lang='lat' dir='ltr'><strong>lodie</strong></span> <span class='ocrx_word' id='word_1_245' title='bbox 621 2789 684 2864; x_wconf 81' lang='lat' dir='ltr'><strong>ipae</strong></span> <span class='ocrx_word' id='word_1_246' title='bbox 706 2794 736 2846; x_wconf 84' lang='lat' dir='ltr'><strong>et</strong></span> <span class='ocrx_word' id='word_1_247' title='bbox 759 2784 791 2846; x_wconf 86' lang='lat' dir='ltr'><strong>ia</strong></span> <span class='ocrx_word' id='word_1_248' title='bbox 813 2781 951 2858; x_wconf 81' lang='lat' dir='ltr'><strong>aneealo3</strong></span> <span class='ocrx_word' id='word_1_249' title='bbox 983 2785 1036 2846; x_wconf 87' lang='lat' dir='ltr'><strong>sed</strong></span> <span class='ocrx_word' id='word_1_250' title='bbox 1064 2787 1094 2848; x_wconf 94' lang='lat' dir='ltr'><strong>in</strong></span> <span class='ocrx_word' id='word_1_251' title='bbox 1121 2807 1191 2850; x_wconf 83' lang='lat' dir='ltr'><strong>eor-</strong></span> 
     </span>
     <span class='ocr_line' id='line_1_27' title="bbox 4 2884 1193 2967; baseline -0.001 -16"><span class='ocrx_word' id='word_1_252' title='bbox 4 2911 33 2951; x_wconf 77' lang='lat' dir='ltr'><strong>re</strong></span> <span class='ocrx_word' id='word_1_253' title='bbox 58 2889 251 2960; x_wconf 84' lang='lat' dir='ltr'><strong>circumciso,</strong></span> <span class='ocrx_word' id='word_1_254' title='bbox 281 2895 411 2967; x_wconf 90' lang='lat' dir='ltr'><strong>gestato,</strong></span> <span class='ocrx_word' id='word_1_255' title='bbox 441 2887 565 2958; x_wconf 88' lang='lat' dir='ltr'><strong>edente,</strong></span> <span class='ocrx_word' id='word_1_256' title='bbox 595 2884 729 2958; x_wconf 86' lang='lat' dir='ltr'><strong>bibente,</strong></span> <span class='ocrx_word' id='word_1_257' title='bbox 753 2885 922 2957; x_wconf 81' lang='lat' dir='ltr'><strong>laborante,</strong></span> <span class='ocrx_word' id='word_1_258' title='bbox 951 2885 1030 2947; x_wconf 84' lang='lat' dir='ltr'><strong>eruci</strong></span> <span class='ocrx_word' id='word_1_259' title='bbox 1052 2887 1139 2950; x_wconf 81' lang='lat' dir='ltr'><strong>altino</strong></span> <span class='ocrx_word' id='word_1_260' title='bbox 1163 2897 1193 2952; x_wconf 95' lang='lat' dir='ltr'><strong>et</strong></span> 
     </span>
     <span class='ocr_line' id='line_1_28' title="bbox 4 2977 1191 3068; baseline 0.002 -20"><span class='ocrx_word' id='word_1_261' title='bbox 4 2992 95 3052; x_wconf 91' lang='lat' dir='ltr'><strong>iente</strong></span> <span class='ocrx_word' id='word_1_262' title='bbox 123 2997 187 3050; x_wconf 87' lang='lat' dir='ltr'><strong>erat</strong></span> <span class='ocrx_word' id='word_1_263' title='bbox 214 2987 396 3068; x_wconf 88' lang='lat' dir='ltr'><strong>impassibile</strong></span> <span class='ocrx_word' id='word_1_264' title='bbox 415 2977 458 3050; x_wconf 64' lang='lat' dir='ltr'><strong>vet</strong></span> <span class='ocrx_word' id='word_1_265' title='bbox 483 2987 693 3066; x_wconf 82' lang='lat' dir='ltr'><strong>incorporeum</strong></span> <span class='ocrx_word' id='word_1_266' title='bbox 722 2987 775 3048; x_wconf 87' lang='lat' dir='ltr'><strong>Dei</strong></span> <span class='ocrx_word' id='word_1_267' title='bbox 803 2986 942 3050; x_wconf 79' lang='lat' dir='ltr'><strong>Verbum.</strong></span> <span class='ocrx_word' id='word_1_268' title='bbox 993 2987 1066 3049; x_wconf 90' lang='lat' dir='ltr'><strong>lllud</strong></span> <span class='ocrx_word' id='word_1_269' title='bbox 1084 2988 1191 3066; x_wconf 27' lang='lat' dir='ltr'><strong>,ipsum</strong></span> 
     </span>
     <span class='ocr_line' id='line_1_29' title="bbox 4 3086 1191 3171; baseline 0.002 -20"><span class='ocrx_word' id='word_1_270' title='bbox 4 3109 72 3171; x_wconf 89' lang='lat' dir='ltr'><strong>pus</strong></span> <span class='ocrx_word' id='word_1_271' title='bbox 96 3089 127 3150; x_wconf 94' lang='lat' dir='ltr'><strong>in</strong></span> <span class='ocrx_word' id='word_1_272' title='bbox 150 3091 286 3169; x_wconf 80' lang='lat' dir='ltr'><strong>sepulcro</strong></span> <span class='ocrx_word' id='word_1_273' title='bbox 309 3089 439 3168; x_wconf 86' lang='lat' dir='ltr'><strong>positum</strong></span> <span class='ocrx_word' id='word_1_274' title='bbox 463 3097 542 3161; x_wconf 89' lang='lat' dir='ltr'><strong>erat,</strong></span> <span class='ocrx_word' id='word_1_275' title='bbox 570 3107 637 3150; x_wconf 91' lang='lat' dir='ltr'><strong>cum</strong></span> <span class='ocrx_word' id='word_1_276' title='bbox 659 3088 787 3150; x_wconf 85' lang='lat' dir='ltr'><strong>Verbum</strong></span> <span class='ocrx_word' id='word_1_277' title='bbox 816 3087 888 3149; x_wconf 90' lang='lat' dir='ltr'><strong>abiit</strong></span> <span class='ocrx_word' id='word_1_278' title='bbox 916 3086 998 3162; x_wconf 85' lang='lat' dir='ltr'><strong>(lieet</strong></span> <span class='ocrx_word' id='word_1_279' title='bbox 1026 3106 1043 3149; x_wconf 91' lang='lat' dir='ltr'><strong>a</strong></span> <span class='ocrx_word' id='word_1_280' title='bbox 1064 3106 1191 3170; x_wconf 76' lang='lat' dir='ltr'><strong>corpore</strong></span> 
     </span>
     <span class='ocr_line' id='line_1_30' title="bbox 4 3189 1191 3271; baseline -0.001 -17"><span class='ocrx_word' id='word_1_281' title='bbox 4 3194 85 3254; x_wconf 87' lang='lat' dir='ltr'><strong>nime</strong></span> <span class='ocrx_word' id='word_1_282' title='bbox 108 3196 343 3271; x_wconf 74' lang='lat' dir='ltr'><strong>segregaretur),</strong></span> <span class='ocrx_word' id='word_1_283' title='bbox 375 3197 408 3252; x_wconf 91' lang='grc' dir='ltr'><strong>ιιι</strong></span> <span class='ocrx_word' id='word_1_284' title='bbox 436 3189 620 3269; x_wconf 82' lang='lat' dir='ltr'><strong>praedicaret</strong></span> <span class='ocrx_word' id='word_1_285' title='bbox 642 3191 688 3252; x_wconf 85' lang='lat' dir='ltr'><strong>lu&#39;a</strong></span> <span class='ocrx_word' id='word_1_286' title='bbox 711 3193 764 3266; x_wconf 79' lang='lat' dir='ltr'><strong>gui</strong></span> <span class='ocrx_word' id='word_1_287' title='bbox 783 3193 816 3250; x_wconf 84' lang='lat' dir='ltr'><strong>iu</strong></span> <span class='ocrx_word' id='word_1_288' title='bbox 838 3206 961 3251; x_wconf 78' lang='lat' dir='ltr'><strong>earcere</strong></span> <span class='ocrx_word' id='word_1_289' title='bbox 984 3199 1074 3252; x_wconf 85' lang='lat' dir='ltr'><strong>eraut</strong></span> <span class='ocrx_word' id='word_1_290' title='bbox 1096 3195 1191 3271; x_wconf 75' lang='lat' dir='ltr'><strong>spiri-</strong></span> 
     </span>
     <span class='ocr_line' id='line_1_31' title="bbox 4 3293 309 3366; baseline -0.013 -8"><span class='ocrx_word' id='word_1_291' title='bbox 4 3315 49 3366; x_wconf 84' lang='lat' dir='ltr'><strong>us,</strong></span> <span class='ocrx_word' id='word_1_292' title='bbox 76 3298 110 3354; x_wconf 93' lang='lat' dir='ltr'><strong>ut</strong></span> <span class='ocrx_word' id='word_1_293' title='bbox 130 3293 172 3355; x_wconf 91' lang='lat' dir='ltr'><strong>ait</strong></span> <span class='ocrx_word' id='word_1_294' title='bbox 192 3293 309 3356; x_wconf 88' lang='lat' dir='ltr'><strong>Petrus.</strong></span> 
     </span>
    </p>
   </div>
   <div class='ocr_carea' id='block_1_3' title="bbox 4 3689 1189 3876">
    <p class='ocr_par' dir='ltr' id='par_1_3' title="bbox 4 3689 1189 3876">
     <span class='ocr_line' id='line_1_32' title="bbox 44 3689 1189 3780; baseline -0.006 -14"><span class='ocrx_word' id='word_1_295' title='bbox 44 3705 76 3766; x_wconf 87' lang='lat'><strong>6.</strong></span> <span class='ocrx_word' id='word_1_296' title='bbox 124 3689 213 3772; x_wconf 83' lang='lat' dir='ltr'><strong>Quod</strong></span> <span class='ocrx_word' id='word_1_297' title='bbox 239 3700 429 3780; x_wconf 88' lang='lat' dir='ltr'><strong>potissimum</strong></span> <span class='ocrx_word' id='word_1_298' title='bbox 453 3717 556 3762; x_wconf 88' lang='lat' dir='ltr'><strong>eorum</strong></span> <span class='ocrx_word' id='word_1_299' title='bbox 579 3698 733 3760; x_wconf 87' lang='lat' dir='ltr'><strong>stultitiam</strong></span> <span class='ocrx_word' id='word_1_300' title='bbox 755 3698 866 3776; x_wconf 90' lang='lat' dir='ltr'><strong>arguit,</strong></span> <span class='ocrx_word' id='word_1_301' title='bbox 897 3698 947 3778; x_wconf 90' lang='lat' dir='ltr'><strong>qui</strong></span> <span class='ocrx_word' id='word_1_302' title='bbox 968 3697 1085 3773; x_wconf 86' lang='lat' dir='ltr'><strong>dieunt,</strong></span> <span class='ocrx_word' id='word_1_303' title='bbox 1115 3699 1189 3759; x_wconf 86' lang='lat' dir='ltr'><strong>ller-</strong></span> 
     </span>
     <span class='ocr_line' id='line_1_33' title="bbox 4 3799 1189 3876; baseline -0.003 -11"><span class='ocrx_word' id='word_1_304' title='bbox 4 3823 27 3865; x_wconf 86' lang='lat' dir='ltr'><strong>m</strong></span> <span class='ocrx_word' id='word_1_305' title='bbox 59 3802 102 3863; x_wconf 48' lang='lat' dir='ltr'><strong>iu¹</strong></span> <span class='ocrx_word' id='word_1_306' title='bbox 123 3817 194 3862; x_wconf 91' lang='lat' dir='ltr'><strong>ossa</strong></span> <span class='ocrx_word' id='word_1_307' title='bbox 224 3809 254 3861; x_wconf 91' lang='lat' dir='ltr'><strong>et</strong></span> <span class='ocrx_word' id='word_1_308' title='bbox 275 3819 393 3864; x_wconf 86' lang='lat' dir='ltr'><strong>earnem</strong></span> <span class='ocrx_word' id='word_1_309' title='bbox 415 3808 560 3864; x_wconf 89' lang='lat' dir='ltr'><strong>mutatum</strong></span> <span class='ocrx_word' id='word_1_310' title='bbox 581 3800 695 3876; x_wconf 86' lang='lat' dir='ltr'><strong>iuisse;</strong></span> <span class='ocrx_word' id='word_1_311' title='bbox 725 3799 751 3860; x_wconf 94' lang='lat' dir='ltr'><strong>si</strong></span> <span class='ocrx_word' id='word_1_312' title='bbox 775 3799 853 3862; x_wconf 91' lang='lat' dir='ltr'><strong>enim</strong></span> <span class='ocrx_word' id='word_1_313' title='bbox 875 3801 932 3862; x_wconf 87' lang='lat' dir='ltr'><strong>boe</strong></span> <span class='ocrx_word' id='word_1_314' title='bbox 954 3806 1051 3872; x_wconf 89' lang='lat' dir='ltr'><strong>esset,</strong></span> <span class='ocrx_word' id='word_1_315' title='bbox 1080 3817 1189 3862; x_wconf 87' lang='lat' dir='ltr'><strong>monu-</strong></span> 
     </span>
    </p>
   </div>
   <div class='ocr_carea' id='block_1_4' title="bbox 4 3943 1267 4493">
    <p class='ocr_par' dir='ltr' id='par_1_4' title="bbox 20 3943 906 4020">
     <span class='ocr_line' id='line_1_34' title="bbox 20 3943 906 4020; baseline -0.005 -16"><span class='ocrx_word' id='word_1_316' title='bbox 20 3953 71 4004; x_wconf 78' lang='grc' dir='ltr'><strong>τοῦ</strong></span> <span class='ocrx_word' id='word_1_317' title='bbox 90 3947 201 4003; x_wconf 84' lang='grc' dir='ltr'>τίιιτιιν.</span> <span class='ocrx_word' id='word_1_318' title='bbox 237 3953 263 4004; x_wconf 87' lang='grc' dir='ltr'><strong>1ιι</strong></span> <span class='ocrx_word' id='word_1_319' title='bbox 277 3953 364 4018; x_wconf 80' lang='lat' dir='ltr'><strong>Epiplt.</strong></span> <span class='ocrx_word' id='word_1_320' title='bbox 382 3961 406 4006; x_wconf 87' lang='lat' dir='ltr'><strong>st</strong></span> <span class='ocrx_word' id='word_1_321' title='bbox 418 3955 550 4016; x_wconf 84' lang='lat' dir='ltr'><strong>inSsguer.</strong></span> <span class='ocrx_word' id='word_1_322' title='bbox 603 3953 659 4002; x_wconf 86' lang='lat' dir='ltr'><strong>beot</strong></span> <span class='ocrx_word' id='word_1_323' title='bbox 678 3943 747 4002; x_wconf 75' lang='grc' dir='ltr'>ἴδετε</span> <span class='ocrx_word' id='word_1_324' title='bbox 765 3953 846 4003; x_wconf 84' lang='lat' dir='ltr'><strong>addito</strong></span> <span class='ocrx_word' id='word_1_325' title='bbox 862 3966 906 4020; x_wconf 85' lang='grc' dir='ltr'><strong>με.</strong></span> 
     </span>
    </p>

    <p class='ocr_par' dir='ltr' id='par_1_5' title="bbox 19 4013 1190 4086">
     <span class='ocr_line' id='line_1_35' title="bbox 19 4013 1190 4086; baseline -0.005 -12"><span class='ocrx_word' id='word_1_326' title='bbox 19 4027 98 4074; x_wconf 81' lang='lat' dir='ltr'><strong>deest.</strong></span> <span class='ocrx_word' id='word_1_327' title='bbox 138 4022 212 4072; x_wconf 82' lang='lat' dir='ltr'><strong>Panlo</strong></span> <span class='ocrx_word' id='word_1_328' title='bbox 230 4029 287 4086; x_wconf 89' lang='lat' dir='ltr'><strong>post</strong></span> <span class='ocrx_word' id='word_1_329' title='bbox 304 4021 402 4074; x_wconf 87' lang='lat' dir='ltr'><strong>Gobler.</strong></span> <span class='ocrx_word' id='word_1_330' title='bbox 413 4029 437 4072; x_wconf 87' lang='lat' dir='ltr'><strong>et</strong></span> <span class='ocrx_word' id='word_1_331' title='bbox 446 4021 550 4072; x_wconf 79' lang='lat' dir='ltr'><strong>Felelm.</strong></span> <span class='ocrx_word' id='word_1_332' title='bbox 640 4022 657 4070; x_wconf 89' lang='grc'><strong>1.</strong></span> <span class='ocrx_word' id='word_1_333' title='bbox 676 4020 702 4069; x_wconf 91' lang='lat' dir='ltr'><strong>ln</strong></span> <span class='ocrx_word' id='word_1_334' title='bbox 726 4021 796 4071; x_wconf 85' lang='lat' dir='ltr'><strong>editis</strong></span> <span class='ocrx_word' id='word_1_335' title='bbox 821 4029 878 4085; x_wconf 85' lang='lat' dir='ltr'><strong>post</strong></span> <span class='ocrx_word' id='word_1_336' title='bbox 901 4013 1023 4086; x_wconf 67' lang='grc' dir='ltr'>φαγόντι</span> <span class='ocrx_word' id='word_1_337' title='bbox 1041 4020 1128 4084; x_wconf 88' lang='lat' dir='ltr'><strong>legitur</strong></span> <span class='ocrx_word' id='word_1_338' title='bbox 1144 4014 1190 4068; x_wconf 72' lang='lat' dir='ltr'><strong>sat</strong></span> 
     </span>
    </p>

    <p class='ocr_par' dir='ltr' id='par_1_6' title="bbox 4 4080 1188 4158">
     <span class='ocr_line' id='line_1_36' title="bbox 4 4080 1188 4158; baseline -0.003 -18"><span class='ocrx_word' id='word_1_339' title='bbox 4 4084 30 4140; x_wconf 78' lang='lat' dir='ltr'><strong>oi</strong></span> <span class='ocrx_word' id='word_1_340' title='bbox 45 4083 163 4158; x_wconf 77' lang='grc' dir='ltr'><strong>μαστοί.</strong></span> <span class='ocrx_word' id='word_1_341' title='bbox 605 4080 707 4143; x_wconf 80' lang='grc' dir='ltr'>πιόντι,</span> <span class='ocrx_word' id='word_1_342' title='bbox 726 4089 790 4153; x_wconf 87' lang='lat' dir='ltr'><strong>qood</strong></span> <span class='ocrx_word' id='word_1_343' title='bbox 810 4090 878 4140; x_wconf 86' lang='lat' dir='ltr'><strong>abest</strong></span> <span class='ocrx_word' id='word_1_344' title='bbox 895 4089 925 4138; x_wconf 83' lang='lat' dir='ltr'><strong>ab</strong></span> <span class='ocrx_word' id='word_1_345' title='bbox 935 4089 1079 4153; x_wconf 81' lang='lat' dir='ltr'><strong>Epiphanio,</strong></span> <span class='ocrx_word' id='word_1_346' title='bbox 1089 4089 1188 4149; x_wconf 81' lang='lat' dir='ltr'><strong>Seguer.</strong></span> 
     </span>
    </p>

    <p class='ocr_par' dir='ltr' id='par_1_7' title="bbox 8 4149 1191 4236">
     <span class='ocr_line' id='line_1_37' title="bbox 8 4149 1191 4236; baseline -0.003 -29"><span class='ocrx_word' id='word_1_347' title='bbox 8 4196 13 4207; x_wconf 94' lang='lat'><strong>.</strong></span> <span class='ocrx_word' id='word_1_348' title='bbox 34 4161 138 4222; x_wconf 83' lang='lat' dir='ltr'><strong>Seguer.</strong></span> <span class='ocrx_word' id='word_1_349' title='bbox 157 4149 387 4236; x_wconf 73' lang='lat' dir='ltr'><strong>rpmoadsaeerris</strong></span> <span class='ocrx_word' id='word_1_350' title='bbox 397 4149 553 4224; x_wconf 77' lang='grc' dir='ltr'><strong>γενόμενος.</strong></span> <span class='ocrx_word' id='word_1_351' title='bbox 606 4155 703 4207; x_wconf 81' lang='lat' dir='ltr'><strong>Gobler.</strong></span> <span class='ocrx_word' id='word_1_352' title='bbox 717 4163 740 4206; x_wconf 87' lang='lat' dir='ltr'><strong>et</strong></span> <span class='ocrx_word' id='word_1_353' title='bbox 752 4157 856 4206; x_wconf 81' lang='lat' dir='ltr'><strong>Fatetur.</strong></span> <span class='ocrx_word' id='word_1_354' title='bbox 870 4156 891 4206; x_wconf 92' lang='lat' dir='ltr'><strong>l.</strong></span> <span class='ocrx_word' id='word_1_355' title='bbox 911 4165 934 4206; x_wconf 87' lang='lat' dir='ltr'><strong>et</strong></span> <span class='ocrx_word' id='word_1_356' title='bbox 951 4157 1061 4206; x_wconf 80' lang='lat' dir='ltr'><strong>attonuit</strong></span> <span class='ocrx_word' id='word_1_357' title='bbox 1073 4155 1191 4204; x_wconf 81' lang='lat' dir='ltr'><strong>versione.</strong></span> 
     </span>
    </p>

    <p class='ocr_par' dir='ltr' id='par_1_8' title="bbox 4 4215 1267 4422">
     <span class='ocr_line' id='line_1_38' title="bbox 4 4215 1267 4292; baseline -0.005 -18"><span class='ocrx_word' id='word_1_358' title='bbox 4 4228 45 4290; x_wconf 90' lang='lat' dir='ltr'><strong>pb.</strong></span> <span class='ocrx_word' id='word_1_359' title='bbox 72 4222 202 4284; x_wconf 79' lang='grc' dir='ltr'>δεκαετηι</span> <span class='ocrx_word' id='word_1_360' title='bbox 222 4217 379 4292; x_wconf 77' lang='grc' dir='ltr'><strong>γενόμενος.</strong></span> <span class='ocrx_word' id='word_1_361' title='bbox 418 4226 444 4276; x_wconf 90' lang='lat' dir='ltr'><strong>lu</strong></span> <span class='ocrx_word' id='word_1_362' title='bbox 465 4225 552 4276; x_wconf 84' lang='lat' dir='ltr'><strong>llanuii</strong></span> <span class='ocrx_word' id='word_1_363' title='bbox 638 4238 661 4286; x_wconf 85' lang='lat' dir='ltr'><strong>g.</strong></span> <span class='ocrx_word' id='word_1_364' title='bbox 677 4215 716 4289; x_wconf 77' lang='lat' dir='ltr'><strong>ptri</strong></span> <span class='ocrx_word' id='word_1_365' title='bbox 735 4218 889 4290; x_wconf 67' lang='grc' dir='ltr'>χωρισθεὶς</span> <span class='ocrx_word' id='word_1_366' title='bbox 906 4217 999 4272; x_wconf 61' lang='lat' dir='ltr'><strong>atauo.</strong></span> <span class='ocrx_word' id='word_1_367' title='bbox 1038 4224 1102 4272; x_wconf 88' lang='lat' dir='ltr'><strong>iiaee</strong></span> <span class='ocrx_word' id='word_1_368' title='bbox 1119 4220 1191 4269; x_wconf 83' lang='lat' dir='ltr'><strong>rerba</strong></span> <span class='ocrx_word' id='word_1_369' title='bbox 1263 4231 1267 4239; x_wconf 85' lang='lat'><strong>·</strong></span> 
     </span>
     <span class='ocr_line' id='line_1_39' title="bbox 4 4287 1190 4354; baseline -0.004 -13"><span class='ocrx_word' id='word_1_370' title='bbox 4 4294 68 4343; x_wconf 71' lang='lat' dir='ltr'><strong>sione</strong></span> <span class='ocrx_word' id='word_1_371' title='bbox 89 4295 150 4344; x_wconf 88' lang='lat' dir='ltr'><strong>haee</strong></span> <span class='ocrx_word' id='word_1_372' title='bbox 168 4294 275 4354; x_wconf 85' lang='lat' dir='ltr'><strong>deerant,</strong></span> <span class='ocrx_word' id='word_1_373' title='bbox 296 4303 321 4344; x_wconf 90' lang='lat' dir='ltr'><strong>ut</strong></span> <span class='ocrx_word' id='word_1_374' title='bbox 332 4294 355 4344; x_wconf 92' lang='lat' dir='ltr'><strong>in</strong></span> <span class='ocrx_word' id='word_1_375' title='bbox 367 4295 488 4344; x_wconf 80' lang='lat' dir='ltr'><strong>ueteribus</strong></span> <span class='ocrx_word' id='word_1_376' title='bbox 500 4293 552 4343; x_wconf 89' lang='lat' dir='ltr'><strong>edi·</strong></span> <span class='ocrx_word' id='word_1_377' title='bbox 603 4291 690 4341; x_wconf 88' lang='lat' dir='ltr'><strong>absunt</strong></span> <span class='ocrx_word' id='word_1_378' title='bbox 708 4307 721 4340; x_wconf 84' lang='lat' dir='ltr'><strong>a</strong></span> <span class='ocrx_word' id='word_1_379' title='bbox 739 4293 839 4354; x_wconf 82' lang='lat' dir='ltr'><strong>Seguer.</strong></span> <span class='ocrx_word' id='word_1_380' title='bbox 858 4291 1043 4344; x_wconf 64' lang='lat' dir='ltr'><strong>Goleetelrm.</strong></span> <span class='ocrx_word' id='word_1_381' title='bbox 1056 4288 1077 4338; x_wconf 90' lang='grc'><strong>1.</strong></span> <span class='ocrx_word' id='word_1_382' title='bbox 1094 4287 1190 4350; x_wconf 78' lang='grc' dir='ltr'>Ερίριι.,</span> 
     </span>
     <span class='ocr_line' id='line_1_40' title="bbox 7 4354 1188 4422; baseline -0.003 -14"><span class='ocrx_word' id='word_1_383' title='bbox 7 4376 110 4410; x_wconf 81' lang='lat' dir='ltr'><strong>cernere</strong></span> <span class='ocrx_word' id='word_1_384' title='bbox 130 4367 175 4411; x_wconf 87' lang='lat' dir='ltr'><strong>est.</strong></span> <span class='ocrx_word' id='word_1_385' title='bbox 266 4391 272 4406; x_wconf 86' lang='lat'><strong>.</strong></span> <span class='ocrx_word' id='word_1_386' title='bbox 601 4361 644 4408; x_wconf 86' lang='lat' dir='ltr'><strong>sed</strong></span> <span class='ocrx_word' id='word_1_387' title='bbox 669 4360 692 4409; x_wconf 92' lang='lat' dir='ltr'><strong>iu</strong></span> <span class='ocrx_word' id='word_1_388' title='bbox 712 4358 856 4422; x_wconf 81' lang='lat' dir='ltr'><strong>quibusdam</strong></span> <span class='ocrx_word' id='word_1_389' title='bbox 875 4374 933 4410; x_wconf 82' lang='lat' dir='ltr'><strong>nias.</strong></span> <span class='ocrx_word' id='word_1_390' title='bbox 953 4371 1007 4408; x_wconf 83' lang='lat' dir='ltr'><strong>cunr</strong></span> <span class='ocrx_word' id='word_1_391' title='bbox 1026 4354 1188 4419; x_wconf 84' lang='lat' dir='ltr'><strong>reperiantur,</strong></span> 
     </span>
    </p>

    <p class='ocr_par' dir='ltr' id='par_1_9' title="bbox 4 4427 797 4493">
     <span class='ocr_line' id='line_1_41' title="bbox 4 4427 797 4493; baseline 0.005 -19"><span class='ocrx_word' id='word_1_392' title='bbox 4 4447 13 4472; x_wconf 60' lang='grc' dir='ltr'>ι.</span> <span class='ocrx_word' id='word_1_393' title='bbox 33 4427 123 4492; x_wconf 83' lang='lat' dir='ltr'><strong>Epiplr.</strong></span> <span class='ocrx_word' id='word_1_394' title='bbox 142 4437 166 4478; x_wconf 84' lang='lat' dir='ltr'><strong>et</strong></span> <span class='ocrx_word' id='word_1_395' title='bbox 183 4427 282 4493; x_wconf 87' lang='lat' dir='ltr'><strong>Seguer.</strong></span> <span class='ocrx_word' id='word_1_396' title='bbox 301 4427 378 4481; x_wconf 87' lang='lat' dir='ltr'><strong>semel</strong></span> <span class='ocrx_word' id='word_1_397' title='bbox 397 4437 489 4481; x_wconf 89' lang='lat' dir='ltr'><strong>tantum</strong></span> <span class='ocrx_word' id='word_1_398' title='bbox 505 4429 549 4478; x_wconf 88' lang='lat' dir='ltr'><strong>ba·</strong></span> <span class='ocrx_word' id='word_1_399' title='bbox 601 4441 629 4478; x_wconf 83' lang='lat' dir='ltr'><strong>aa</strong></span> <span class='ocrx_word' id='word_1_400' title='bbox 647 4427 797 4478; x_wconf 86' lang='lat' dir='ltr'><strong>retinuimus.</strong></span> 
     </span>
    </p>
   </div>
   <div class='ocr_carea' id='block_1_5' title="bbox 0 0 1442 5046">
    <p class='ocr_par' dir='ltr' id='par_1_10' title="bbox 0 0 1442 5046">
     <span class='ocr_line' id='line_1_42' title="bbox 0 0 1442 5046; baseline 0 0"><span class='ocrx_word' id='word_1_401' title='bbox 0 0 1442 5046; x_wconf 95' lang='lat' dir='ltr'><strong> </strong></span> 
     </span>
    </p>
   </div>
  </div>
 </body>
</html>
