3220 5046
569 305 677 350 enarro
694 306 715 347 ι.
731 307 846 350 eonem
862 307 996 350 suanos.
1324 295 1388 357 ’159

161 461 217 522 ists
238 456 421 520 ellutientem
444 454 589 534 repulerit
610 473 646 516 ex
667 455 807 528 Ecclesia,
831 457 913 520 errius
935 477 1001 521 urm
1023 459 1204 540 impietatem
1228 460 1306 520 lerre
1328 477 1474 523 nonum.

160 567 274 642 posset,
297 577 364 622 eum
387 557 572 619 anathemate
594 557 756 635 percussita
779 577 812 620 en
835 578 893 638 quo
914 561 972 622 iam
995 565 1127 641 tempore
1142 560 1253 624 credita
1269 570 1316 622 est
1329 559 1390 622 hrii

160 663 297 743 impietas
319 659 390 740 quid
414 657 539 737 amplius
561 676 648 736 quam
672 669 784 720 ceteras
798 659 938 722 haereses
959 664 1122 738 continere,
1145 664 1256 746 quippe
1270 681 1345 743 quae
1360 671 1391 724 et

163 763 273 826 Christi
295 761 413 822 inimice
435 759 512 821 dicta
535 759 584 833 sit,
608 767 638 822 et
660 760 837 838 praenuncia
858 760 1032 824 Antichristi
1054 767 1094 826 sit
1114 766 1222 829 hahita.
1251 765 1314 828 Etsi
1330 764 1387 844 igi-

160 875 225 936 tur,
250 863 293 923 uti
315 861 373 922 iem
395 861 471 933 dixi,
503 869 562 921 tam
585 860 716 939 amplum
737 860 878 922 adversus
902 860 1021 940 impiam
1043 864 1118 927 lianc
1139 867 1284 930 haeresim
1307 865 1386 928 indi-

164 966 242 1025 cium
264 961 389 1022 maxime
410 963 527 1036 sufficit,
551 969 583 1022 nt
605 962 669 1022 eius
693 961 802 1022 horror
823 959 962 1022 omnibns
984 960 1148 1035 inliciatur,
1171 975 1298 1028 attamen
1319 967 1386 1046 quia

165 1062 308 1134 nonnulli,
332 1063 379 1142 qui
404 1063 562 1125 Christiani
585 1071 737 1132 vocantur,
760 1061 806 1123 vel
827 1061 991 1124 inscienter
1005 1063 1049 1122 rel
1068 1063 1286 1128 dissimrdanter
1301 1069 1386 1130 istem

164 1165 310 1226 haeresim
341 1164 377 1225 ad
405 1164 493 1225 fidem
522 1164 598 1225 nihil
624 1163 789 1244 pertinere,
819 1171 852 1224 ut
873 1170 959 1224 antea
981 1163 1090 1224 dictum
1121 1173 1179 1237 est,
1212 1167 1386 1244 existimant,

164 1283 288 1346 cosque,
311 1265 360 1346 spui
383 1267 423 1327 ita
446 1266 587 1339 sentiunt,
611 1265 798 1327 Christianos
819 1283 880 1326 non
903 1263 1037 1326 dubitant
1058 1264 1222 1344 appellare3
1244 1283 1306 1344 age,
1328 1287 1386 1346 quo

165 1375 315 1448 retegatur
336 1368 471 1430 haeresis
487 1367 604 1442 astutia,
628 1367 695 1430 illos
710 1387 765 1448 pro
781 1375 882 1429 nostra
901 1366 1037 1430 facultate
1052 1366 1280 1444 interrogemus.
1302 1366 1388 1429 Forte

163 1469 240 1530 enim
262 1469 319 1530 hcc
340 1479 427 1549 pacto
449 1469 578 1532 luturum
602 1476 664 1541 ost,
695 1477 728 1530 ut
755 1469 862 1530 irretiti
890 1477 1006 1530 taceant
1035 1475 1065 1528 ct
1091 1467 1127 1529 ab
1144 1486 1191 1534 ,ea
1219 1485 1280 1528 non
1303 1485 1388 1530 secus

162 1589 248 1650 quam
270 1590 286 1632 a
308 1579 470 1652 conspectu
492 1572 640 1650 serpentis
662 1569 782 1650 sumant.

246 1979 277 2042 8.
320 1977 422 2056 ltaque
444 1977 471 2038 si
493 1975 603 2038 idcirco
625 1976 805 2038 arbitrantur
827 1975 946 2056 impiam
963 1977 1095 2039 Thaliam
1118 1995 1187 2039 esse
1206 1975 1296 2055 piam,
1319 1974 1385 2054 quia

162 2079 274 2159 aliquot
295 2077 411 2140 divinae
433 2078 603 2157 Scripturas
624 2095 713 2138 rocos
736 2075 899 2150 contineat,
928 2079 1062 2155 prolecto
1086 2087 1243 2157 sequetur,
1266 2086 1300 2139 ut
1320 2093 1387 2138 eum

161 2181 360 2258 nuncrident
381 2179 438 2258 legi
461 2199 477 2240 a
500 2179 615 2240 ludaeis
637 2177 745 2257 Legem
769 2185 799 2239 et
819 2177 994 2256 Prophetas,
1018 2179 1167 2240 Christum
1189 2195 1307 2256 quoque
1329 2175 1387 2255 ipsi

128 2307 135 2314 ·
161 2301 227 2342 cum
258 2283 315 2342 illis
342 2287 461 2360 negent.
505 2279 583 2353 Quin
612 2279 699 2341 etiam
728 2279 754 2368 si
782 2278 935 2352 acciderit,
967 2289 1001 2340 ut
1026 2280 1214 2340 Manichacus
1246 2276 1387 2356 quasdam

161 2383 389 2461 Evangeliorum
410 2380 568 2459 particulas
590 2380 747 2442 recitantes
770 2379 905 2454 andiunt,
934 2379 1044 2459 Legem
1074 2387 1103 2440 et
1124 2379 1289 2457 Prophetes
1321 2395 1387 2440 cum

161 2482 220 2543 illis
242 2481 399 2561 repudient
421 2499 544 2543 neccsse
566 2479 662 2542 luerit.
708 2481 795 2554 Quod
824 2481 849 2543 si
876 2501 931 2562 per
958 2481 1153 2560 ignorantiam
1181 2481 1222 2541 ita
1254 2485 1389 2540 aestuant

163 2584 287 2646 ethaeo
308 2583 457 2662 garriunt,
481 2582 595 2645 discant
618 2602 652 2644 ex
675 2581 836 2662 Scripturis
859 2585 956 2662 ipsum
980 2582 1128 2645 diabolum
1152 2583 1309 2644 haeresum
1331 2599 1385 2642 au·

163 2693 284 2756 ctorem,
309 2684 521 2764 obproprium
543 2685 749 2765 perversitatis
773 2686 919 2746 foetorem
942 2684 1029 2746 verba
1053 2685 1271 2766 Scripturarum
1294 2701 1385 2744 usur-

160 2803 232 2865 pare
254 2785 360 2859 solere,
384 2795 416 2848 ut
437 2787 493 2848 illis
517 2787 735 2866 quodammodo
758 2785 895 2847 obtectus
918 2805 1004 2848 suum
1026 2803 1170 2850 venenum
1192 2787 1292 2867 possit
1312 2785 1385 2846 laci·

160 2887 218 2948 lius
245 2905 384 2966 spargere
413 2887 621 2965 simplicesque
649 2887 871 2948 circumuenire.
922 2887 971 2948 Sic
997 2887 1086 2948 Evam
1116 2889 1218 2950 selellit
1244 2887 1310 2961 ille,
1342 2886 1386 2948 sie

161 2987 235 3050 alias
258 2986 370 3047 ellinxit
390 2987 543 3058 haereses,
566 2987 610 3048 sic
632 2986 718 3047 etium
734 2987 793 3046 hoc
806 2995 939 3065 tempore
955 2989 1024 3048 Ario
1039 2989 1198 3066 persuasit,
1220 2995 1253 3048 ut
1268 2987 1298 3046 in
1312 2984 1385 3045 hae-

161 3108 247 3151 reses
271 3089 337 3169 ipse
359 3087 547 3150 inveheretur
569 3087 685 3166 illisque
707 3087 856 3148 adversari
879 3088 1045 3161 simularet,
1075 3105 1133 3166 quo
1155 3087 1280 3148 latenter
1302 3102 1387 3144 suam

161 3200 267 3271 posset
288 3188 436 3252 haeresim
458 3187 608 3249 inducere.
654 3187 859 3248 Verumtamen
887 3205 926 3248 ne
954 3187 994 3248 its
1020 3187 1138 3264 quidem
1166 3187 1256 3247 latere
1289 3183 1388 3274 potuit

162 3291 326 3355 Veterator.
371 3291 408 3353 Ut
436 3291 515 3352 enim
543 3309 626 3352 suern
656 3297 759 3352 contra
780 3289 833 3350 Dei
856 3287 982 3350 Verbum
1012 3287 1174 3368 exprcmsit
1196 3285 1386 3365 impietatem,
1396 3309 1470 3354 oms.

164 3395 301 3456 omnihus
323 3392 422 3456 statim
443 3392 533 3454 rebus
556 3391 679 3465 excidit,
708 3389 880 3471 carnotisque
902 3398 1086 3471 compertum
1108 3397 1170 3462 est,
1194 3405 1260 3450 eum
1282 3387 1313 3448 in
1336 3405 1386 3448 ce·

165 3495 233 3556 teris
256 3514 374 3576 quoque
396 3495 530 3574 ignarum
553 3481 775 3573 esse'nihilque
798 3493 937 3568 omnino,
960 3493 1039 3572 quod
1066 3510 1169 3554 uerum
1192 3491 1240 3564 sit,
1264 3488 1385 3564 sentire,

164 3597 216 3657 sed
239 3604 351 3658 tantum
373 3596 563 3658 simulatione
586 3595 637 3658 uri.
683 3597 742 3669 Qus
765 3595 843 3657 enim
866 3605 934 3657 vela
956 3595 993 3658 do
1013 3594 1101 3657 Patre
1123 3595 1148 3655 is
1171 3595 1312 3674 proterat,
1336 3593 1386 3672 qui

163 3695 281 3770 Filium,
310 3716 406 3777 aquo
428 3699 524 3760 Patris
547 3699 674 3778 cognitio
704 3699 801 3760 omnis
832 3697 1015 3778 impertitur,
1044 3698 1133 3758 audet
1159 3693 1291 3775 negare?
1334 3693 1386 3755 Vel

164 3804 213 3877 qul
234 3808 313 3862 recte
335 3799 372 3861 de
394 3799 506 3880 Spiritu
529 3799 637 3860 Sancto
661 3800 709 3862 ille
732 3799 916 3879 opinabitur,
945 3799 995 3880 qui
1023 3799 1060 3862 da
1081 3799 1171 3872 Filio,
1201 3817 1217 3858 a
1240 3815 1298 3877 quo
1321 3793 1386 3874 ipse

164 3901 258 3975 datur,
281 3901 370 3981 impie
392 3920 452 3961 non
475 3909 594 3962 veretur
616 3901 720 3981 loqui?
758 3903 831 3975 Quis
855 3902 896 3963 illi
919 3901 1019 3963 credat
1034 3901 1070 3962 de
1084 3899 1304 3964 resurrectione
1320 3897 1384 3958 dis-

196 4069 217 4104 e.
235 4055 333 4117 Segucr.
347 4053 444 4105 Gohler.
460 4060 483 4102 et
494 4049 749 4108 l'elclrm.i.nrirrcrc
833 4055 855 4102 h.
875 4055 916 4104 Sic
934 4055 990 4116 fleg.
1010 4053 1109 4104 Gohler.
1128 4061 1152 4103 et
1169 4054 1275 4106 l'elclrm.
1288 4054 1310 4102 l.
1336 4052 1381 4101 lili

162 4133 222 4170 nec.
257 4123 318 4172 Editi
339 4130 362 4171 et
380 4123 419 4172 alii
439 4116 552 4170 πάντων
568 4119 645 4186 γοῦν.
799 4137 854 4172 vero
873 4113 1015 4184 ἐπιβαλών.

197 4189 618 4252 [SicSegner.Gohlor.etFolctm.
629 4190 650 4240 l.
668 4191 696 4240 ht
707 4189 746 4239 ulii
833 4191 849 4238 i·
868 4190 967 4252 Seguer.
980 4187 1051 4238 hasil.
1069 4197 1091 4238 et
1101 4189 1191 4253 hnglie.
1202 4184 1289 4256 μηδὲν
1307 4181 1381 4240 ctos.

77 4317 86 4328 ·
162 4265 185 4304 et
204 4259 259 4308 editt
278 4249 745 4326 ὅτικαὶτὰςαὶρέσιιςόἐπινοήσας.
798 4255 844 4306 dlii
864 4266 888 4306 et
905 4257 962 4307 editi
979 4251 1049 4323 puell
1061 4249 1137 4312 ὅλως.
1174 4255 1381 4308 lhidl'elclrmh.

195 4341 216 4385 g.
237 4325 335 4386 Sogrror.
354 4326 452 4376 Gohler.
470 4335 493 4375 et
512 4326 614 4376 l'elchtu.
633 4327 654 4377 l.
673 4317 745 4376 οὕτω
799 4318 897 4384 ἀληθὲς
914 4324 1027 4389 qoud»,
1061 4327 1114 4376 nox
1132 4327 1232 4389 Segner.
1250 4318 1379 4390 noinrltp

161 4385 210 4445 τὰς
233 4385 319 4447 ἄλλας.
361 4393 413 4443 lior
433 4393 585 4443 Felrkmmni
605 4395 628 4446 2.
647 4403 670 4446 et
688 4396 745 4446 editt
798 4385 833 4441 ἂν
851 4384 994 4460 ἀληθείσῃ.
1030 4395 1074 4442 Alii
1101 4403 1124 4444 et
1151 4395 1208 4444 editi
1237 4389 1296 4444 noir
1325 4383 1380 4456 γὰρ

159 4451 273 4516 ἔπλασε,
299 4471 324 4511 ιιι
348 4469 371 4512 et
395 4461 453 4522 legit
469 4463 592 4524 Nunnius,
619 4464 659 4528 qui
676 4463 745 4513 vertit
798 4452 950 4520 alduterium.
1208 4495 1211 4500 -

161 4531 279 4592 mafinelt.
313 4529 357 4579 tui
375 4521 531 4588 ἐπλάνησεν.
832 4530 854 4580 Ιι.
874 4530 914 4580 Sic
932 4531 1031 4592 Segner.
1050 4538 1074 4578 et
1092 4529 1148 4591 lteg.
1188 4529 1215 4577 u
1240 4523 1338 4576 Gohler.
1356 4533 1380 4575 et
