3090 5042
226 233 288 297 870
612 233 644 290 ἐ.
655 245 809 288 numu
823 243 1043 288 ιοεσιιιειεεοει

143 397 311 464 υ.υτε.θεσύ
334 393 435 483 φύσει
455 392 664 480 έξισουμένην
685 394 725 479 τῇ
746 389 924 480 ταυτότητι
944 393 1002 478 τῆς
1024 389 1157 478 φύσεως
1177 389 1303 460 έννοεῖν
1319 385 1461 478 ἀσεβές.

227 495 348 582 σαρκὸς
367 493 428 581 γάρ
449 496 503 562 καὶ
526 494 668 579 αἵματος
681 496 735 561 καὶ
752 487 877 560 ὀστέων
893 492 1054 572 ἐπίδειξιν
1070 490 1253 578 ἐποιήσατο
1266 490 1381 580 κύριος
1394 496 1461 561 καὶ

225 600 333 682 ψυχῆς
359 598 566 682 λυπουμένης
594 597 649 662 καὶ
676 599 921 681 ταραττομένης
941 596 995 660 καί
1019 589 1261 681 ἀδημονούσης,
1284 598 1391 662 ταῦτα
1413 597 1459 662 δὲ

227 693 284 766 ούκ
305 695 346 765 ἀν
366 722 419 776 τις
439 697 534 764 εἴποι
556 695 658 784 φύσιν
682 691 767 764 ελναι
787 695 960 784 θεότητος,
984 695 1074 764 Ιἴδια
1095 696 1131 762 δέ
1145 699 1231 764 θεοῦ
1246 695 1330 764 κατὰ
1344 695 1458 784 φύσιν

224 804 363 886 γέγονεν,
387 793 624 886 εύδοκήσαντος
644 801 703 866 τοῦ
727 797 825 885 λόγου
848 792 1057 882 ἀνασχέσθαι
1076 795 1257 884 γεννήσεως
1271 794 1458 884 ἀνθρωπί·

224 925 282 988 νης
302 899 359 968 καὶ
379 899 438 990 τήν
460 900 578 968 ἑαυτοῦ
601 906 739 988 ποίησιν
760 899 820 985 τήν
842 898 876 966 έν
899 894 1044 984 ἁμαρτίᾳ
1065 899 1121 964 καὶ
1135 902 1254 986 φθορᾷ
1269 901 1323 966 καί
1338 898 1456 966 θανά-

225 1025 272 1089 τῳ
294 1002 512 1084 διαχοθεῖσαν
525 1000 565 1069 ’έν
587 1000 695 1088 όαοτῷ
717 999 953 1086 συστήσασθαι
975 998 1009 1067 έν
1031 998 1133 1066 είκόνι
1153 997 1354 1087 καινότητος.
1395 999 1456 1066 διὸ

224 1105 284 1188 τής
303 1103 364 1186 μὲν
386 1100 549 1190 ἁμαρτίας
569 1102 629 1191 τήν
649 1102 841 1189 κατάκρισιν
863 1101 921 1169 ίπί
942 1103 1001 1187 γής
1023 1099 1222 1188 ἐποιήσατο,
1250 1104 1310 1188 τής
1331 1101 1369 1167 δὲ
1390 1126 1454 1166 κα-

150 1229 158 1236 ’
225 1202 328 1291 τάρας
348 1202 407 1293 τήν
428 1207 645 1289 ικαθαίρεσιν
667 1202 723 1271 έπλ
746 1201 854 1283 ξύλου,
876 1205 935 1291 τής
955 1227 992 1270 τε
1013 1203 1151 1290 φθορᾶς
1171 1199 1229 1287 τήν
1252 1195 1452 1287 ἀπολύτρω-

226 1327 280 1374 σιν
302 1304 336 1373 έν
357 1307 404 1392 τῷ
425 1304 524 1393 τύφῳ
544 1307 598 1372 καί
620 1308 680 1372 τού
701 1303 852 1373 θανάτου
873 1303 932 1390 τήν
946 1302 1124 1372 κατάλυσιν
1139 1302 1173 1371 έν
1186 1306 1234 1388 τῷ
1256 1298 1329 1391 ήδη,
1344 1304 1452 1370 παντὶ

225 1405 346 1494 έπιβάς
366 1406 471 1493 τόπῳ,
494 1407 551 1476 ἵνα
571 1409 630 1474 τού
652 1405 848 1492 σύμπαντος
870 1401 1055 1492 ἀνθρώπου
1077 1405 1135 1491 τήν
1150 1410 1317 1491 σωτηρίαν
1331 1427 1452 1488 κατερ-
1493 1399 1501 1410 ’

224 1506 380 1596 γάσητσι,
403 1506 535 1596 μορφήν
556 1509 615 1596 τής
635 1502 796 1593 ήμετέρας
819 1506 945 1585 εἰκόνος
966 1505 1000 1573 έν
1023 1505 1130 1590 ἑαυτῷ
1152 1503 1449 1589 ”έπιδεικνύμενος.

138 1606 302 1677 ουνεέπελ
333 1615 385 1688 τίς
415 1597 455 1694 ήν
483 1614 579 1694 χρεία
604 1610 677 1695 θεῷ
706 1606 886 1694 γεννήσεως
912 1609 971 1692 τής
992 1605 1028 1673 ίκ
1053 1604 1206 1691 γυναικὸς
1227 1600 1448 1689 ἀνασχέσθαι

225 1703 392 1794 αύξήσειύς
412 1733 449 1775 τε
469 1705 598 1795 ήλικίας
619 1710 673 1776 καί
695 1707 778 1776 έτιύν
793 1703 1009 1795 ἀριθμήσεως
1023 1710 1071 1792 τῷ
1085 1709 1209 1794 ποιητῇ
1223 1710 1291 1773 τῶν
1305 1705 1447 1785 αίιύνων,

223 1800 245 1892 ἢ
266 1806 369 1873 πάλιν
392 1811 535 1893 σταυροῦ
556 1803 578 1893 ή
598 1808 707 1896 τάφου
730 1803 752 1896 ἢ
772 1805 872 1896 ᾅδου,
896 1803 948 1888 οἷς
969 1804 1064 1898 ήμεῖς
1086 1803 1393 1894 ύποπεπτιόκαμεν,
1417 1809 1449 1876 εί

222 1905 267 1993 μή
289 1901 375 1995 ήμᾶς
397 1905 511 1992 ἐζήτει,
534 1907 591 1976 διά
611 1911 671 1995 τῆς
691 1904 768 1978 καθ’
791 1906 879 1996 ήμάς
891 1912 1024 1997 μορφῆς
1039 1909 1214 1992 ζωοποιιόν
1229 1904 1316 1996 ἡμᾶς
1329 1913 1383 1977 καί
1400 1910 1448 1988 είς

224 2003 385 2092 ὁμοίωσιν
405 2011 460 2075 καί
482 2015 620 2098 μίμησιν
642 2012 770 2090 τελείας
785 2011 911 2092 εἰκόνος
924 2009 1229 2099 προςκαλσύμενοςς
1256 2017 1396 2099 μίμησις
1411 2012 1448 2078 δέ

222 2210 437 2300 τελειότητος,
460 2212 544 2282 κατὰ
564 2213 622 2284 τὸν
644 2217 782 2301 λέγοντα
796 2211 1003 2283 ἀπόστολον·
1025 2207 1290 2298 ἀπεκδυσάμενοι
1302 2213 1361 2278 τόν
1375 2239 1448 2280 πα-

223 2312 318 2380 λαιόν
346 2311 531 2401 ἀνθρωπον
557 2318 612 2384 καλ
640 2315 855 2401 ένδυσύμενοι
883 2315 941 2383 τὸν
963 2315 1066 2395 νεὸνἺ
1088 2314 1146 2382 τόν
1168 2314 1249 2382 κατὰ
1266 2313 1346 2380 θεόν
1368 2339 1446 2378 κτι-

224 2418 350 2482 σθέντα
371 2413 405 2481 έν
428 2411 578 2504 ὁσιότητι
598 2417 653 2484 καλ
677 2416 868 2505 δικαιοσύνη
889 2420 949 2504 τής
971 2412 1183 2503 ἀληθείας’),·

307 2519 336 2579 6.
381 2511 499 2579 Πόθεν
521 2505 579 2581 σύν
600 2517 816 2600 διδαχθέντες
837 2521 948 2604 λέγετε
969 2515 1144 2600 ἀκτιστονς
1173 2517 1204 2585 εί
1217 2523 1326 2584 τοίνυν
1342 2515 1447 2605 φύσις

222 2609 257 2678 ἔκ
276 2611 529 2698 μεταποιήσεως
550 2613 703 2696 ἀκτιστος
723 2623 858 2703 γίνεται,
882 2617 948 2705 ἀρα
968 2622 1023 2686 καί
1046 2616 1189 2705 ἀόρατος
1202 2621 1257 2686 καί
1274 2612 1446 2696 ἀθάνατος

222 2706 281 2781 σύκ
302 2712 337 2782 ἐκ
357 2714 518 2796 θανάτου,
541 2709 610 2786 ἀλλ’
635 2713 849 2799 ἀνεπίδεκτος
870 2719 1030 2788 θανάτου.
1068 2723 1143 2800 πῶς
1166 2709 1223 2788 ούν
1237 2713 1444 2787 ἀπέθανενό
1543 2771 1544 2790 1

221 2813 341 2901 κύρως,
365 2814 395 2906 εί
417 2811 435 2882 ό
458 2813 612 2898 ἀκτιστος
632 2813 815 2900 ῑάκτίστως
837 2819 1041 2909 ἐπεδήμησα
1064 2820 1121 2889 έπί
1136 2823 1211 2907 γήςς
1240 2815 1352 2914 ήπως
1368 2817 1445 2905 ὁρα-

220 2913 278 2994 τὸς
306 2914 363 2984 καὶ
388 2917 589 3006 ψηλαφητδς
615 2925 761 3008 γέγονεν,
785 2917 831 3000 ὥς
850 2927 1049 3008 γέγραπται·
1081 2919 1312 3007 ὃέωράκαμεν
1333 2925 1388 2990 καλ
1410 2920 1445 2988 αλ

217 3025 326 3105 χεῖρες
346 3013 439 3107 ήμῶν
462 3017 730 3110 ἐψηλάφησανἿς
759 3025 834 3101 πῶς
856 3012 913 3090 ούν
934 3024 1043 3109 λέγετε
1064 3021 1086 3090 ἀ
1106 3022 1151 3110 μή
1166 3027 1351 3110 γέγραπται
1363 3023 1444 3108 μήτε

219 3126 321 3205 θέμις
349 3119 492 3204 ίννοεῖνς
522 3120 646 3190 δώσετε
672 3121 733 3209 γὰρ
764 3126 870 3192 πᾶσιν
893 3123 1071 3210 αίρετικοῖς
1092 3121 1176 3190 κατά
1196 3122 1255 3209 τήν
1277 3127 1337 3190 τού
1359 3145 1443 3190 ποτε

220 3221 401 3308 λεγομένου,
413 3215 577 3312 Ῥητορίου
600 3223 727 3292 ἔννοιαν
743 3218 973 3313 ἀσεβεστάεην,
998 3213 1037 3290 σύ
1051 3226 1105 3291 καί
1120 3225 1179 3310 τήν
1194 3219 1349 3311 ἀσέβειαν
1363 3225 1444 3305 έξει-

220 3332 298 3390 πεῖν
320 3323 474 3412 φοβερόν.
517 3319 538 3414 ή
559 3331 671 3394 τοίνυν
694 3320 887 3412 ἀρνήσασθε
907 3325 1087 3405 τάςθείας
1107 3323 1254 3413 γραφάς,
1277 3319 1300 3412 ἢ
1320 3325 1441 3403 ταύτας
1541 3341 1542 3360 ’

220 3417 456 3512 ὁμολογοῦντες
475 3425 520 3512 μή
543 3427 638 3511 ἕτερα
660 3425 752 3513 παρὰ
773 3425 816 3494 τὰ
836 3431 1042 3513 γεγραμμένα
1064 3425 1230 3494 ἐπινοεῖτε
1250 3428 1363 3496 λαλεῖν
1384 3426 1442 3512 ρή-

218 3552 309 3612 ματα
330 3521 461 3612 ἀπάτης
482 3519 629 3592 ἀνιάτου.
668 3523 752 3596 ἀλλά
775 3526 879 3596 πάλιν
900 3530 1009 3615 λέγετε
1030 3523 1102 3598 ’ότι
1123 3523 1219 3616 ἡμεῖς
1232 3535 1389 3614 κτίσματι
1402 3521 1441 3592 ού

219 3628 471 3714 προςκονοῦμεν.
518 3613 717 3714 ιάἀνόητοι,
748 3631 841 3698 διατί
862 3625 901 3698 ού
923 3629 1111 3716 λογίζεσθε,
1143 3625 1197 3696 ότι
1217 3631 1272 3698 καί
1294 3629 1440 3717 ποιηθέν

218 3727 258 3794 τό
280 3731 376 3812 σῶμα
396 3727 456 3791 τοῦ
478 3731 591 3812 κυρίου
614 3722 651 3794 σύ
675 3730 808 3820 κτιστήν
823 3727 1033 3820 ἀποφέρεται
1047 3730 1107 3816 τήν
1120 3730 1361 3818 προςκύνηοινς
1381 3732 1439 3796 τοῦ

289 3912 312 3970 λ)
330 3911 426 3963 eomas.
445 3913 469 3976 3,
487 3913 512 3966 9.
533 3915 573 3967 10.
642 3917 667 3978 2)
686 3919 773 3985 Ερλιετ.
791 3919 816 3983 λ,
835 3919 876 3972 24.
946 3919 973 3980 3)
992 3919 1014 3968 λ.
1034 3919 1100 3970 loun.
1121 3921 1143 3981 1,
1164 3921 1185 3970 Ι.

250 4061 273 4108 8·
292 4045 358 4107 A¹¹8¹·
379 4037 435 4096 ἴδια
453 4043 483 4098 δέ
500 4047 550 4096 τού
567 4049 642 4100 θεοῦ.
662 4053 736 4102 Paulo
747 4062 803 4117 ροεί
886 4053 910 4102 λι.
928 4054 963 4103 λιι
981 4053 1080 4115 δεςοεε.
1098 4053 1189 4116 Angue.
1208 4053 1307 4106 ῦσλλετ.
1323 4049 1441 4102 etrele&-

214 4113 315 4232 {W
334 4115 467 4195 G⁰b¹‘¹'‚,⁸¹
482 4117 587 4232 F‘gckm·
604 4123 625 4168 ¹·
642 4113 800 4184 WW'ffffws·
852 4123 931 4200 φιοοί
952 4121 973 4170 1.
998 4129 1069 4186 atque
1093 4121 1341 4200 sinnlegilNgnniqs
1378 4118 1441 4167 Εδίιί

214 4191 342 4328 ιδ’ἶήά
357 4184 801 4310 ἰλόήλ.γάολῖλῗ“εάύῖιλλῗῗξ
851 4182 1439 4323 λά“λλῖλ”έιελλέειλλ“ωιαλλ’ύῖἷλῗῖῗὲ

214 4329 260 4364 και
286 4331 337 4396 την
363 4309 457 4368 αύτυῦ.
491 4319 537 4370 Ani
564 4328 588 4370 εί
614 4321 670 4370 editi
687 4315 733 4369 καὶ
750 4316 800 4381 τήν
851 4315 1010 4388 σύμπαντος
1026 4316 1120 4372 τόπου.
1350 4379 1358 4398 Ι

215 4379 337 4464 mem,
359 4386 422 4438 ΜΝ
446 4388 546 4451 δθδΰθῖ·
569 4381 600 4438 δί’
621 4381 716 4452 λᾱυῐῷ-
754 4390 800 4439 Alii
885 4406 905 4465 ρ.
924 4391 1022 4440 Gobler.
1047 4381 1442 4452 ιιεειείπ.1.ίνῖισαμενος

214 4444 245 4500 ίν
263 4465 344 4515 αυτηι.
849 4469 895 4505 ναι
912 4451 1135 4526 ἐπιδεικνύμενος.
1171 4459 1331 4521 Ιαιδιςοετ.
1345 4455 1440 4516 λοςῖυε.
