3176 5058
505 225 649 279 EPlS'wbd
664 235 703 280 B!
718 235 883 280 sanatam
897 235 1038 280 ΙΙθΝῘὸΙΙ.
1325 225 1382 287 127

157 388 280 460 laeum,
303 384 399 448 atilli
421 384 643 466 pervulgarunt,
666 386 697 448 in
718 385 849 448 seeundo
871 385 947 448 libro
970 393 1096 448 testatur
1117 385 1164 448 bis
1186 387 1302 450 verbis:
1332 389 1467 462 ‚,Sia.ssr.

158 488 254 568 „qu
276 495 374 550 autent
398 505 434 548 ex
457 487 664 566 synnpbaulis,
697 506 734 550 en
762 487 843 566 quud
870 487 963 549 lleuru
993 486 1124 550 uranium
1153 487 1213 550 diri
1242 491 1384 552 lactarem

159 595 217 662 „et
238 595 414 660 creatorem,
438 587 587 650 existinrat
608 606 655 650 nte
678 587 765 650 etiam
784 587 893 650 Cbristi
915 598 1076 652 ereaturam
1099 588 1220 662 dixisse,
1243 579 1384 666 advertat,

158 707 233 762 „ma
254 687 338 768 prius
361 688 479 750 Patrem
502 689 599 768 iusum
621 689 796 768 appellasse,
820 688 851 749 in
873 709 931 768 quo
953 690 1096 752 voeabula
1110 690 1201 752 Filius
1217 691 1384 770 adscriptus

159 798 244 863 „esu
286 789 450 868 Postquam
472 789 550 852 essina
573 789 650 861 dixi,
677 790 795 852 Patrem
828 791 969 854 lentorem
998 811 1081 861 esse,
1115 791 1248 853 subdidi:
1282 792 1383 871 Neque

162 898 273 968 „pater
294 908 395 952 enatam
417 898 476 962 sst,
497 909 625 969 qtrnrunl
645 891 742 952 luetur
763 899 818 964 est,
841 891 870 953 si
889 893 1010 972 proprie
1025 901 1108 972 puter
1123 892 1300 972 intelligatur
1315 911 1385 956 esse

163 989 217 1061 „is
239 989 288 1068 qui
310 991 411 1067 genuit
436 990 630 1062 (latitudinem
660 992 737 1053 enirn
762 993 894 1055 vocabuli
922 993 1011 1055 buius
1034 1002 1117 1072 pater
1139 993 1168 1054 in
1191 993 1382 1073 sequentibus

164 1088 402 1168 „iuqirireantts),
424 1107 517 1168 neque
538 1093 633 1154 laetor
654 1100 739 1172 pater
760 1101 824 1167 est,
854 1095 880 1156 si
908 1094 992 1155 solus
1015 1094 1112 1174 opifex
1141 1095 1232 1156 laetor
1253 1095 1384 1168 dicatum

166 1188 273 1268 „apntl
295 1189 426 1251 Graecos
448 1190 524 1251 anun
544 1194 575 1266 ii,
599 1193 649 1273 qui
672 1194 822 1272 sapientes
845 1202 923 1269 sunt,
947 1215 1070 1258 suerum
1091 1195 1235 1256 librarum
1256 1197 1382 1258 lautores

166 1297 345 1363 „nomnen
367 1289 582 1370 apostatasque
600 1295 658 1356 ait:
679 1295 896 1374 [autorisatae
918 1311 986 1358 nans
1007 1315 1107 1359 rerum
1130 1297 1217 1358 etiam
1240 1297 1382 1359 intrinse-

165 1409 311 1467 „earum,
340 1390 505 1454 cuiusmodi
527 1401 595 1454 suut
613 1396 706 1458 virtus
730 1403 760 1458 et
780 1396 899 1470 vitium,
927 1398 1055 1458 lautores
1078 1405 1148 1458 sunt
1169 1397 1321 1471 homines,
1351 1407 1385 1460 ut

164 1492 266 1567 „dixit
285 1493 380 1557 Dens:
403 1492 571 1574 depectunt
590 1505 625 1556 att
646 1498 762 1574 [aram
784 1499 934 1568 tudinium,
957 1500 1029 1578 serit
1050 1509 1149 1561 nutent
1164 1502 1382 1580 t'niquitntem.“

246 1799 298 1860 21.
316 1777 322 1790 ’
344 1797 402 1870 Qui
423 1795 497 1858 bane
518 1797 608 1872 audit,
632 1798 720 1860 divini
735 1818 805 1862 sane
820 1801 929 1862 uraeuli
945 1801 1113 1863 meminerit
1127 1799 1272 1862 dicentis:
1298 1801 1384 1875 Qun-

163 1915 285 1980 euraqtta
307 1917 339 1962 sa
360 1909 459 1978 vertat
482 1903 602 1979 impius,
626 1907 784 1962 serment.
818 1901 933 1964 Etenim
956 1920 1042 1980 qnam
1066 1921 1100 1963 se
1122 1919 1246 1980 eumque
1267 1901 1297 1962 in
1313 1919 1384 1980 par-

164 2007 221 2064 tem
243 2000 373 2080 quotidie
395 2008 568 2062 convertant
590 1999 671 2078 impii
693 2000 744 2072 illi,
768 2010 955 2070 evanescunt,
979 2019 1016 2062 ne
1038 2002 1068 2062 in
1090 2003 1148 2063 line
1163 2001 1281 2081 quidem
1298 2000 1385 2061 ullnrn

162 2101 306 2164 rationein
328 2101 511 2164 invenientes
526 2101 658 2181 Dionysii
680 2101 737 2164 sibi
756 2101 940 2173 conciliandi,
964 2103 1073 2181 quippe
1088 2101 1137 2181 qui
1157 2108 1258 2179 aperte
1273 2101 1385 2174 dueeat,

162 2187 266 2266 Filiuna
294 2221 350 2264 nee
377 2203 481 2264 laetum
510 2221 566 2264 nee
587 2211 713 2264 uastam
736 2221 798 2264 rem
827 2221 914 2274 essee
946 2205 1039 2280 carpit
1066 2211 1164 2264 autern
1192 2202 1386 2280 appositaque

162 2301 270 2364 refellit
291 2321 356 2376 eos,
379 2303 428 2380 qni
450 2321 483 2364 se
502 2303 762 2372 calumniabantur,
784 2303 870 2382 quasi
886 2301 1018 2372 dixisset,
1040 2303 1180 2362 lactarem
1197 2318 1267 2362 esse
1281 2301 1471 2376 beurunes

164 2402 245 2480 quud
267 2419 327 2462 nou
349 2402 536 2476 adverterint,
558 2423 591 2466 se
612 2415 680 2467 ante
701 2404 832 2477 dixisse,
855 2404 973 2465 Patrem
995 2419 1063 2464 esse
1085 2403 1194 2476 been,
1222 2402 1252 2464 in
1276 2421 1334 2482 qun
1358 2411 1388 2464 et

163 2501 258 2564 Filius
286 2503 450 2582 adscriptus
473 2514 527 2567 est.
571 2505 624 2568 llis
646 2515 743 2568 autern
766 2505 864 2566 verbis
888 2503 1030 2576 dederat,
1053 2503 1159 2564 Filium
1181 2522 1243 2564 nun
1265 2523 1332 2566 esse
1351 2523 1387 2565 er

161 2621 287 2665 numeru
307 2623 408 2668 rerum
429 2607 587 2681 laetarum,
616 2615 647 2670 et
667 2606 761 2670 Deum
790 2625 851 2668 nun
879 2607 1021 2668 lactarem
1049 2605 1101 2666 sed
1130 2613 1244 2683 patrem
1272 2605 1386 2684 proprii

160 2705 249 2766 Verbi
282 2725 361 2768 esse.
417 2709 603 2780 Quibusdam
632 2715 729 2768 autem
762 2705 922 2786 imperite*
955 2706 1012 2783 ipsi
1045 2705 1275 2784 reponentibus,
1307 2703 1387 2784 quud
1465 2711 1471 2724 ’

160 2805 256 2867 Deum
279 2805 403 2866 dixisset
424 2807 535 2868 Christi
556 2809 718 2876 lactarem,
740 2805 787 2865 sui
807 2804 953 2882 purgandi
975 2821 1063 2864 eausa
1083 2804 1164 2864 varia
1185 2803 1318 2865 adbibuit
1338 2823 1387 2863 ar-

162 2913 314 2985 gumenta,
337 2921 434 2981 neque
457 2904 502 2964 sie
521 2906 605 2966 aiens
628 2903 871 2981 reprehendenda
894 2919 962 2964 esse
984 2920 1037 2962 sua
1059 2901 1166 2970 verbus
1188 2919 1222 2960 se
1243 2900 1321 2962 enim
1343 2903 1388 2962 la·

161 3004 257 3068 utaris
280 3003 404 3066 nomine
424 2999 513 3066 iusum
535 3003 662 3064 adirrnal
683 3011 807 3082 prepter
828 3019 956 3073 carnem,
982 3019 1068 3078 quam
1091 2999 1218 3060 Verbum
1240 3017 1390 3060 assumse-

161 3115 219 3181 rat,
243 3105 346 3186 utique
367 3105 482 3167 laetam.
528 3104 616 3178 Quod
638 3101 663 3164 si
686 3103 753 3182 quis
776 3101 846 3164 illud
869 3102 906 3161 de
921 3099 1017 3162 Verbo
1040 3098 1150 3162 dietum
1172 3097 1267 3158 luisse
1289 3098 1391 3176 suspi-

163 3217 262 3280 catur,
295 3225 333 3268 eu
362 3206 450 3270 etiam
478 3207 569 3270 ruodo
598 3203 710 3284 absque
740 3200 939 3264 contentionis
968 3199 1067 3262 studio
1096 3199 1215 3261 audisse
1244 3198 1391 3278 oportuit:

165 3319 226 3385 „nt
247 3309 327 3370 enirn
350 3307 477 3370 Verbum
498 3325 563 3370 rent
585 3307 691 3370 laetam
714 3323 782 3366 esse
804 3321 866 3366 non
887 3303 1002 3376 santio,
1032 3311 1062 3364 et
1083 3301 1175 3364 Deum
1205 3317 1266 3360 nnn
1296 3299 1389 3360 laela-

166 3429 258 3484 „rem
286 3409 337 3470 sed
370 3419 485 3489 patrern
517 3410 581 3472 eius
610 3407 696 3480 dien;
730 3406 756 3466 si
788 3405 905 3484 quando
939 3403 976 3466 de
1006 3403 1081 3466 Filio
1117 3402 1272 3465 disserens
1296 3399 1390 3462 Deum

168 3509 266 3571 obiter
286 3510 386 3572 dixere
414 3513 556 3574 lactarem
587 3511 670 3582 eius,
708 3506 796 3570 etiam
824 3514 894 3570 tune
921 3525 971 3568 res
1000 3505 1172 3568 defensione
1200 3519 1263 3565 nun
1284 3519 1388 3564 carue·

234 3761 302 3813 *erl
321 3763 382 3812 mala
402 3764 555 3814 couscientia.

165 3898 236 3952 Colb.
264 3898 310 3946 les.
336 3888 405 3960 μηδ’
431 3889 468 3950 sis
494 3895 577 3945 reiro
609 3887 755 3958 πρόᾳασιν
807 3893 841 3941 sis
859 3909 903 3956 per
922 3887 972 3938 τὸν
988 3883 1057 3939 θεόν
1073 3887 1185 3938 similiter
1197 3885 1327 3936 desineret.
1352 3881 1392 3930 ln·

163 3959 243 4029 nand
261 3959 417 4016 Διονυσίου,
807 3959 842 4009 lru
862 3959 925 4010 iden
943 3953 1160 4022 προγέγραπιαι.

202 4066 219 4115 ”
248 4067 289 4116 ⁸³⁰
316 4066 374 4126 ¹³²⁸·
392 4066 489 4116 T²¹¹¹³¹l
516 4063 586 4114 ωδ·
611 4059 656 4110 ¹⁰⁵·
693 4058 755 4108 ΕΜ
841 4028 864 4142 i
881 4013 1292 4154 13:2⁶2}cilbiabfftriirffif]
1334 4076 1395 4124 nain

165 4147 223 4184 sero
243 4133 305 4182 nerle
322 4125 361 4198 μὴ
380 4126 408 4180 δὲ
427 4125 471 4180 καὶ
489 4125 599 4195 κτίσμα.
810 4151 969 4218 &nomem
1008 4156 1060 4206 κω
1084 4147 1132 4200 καί
1149 4159 1205 4201 ,ΠΜ
1223 4139 1310 4194 οὕτως
1328 4140 1396 4188 deest

205 4251 228 4296 ς,
247 4235 327 4284 llaec:
357 4225 401 4280 bri
425 4225 463 4298 μὴ
493 4224 621 4281 συνεῖδον
645 4220 760 4278 εἰπόντα
810 4223 1077 4277 intranseunte.
1093 4229 1117 4270 et
1135 4217 1200 4266 Ful.
1235 4210 1283 4259 Sed
1302 4203 1395 4311 tndbts·

166 4291 254 4350 alite
273 4294 411 4368 πρότερον
433 4295 540 4364 πατέρα
563 4292 614 4350 τὸν
641 4287 710 4344 θεόν
734 4295 758 4344 iu
810 4301 834 4348 el
851 4295 875 4343 in
893 4293 965 4342 editis
983 4290 1086 4339 babetur
1104 4294 1127 4334 et
1141 4275 1398 4374 ορροτωξιθῆῦὶίἔέη·

167 4371 238 4420 eata.
258 4370 438 4428 desiderantur,
457 4369 548 4416 omissa
568 4365 637 4428 lanan
657 4375 758 4412 amana·
844 4361 866 4409 li.
885 4361 982 4409 Tnnrin.
998 4355 1068 4404 Cnlb.
1087 4351 1133 4424 les..
1152 4358 1203 4395 ειυς
1219 4349 1284 4402 γαρ·

166 4439 234 4487 ensis
252 4437 308 4487 iden
326 4437 430 4499 decenti,
448 4432 673 4498 quodpraecedeas
684 4431 758 4493 ptiri-
810 4428 871 4477 inlrs
889 4419 935 4473 aad
953 4416 981 4478 ἒξ
998 4413 1157 4480 inadunatus·
