3014 5050
384 289 387 292 Ι
462 233 606 278 ΕΡΙΒΤΟΙΛ
621 231 653 278 ll·
668 233 705 278 ΑΒ
721 232 920 288 fflss’fflllss·
1250 223 1310 288 763

80 389 180 467 iugata
201 405 236 450 ao
256 385 406 449 destructa
428 383 486 446 iam
508 384 546 446 ad
567 383 700 446 dextram
721 383 818 447 Patris
840 385 940 458 sedet,
974 385 1005 447 iu
1027 404 1086 465 quo
1110 385 1229 467 etipse
1251 396 1394 462 estense

82 497 112 551 et
134 488 221 550 Pater
242 488 272 548 in
296 484 474 568 ipsosiouti
496 485 552 546 luit
574 493 603 546 et
625 491 672 548 est
694 503 823 566 semper.

169 591 198 654 8.
243 587 324 649 Ηεεε
345 603 415 666 ergo
437 603 507 646 vera
530 594 578 646 est
599 585 783 648 Christianae
805 587 872 648 tidei
901 589 997 652 iorma
1026 607 1061 650 ox
1082 589 1233 669 Apostolis
1256 609 1311 670 per

81 699 183 769 patres
206 685 346 751 derivata.
391 687 529 749 Ceterum
553 686 603 766 qui
626 687 798 777 Soriptdrae
818 687 939 750 lectioni
960 699 1051 763 raoat,
1074 691 1259 771 perpendere
1280 699 1310 754 et

75 789 252 854 ,disseruere
275 790 373 862 debet,
396 788 582 868 quandonam
604 785 642 850 de
664 787 815 850 divinitate
831 789 919 852 Verbi
932 789 1079 870 loquatur,
1102 792 1220 872 quando
1236 793 1400 856 veronens.x

80 895 118 954 de
140 892 278 954 humanis
299 891 364 954 aius
386 890 470 962 aeds,
493 909 531 951 no
554 889 609 952 alia
626 907 683 970 pro
698 887 763 952 aliis
778 889 968 970 intelligendo
983 891 1210 967 halluoineinur,
1228 894 1310 974 quod

81 994 183 1073 utique
205 991 321 1058 Arianis
345 977 459 1055 aedidit.
505 991 761 1066 Quemadmodum
784 991 874 1071 igitur
894 1009 969 1066 nos,
991 993 1041 1071 qui
1065 993 1191 1057 Verbum
1212 1013 1308 1076 agno·

80 1095 207 1170 suimus,
236 1095 373 1156 norimus
395 1111 514 1173 qnoque
536 1094 616 1172 quod
639 1095 740 1155 omnio
757 1111 818 1174 per
838 1097 938 1174 apruna
959 1079 1043 1172 foeta
1066 1103 1153 1166 aunt,
1186 1108 1215 1158 et
1243 1101 1308 1159 aine

79 1200 147 1276 ipso
168 1197 286 1278 sontum
307 1193 465 1267 estnihil,
495 1207 525 1257 et
549 1195 642 1257 Verdo
664 1193 788 1258 Domini
810 1194 886 1256 roali
904 1193 1024 1275 firinati
1044 1206 1129 1265 snat,
1159 1201 1190 1255 et
1216 1199 1309 1257 aaa'ttit
1353 1255 1355 1260 .

82 1297 210 1358 Verium
231 1315 322 1359 raum
343 1283 485 1358 et'sortot
507 1288 622 1358 notaio:
657 1295 794 1357 similitor
822 1295 905 1358 illum
927 1294 1101 1374 sapientiam
1124 1313 1192 1356 esse
1213 1313 1308 1374 agno·

78 1403 199 1460 scentes
220 1396 315 1458 Deum
337 1395 482 1476 sapientia
504 1396 647 1458 fundasse
669 1405 777 1458 terram
800 1405 830 1458 et
850 1396 968 1458 Patrem
991 1395 1092 1456 omnia
1112 1396 1144 1458 in
1164 1395 1309 1475 sapientia

12 1573 18 1581 .
77 1499 186 1562 iecisse
212 1508 325 1561 eertum
351 1497 507 1567 habemus.
557 1497 661 1578 Ipsum
689 1497 791 1560 itidem
823 1497 915 1560 ileum
947 1497 1124 1558 confitentes
1157 1497 1306 1560 Gliristum

77 1617 149 1662 esse
170 1599 330 1662 orerlimus.
375 1599 448 1660 Nam
472 1597 555 1662 sedeo
579 1613 640 1670 tuo,
663 1599 756 1670 Deua,
779 1593 858 1660 oanit
878 1597 985 1672 David,
1007 1602 1042 1660 ias
1062 1599 1216 1662 emenlaan
1238 1617 1307 1662 roe-

58 1701 150 1764 ·ruli.
198 1701 288 1782 Virqo
309 1703 468 1782 aequitatis
490 1704 579 1780 oirqo
600 1703 688 1779 raoni
708 1699 954 1763 insidiamini
979 1702 1128 1764 iustitiam
1155 1711 1185 1764 rt
1216 1701 1309 1763 odisti

75 1806 274 1884 iniquitatem.
317 1801 488 1882 Propterea
508 1806 602 1864 uranii
623 1811 651 1863 te
665 1799 757 1870 Dran,
778 1801 863 1863 Deus
886 1811 967 1872 toas,
993 1801 1058 1864 oleo
1078 1802 1210 1865 malitiae
1228 1819 1306 1882 pror

77 1905 271 1969 consortibus
294 1908 365 1966 tuis.
408 1903 479 1983 lpse
502 1921 572 1964 uero
600 1901 631 1963 in
653 1900 747 1963 Esaia·
769 1887 811 1962 de'
834 1901 936 1984 seipso
966 1899 1051 1964 dicit:
1080 1901 1217 1982 Spiritus
1239 1901 1306 1965 Do·

75 2009 152 2068 maai
172 2023 267 2086 nuper
286 2023 348 2080 me,
381 2009 466 2066 euius
489 2023 583 2066 roasa
603 2007 695 2065 nimir
715 2020 773 2064 aaa.
817 2001 924 2064 Petrus
947 2011 1045 2064 autam
1068 2004 1226 2066 confessus
1248 2013 1304 2076 est,

75 2106 144 2186 quia
172 2117 207 2197 tq
234 2126 264 2170 aa
289 2106 428 2169 Gloriatur
457 2104 553 2166 Filiam
575 2103 635 2166 Dei
660 2106 800 2178 oa’nerttis.
849 2103 893 2164 lta
919 2121 988 2162 eum
1015 2104 1168 2165 homiuem
1197 2105 1304 2166 laetum
1347 2137 1351 2143 ,

75 2227 144 2270 esse
166 2209 295 2270 scientes
318 2224 379 2267 non
401 2223 555 2284 negamus,
578 2221 653 2282 qnae
675 2201 713 2264 da
734 2201 785 2262 illo
807 2202 978 2262 humanitus
999 2213 1066 2264 sunt
1088 2203 1186 2275 diota,
1209 2204 1305 2283 qualia

75 2319 145 2382 sunt
167 2309 293 2380 esurire,
316 2306 411 2378 sitire,
433 2305 526 2384 alapis
549 2305 674 2382 percuti,
697 2301 860 2383 lacrymari,
883 2302 1015 2364 dormire
1037 2321 1071 2364 ao
1086 2303 1204 2365 demum
1219 2322 1304 2366 mor-

74 2421 134 2472 tem
156 2427 211 2488 pro
234 2407 322 2468 nobis
344 2407 375 2468 in
397 2425 486 2468 cruce
509 2404 671 2484 suscipere.
715 2403 796 2466 Haeo
822 2403 902 2466 enim
931 2403 1030 2465 omnia
1062 2403 1099 2466 de
1121 2401 1171 2466 illo
1195 2404 1304 2485 scripta

75 2517 155 2572 sunt.
198 2507 271 2570 lllud
293 2525 411 2588 quoque
433 2507 556 2569 verbum
581 2511 705 2580 rreooit,
723 2501 809 2586 'qnod
830 2505 949 2585 quidem
965 2503 1136 2568 hominibus
1155 2507 1302 2582 convenit,

74 2627 135 2673 non
156 2609 274 2673 retinuit
294 2609 456 2690 Scriptura,
480 2607 533 2672 sed
557 2607 713 2690 expressit.
757 2607 819 2669 Nos
837 2608 917 2670 anim
931 2607 1069 2670 homines
1084 2608 1174 2670 creati
1190 2617 1219 2670 et
1233 2609 1302 2670 laeti

52 2731 189 2776 ,snmus
233 2711 292 2774 Sed
320 2712 567 2792 quemadmodum
596 2729 664 2773 oum
691 2709 827 2773 andimus
855 2708 993 2784 esurivit,
1022 2708 1178 2784 dormivit,
1207 2703 1300 2789 alapis

72 2831 234 2892 percussus
262 2821 323 2886 est,
352 2813 415 2875 eius
447 2813 628 2874 divinitatem
656 2829 717 2874 non
739 2829 900 2892 negamus3
928 2811 973 2874 sio
1000 2829 1066 2873 urm
1094 2809 1171 2872 hane
1198 2829 1300 2873 vocem

75 2919 191 2976 oreooit
211 2913 363 2986 audimus,
385 2913 561 2976 meminisse
583 2931 708 2993 aequum
731 2921 794 2988 est,
816 2931 900 2986 eum,
923 2913 974 2992 qui
996 2911 1075 2974 Deus
1096 2921 1176 2987 erat,
1199 2912 1299 2974 homi·

74 3031 142 3074 neni
164 3019 293 3076 creatum
317 3031 395 3076 esse.
439 3014 592 3094 Siquidem
607 3015 761 3078 hominum
775 3014 929 3096 proprium
945 3022 991 3077 est
1012 3013 1117 3088 creari,
1140 3021 1173 3075 ut
1187 3021 1216 3074 et
1230 3032 1298 3075 eae-

75 3124 138 3176 tera
160 3133 251 3196 supra
272 3114 373 3189 allata,
397 3115 512 3177 esurire
535 3124 566 3177 et
586 3115 704 3179 similia.

157 3419 187 3482 9.
231 3417 314 3480 istud
337 3437 455 3498 quoque
478 3429 557 3504 recte
579 3419 690 3481 dietum
713 3432 770 3494 est,
792 3419 871 3498 quod
895 3419 971 3480 male
993 3417 1101 3481 abillis
1117 3418 1298 3499 intelligitur,

71 3537 178 3598 nempe
200 3519 247 3582 lle
267 3521 314 3583 dia
336 3519 436 3584 autem
457 3519 512 3583 illo
535 3520 584 3584 uel
606 3521 683 3584 loro
704 3539 788 3584 neno
811 3525 992 3602 sn't,-neqae
1013 3519 1119 3600 Anqeli
1138 3540 1232 3603 neque
1248 3524 1299 3586 Fi·-

74 3617 144 3680 liur.
188 3617 269 3681 Haeo
294 3620 413 3700 inquam
442 3629 553 3684 rectam
576 3621 731 3686 oodtinent
753 3621 938 3685 sententiam.
982 3622 1019 3684 tt
1040 3622 1081 3684 illi
1103 3643 1138 3685 ex
1160 3625 1206 3686 his
1229 3645 1297 3686 ver-

69 3767 188 3837 πνεῦμα·
203 3761 298 3839 κυρίου
326 3763 365 3820 ἐπ’
391 3763 446 3837 ipi.
490 3773 581 3824 ibidem
607 3785 657 3824 ooo
708 3777 770 3826 hier·
789 3775 927 3826 etlelcini.
942 3767 1199 3826 Linalruoaaraird
1215 3771 1298 3826 leand

69 3839 137 3888 deest
155 3840 177 3888 in
197 3839 306 3916 Segusq,
325 3840 436 3902 idemque
455 3839 575 3903 etliegins
588 3839 658 3904 ψάλ·
709 3836 758 3892 οὐκ
776 3833 942 3909 ἀρνούμεθα.
982 3843 1186 3908 Panlopostlieq.
1197 3845 1297 3926 Sepuer.

68 3901 108 3955 lea
125 3907 198 3985 nabet
215 3900 346 3984 propalat.
385 3907 472 3969 Regius
485 3909 551 3958 addit
561 3925 658 3976 quoqne
709 3911 957 3962 sustentemini.
974 3911 1097 3973 ettngtic.
1117 3903 1202 3966 οὕτως
1220 3907 1298 3962 oxori-

70 3985 139 4038 φησι
163 3982 220 4040 post
240 3987 304 4042 γαρ.
351 3975 410 4024 item
436 3973 529 4024 ibidem
554 3977 609 4038 lieg.
635 3985 659 4028 et
709 3989 792 4030 oreas·
830 3977 876 4028 ati
895 3970 1294 4036 comeditisoir'raocelaolorror.

70 4041 168 4121 Seguep.
185 4037 324 4106 βασιλείας
341 4034 441 4091 αὐτοῦ.
453 4036 550 4091 ...καὶ
567 4035 659 4110 lpaloq·
743 4045 759 4094 l.
783 4043 824 4094 Sio
840 4045 897 4107 Reg.
915 4047 1016 4109 Sequor.
1034 4049 1132 4100 Gobler.
1152 4057 1175 4099 et
1191 4049 1295 4099 istrum.

69 4119 118 4160 our
137 4105 264 4175 ανεμίαν.
489 4125 497 4188 ss
710 4111 732 4162 1,
766 4113 795 4162 tt
812 4111 853 4162 olii
872 4121 896 4163 et
914 4115 969 4164 editi
987 4110 1168 4180 plromittnnt.
1203 4117 1295 4166 lbidem

75 4175 124 4254 ,d
144 4178 241 4230 Gobler.
261 4187 284 4228 et
302 4175 407 4228 Pelckm.
428 4178 450 4228 l.
470 4191 519 4225 τεν
536 4171 657 4243 σταυρὸν
708 4178 806 4231 Gobler.
825 4189 848 4230 et
867 4181 970 4231 Falclm.
990 4184 1010 4232 l.
1029 4175 1143 4246 εἴρηται.
1179 4185 1237 4233 item
1249 4183 1295 4232 ini-

68 4239 254 4312 ανεδξξασθεε
277 4239 324 4294 καὶ
347 4237 397 4294 τόν
414 4253 458 4295 ειε.
502 4247 576 4296 Paulo
601 4255 658 4310 post
708 4248 762 4297 dem
782 4249 837 4311 lieg.
856 4257 879 4299 ot
896 4251 996 4313 Sequor.
1017 4245 1118 4312 ἐκείνης
1135 4251 1222 4301 hahent
1239 4257 1295 4312 post

68 4311 124 4373 fleg.
144 4321 167 4362 et
184 4313 283 4376 Segner.
301 4306 419 4380 ἔκρυψεν
438 4323 461 4363 at
478 4306 636 4380 lariopaeniu.
708 4305 816 4383 ἡμέρας,
839 4331 886 4366 non
904 4325 961 4381 post
979 4308 1059 4384 ὥρας.

101 4393 122 4428 ε.
141 4380 174 4428 lta
194 4381 249 4442 lies.
266 4383 366 4442 Sequar.
385 4381 483 4434 Gobior.
508 4391 531 4433 et
550 4383 663 4432 Felotm.'
741 4397 763 4445 g.
781 4383 815 4434 lta
834 4385 891 4447 fleg.
910 4387 1009 4447 Sequor.
1028 4385 1101 4435 Basil.
1125 4393 1149 4434 et
1171 4381 1293 4443 anglicani.

69 4441 93 4491 1.
126 4445 152 4494 ln
171 4447 225 4498 aliis
244 4455 267 4498 et
285 4449 355 4500 aditis
376 4449 445 4499 deest
463 4441 497 4498 ol.
535 4449 587 4502 llos
606 4451 655 4502 Go·
706 4451 735 4500 tt
753 4450 792 4502 alii
811 4453 923 4504 steditio
943 4443 1156 4516 commonlyaer.
1201 4449 1293 4501 ibidem
