3220 5046
224 257 284 320 152
617 267 643 311 ε.
658 266 1050 312 εεκεαιωιοααειενιοαοει

134 419 320 488 πάλλοντα
341 414 425 484 κατὰ
447 417 505 484 τοῦ
528 417 676 502 σωτῆρος
698 409 908 502 ὀρχήσασθαι
929 413 972 482 τὰ
993 413 1136 502 δύστηνα
1158 412 1275 484 ἑαυτοῦ
1297 415 1444 504 όημάτια

218 522 277 608 τής
310 513 464 604 ἀσεβείας
496 516 530 584 ἐν
559 515 706 596 έκλῦτοις
733 518 787 584 καὶ
809 520 1022 601 παρειμένοις
1042 516 1158 598 μέλεσι
1179 522 1366 603 σημαίνειν,
1399 516 1440 586 ἵν’

218 617 329 708 δίςπερ
351 616 371 706 ή
394 624 500 708 σοφία
522 624 642 706 φησίν·
666 611 737 684 ἀπὸ
760 615 875 696 ἐξόδου
897 615 995 703 λόγου
1017 615 1328 704 ’ἐπιγνωσθήσεται
1350 612 1442 706 ἀνήρ,

219 719 326 802 οῦτως
353 717 411 788 ἀπ’
436 720 566 788 ἐκείνων
593 718 633 786 τὸ
660 720 718 808 τῆς
744 721 853 804 ψυχῆς
878 716 923 805 μή
952 712 1117 804 ἀνδρῶδες
1138 719 1191 784 καὶ
1213 720 1272 805 τῆς
1293 719 1442 800 διανοίας

218 819 238 912 ἡ
262 821 380 912 φθορὰ
399 826 459 888 τοῦ
480 819 671 908 γράψαντος
692 817 910 906 γινώακηταιχ
932 818 988 886 καί
1008 819 1070 906 γάρ
1093 813 1169 886 οῦδέ
1193 818 1314 888 ἐλαθεν
1330 814 1348 886 δ
1365 819 1442 888 Ι’δό-

219 926 307 1006 λως,
341 918 425 990 ἀλλὰ
453 929 509 990 καί
529 945 584 989 τοι
611 919 772 1000 πολλάκις
801 917 846 1000 ιός
868 917 886 986 ὁ
910 918 991 1009 όφις
1012 918 1081 988 ἀνω
1103 923 1157 987 καί
1179 918 1268 988 κάτω
1290 905 1441 1010 στρέφωό

219 1025 336 1095 ἑαυτὸν
358 1020 448 1109 ὅμως
469 1029 644 1092 πέπτωκεν
667 1022 714 1102 εἰς
734 1022 793 1111 τὴν
815 1021 943 1110 πλάνην
965 1025 1047 1088 ’τῶν
1072 1028 1276 1108 Φαρισαίων.
1321 1019 1366 1102 ῶς
1380 1022 1447 1110 γὰρ

219 1127 338 1209 ἐκεῖνον
357 1127 513 1205 θέλοντες
534 1135 741 1212 παρανομεῖν
762 1125 1014 1213 ἐσχηματίζοντο
1035 1122 1078 1191 τὰ
1097 1127 1156 1190 τοῦ
1178 1122 1280 1207 νόμου
1301 1125 1441 1208 μελετᾶν

219 1228 349 1318 ῥήματα
354 1280 364 1310 ,
386 1226 443 1295 καὶ
463 1229 620 1307 θέλοντες
642 1223 822 1314 ἀρνεῖσθαι
841 1224 899 1293 τὸν
921 1225 1193 1314 προςδοκηθέντα
1212 1223 1269 1292 καὶ
1289 1225 1441 1313 παρόντα

218 1331 329 1419 κόριον
351 1326 564 1416 ὑπεκρίνοντο
585 1331 646 1415 μὲν
669 1323 841 1413 ὀνομάζειν
861 1327 919 1397 τὸν
940 1327 1032 1408 θεόν,
1056 1322 1227 1416 ἠλέγχοντο
1244 1327 1279 1394 δέ
1292 1327 1441 1415 βλαςφη-

218 1435 356 1518 μοῦντες
379 1431 413 1500 ἐν
434 1435 481 1519 τῷ
503 1433 625 1518 λέγειν·
648 1431 738 1497 διατί
760 1428 800 1497 οῦ
823 1428 1006 1517 ἄνθρωπος
1029 1423 1075 1496 ῶν
1096 1428 1179 1496 θεὸν
1201 1427 1339 1496 σεαυτὸν
1361 1451 1440 1496 ποι-

219 1543 278 1615 εῖς,
300 1536 354 1600 καί
377 1535 498 1619 λέγεις·
520 1532 583 1619 ἐγὼ
605 1534 659 1600 καὶ
683 1527 701 1597 δ
723 1533 834 1618 πατὴρ
857 1531 891 1599 έν
913 1530 1057 1615 ἐσμενἸς
1083 1526 1170 1598 οῦτω
1185 1532 1239 1596 καὶ
1255 1525 1273 1594 ὁ
1288 1531 1440 1617 κίβδηλος

217 1634 275 1702 καὶ
296 1633 502 1714 ὖΣωτάδειος
523 1632 656 1720 ’Ἀρειος
686 1629 899 1720 ὑποκρίνεται
929 1634 989 1716 μέν
1024 1627 1070 1710 ῶς
1101 1629 1180 1718 περὶ
1211 1634 1295 1698 θεοῦ
1328 1632 1439 1716 λέγων,

218 1737 453 1821 ’παρεντιθεὶς
479 1734 539 1814 τὰς
564 1737 632 1801 τῶν
658 1737 794 1822 γραφῶν
823 1735 943 1813 λέξεις,
978 1732 1141 1819 ἐλέγχεται
1169 1733 1205 1800 δὲ
1227 1731 1439 1816 πανταχόθεν

211 1834 345 1922 ’Ἀρειος
378 1834 496 1916 ἀθεος,
530 1831 729 1923 ἀρνούμενος
759 1833 816 1901 τὸν
847 1833 918 1902 οίὸν
946 1837 999 1901 καί
1027 1843 1099 1912 τοῖς
1126 1831 1310 1920 ποιήμασιν
1340 1829 1439 1900 αὐτὸν

219 1939 443 2022 σοναριθμῶν.

303 2045 332 2104 5.
364 2033 407 2102 Ἡ
424 2038 484 2122 μέν
506 2026 563 2104 οῦν
586 2031 665 2124 ἀρχή
688 2041 744 2124 τῆς
762 2032 934 2125 Ἀρειανής
954 2037 1110 2114 ’θαλείας
1132 2037 1185 2102 καὶ
1208 2037 1435 2124 κουφολογίας,

216 2125 303 2222 ήθος
325 2137 444 2220 ἐχοοσα
464 2141 518 2205 καί
539 2141 639 2224 μέλος
652 2137 808 2226 θηλυκόν,
824 2133 922 2226 αῦτη·
945 2135 1028 2204 κατὰ
1043 2143 1158 2203 πίστιν
1174 2135 1329 2205 ἐκλεκτῶν
1344 2140 1436 2230 θεοῦ,

134 2264 212 2310 αιοο.
220 2241 363 2305 συνετῶν
384 2242 478 2320 θεοῦ,
502 2240 633 2307 παίδων
656 2236 766 2326 ἁγίων,
791 2235 997 2326 όρθοτόμων,
1021 2233 1114 2324 ἅγιον
1136 2241 1220 2306 θεοῦ
1236 2242 1365 2324 πνεῦμα
1380 2239 1438 2305 λα-

217 2337 354 2425 βόντων,
376 2339 456 2408 τάδε
479 2341 607 2425 έιιαθον
630 2341 729 2429 ἐγωγε
749 2336 818 2408 ἀπὸ
839 2343 905 2408 τῶν
920 2345 1041 2428 σοφίης
1055 2339 1264 2423 μετεχόντων,
1288 2334 1436 2420 ἀστείων,

216 2440 453 2523 θεοδιδάκτων,
477 2440 561 2510 κατὰ
582 2442 696 2510 πάντα
715 2446 830 2530 σοφῶν
852 2464 903 2508 τε·
926 2440 1050 2508 τούτων
1065 2437 1132 2508 κατ’
1151 2441 1239 2524 ἴχνος
1254 2432 1361 2530 ἦλθον
1376 2441 1438 2527 ἐγώ

216 2545 341 2625 βαίνων
363 2537 552 2626 ῑδμοδόξως
582 2538 600 2608 ὃ
621 2542 833 2630 περικλυτός,
864 2538 883 2608 ό
911 2542 1022 2610 πολλὰ
1049 2543 1174 2610 παθῶν
1197 2541 1253 2610 διὰ
1274 2542 1332 2630 τὴν
1353 2546 1437 2610 θεοῦ

218 2639 327 2720 δόξαν,
350 2637 418 2708 ῦπό
438 2668 475 2710 τε
495 2647 579 2710 θεοῦ
601 2643 724 2728 μαθών
746 2651 870 2733 σοφίαν
891 2649 945 2714 καὶ
966 2649 1087 2732 γνῶσιν
1109 2643 1171 2730 ε’γῶ
1194 2645 1303 2730 ἔγνων.
1336 2642 1378 2709 τὰ
1400 2644 1437 2710 δέ

217 2740 252 2809 ἐν
285 2737 366 2830 αὐτῇ
400 2743 619 2830 ΙΙκροτοῦμενα
651 2741 729 2832 παρ’
760 2743 861 2814 αὐτοῦ
894 2745 1075 2831 σκώμματα
1102 2743 1224 2833 φευκτὰ
1250 2746 1304 2810 καὶ
1331 2746 1437 2827 μεστὰ

218 2843 407 2929 δοςσεβείας
438 2844 576 2912 τοιαῦτά
603 2846 703 2914 ἐστιν·
737 2842 794 2914 οῦκ
821 2843 872 2916 ἀελ
901 2843 931 2914 ῑὸ
960 2847 1042 2926 θεὸς
1068 2845 1177 2932 πατὴρ
1205 2834 1260 2930 ἦν,
1294 2839 1362 2914 ἀλλ’
1397 2834 1436 2931 ἦν

218 2939 274 3012 ὅτε
304 2940 322 3010 ὁ
352 2945 434 3026 θεὸς
454 2945 556 3030 μόνος
576 2937 615 3034 ἦν
637 2951 690 3016 καὶ
714 2947 809 3016 οῦπω
832 2947 941 3036 πατήρ
963 2937 1017 3036 ἦν,
1051 2945 1187 3034 ὕστερον
1210 2949 1246 3014 δέ
1268 2945 1437 3034 ἐπιγέγονε

216 3045 335 3134 πατήρ.
381 3042 438 3115 οῦκ
460 3044 512 3116 ἀεὶ
533 3039 573 3135 ήν
595 3045 613 3116 ό
636 3050 721 3130 ολός·
744 3050 879 3118 πάντων
900 3049 962 3136 γὰρ
982 3057 1164 3136 γενομένων
1186 3049 1222 3130 ἐξ
1242 3043 1300 3116 οῦκ
1322 3045 1435 3128 όντων,

214 3149 268 3214 καὶ
291 3147 426 3216 πάντων
450 3147 554 3218 όντων
575 3151 763 3236 κτισμάτων
784 3154 839 3219 καί
861 3151 1057 3239 ποιημάτων
1078 3157 1276 3236 γενομένων,
1300 3153 1354 3218 καὶ
1376 3145 1436 3218 αῦ-

214 3247 272 3327 τδς
294 3245 312 3314 ὁ
334 3255 392 3317 τοῦ
414 3256 499 3318 θεοῦ
521 3251 617 3338 λόγος
639 3252 675 3332 ἐξ
695 3247 753 3318 οῦκ
776 3250 879 3320 όντων
900 3258 1020 3339 γέγονε,
1043 3255 1120 3320 Ιικαὶ
1141 3243 1181 3338 ἦν
1203 3275 1287 3320 ποτε
1309 3248 1364 3318 ὅτε
1379 3245 1437 3319 οῦκ

214 3339 270 3434 ήν,
299 3353 354 3416 καὶ
377 3347 436 3416 οῦκ
456 3343 495 3437 ήν
518 3351 768 3440 πρὶνγένηται,
799 3350 867 3420 ἀλλ’
893 3349 991 3442 ἀρχὴν
1012 3356 1071 3420 τοῦ
1093 3353 1266 3434 κτίζεσθαι
1288 3353 1361 3436 όσχε
1381 3355 1436 3421 καὶ

216 3445 324 3528 αῦτός.
369 3439 409 3537 ήν
430 3450 501 3538 γάρ,
526 3459 617 3539 φησί,
641 3453 743 3538 μόνος
765 3451 783 3521 ὁ
805 3455 901 3535 θεός,
925 3457 979 3522 καὶ
1003 3452 1098 3521 οῦπω
1120 3443 1159 3542 ἦν
1183 3450 1202 3520 ό
1223 3453 1319 3540 λόγος
1340 3451 1435 3542 καλή

215 3555 338 3638 σοφία·
362 3545 434 3618 εἶτα
455 3551 601 3638 θελήσας
621 3549 707 3641 ἡμᾶς
729 3558 975 3645 δημιουργήσαι,
998 3554 1075 3623 τότε
1098 3555 1151 3643 1δὴ
1175 3559 1356 3642 πεποίηκεν
1378 3555 1437 3624 ἕνα

214 3648 305 3730 τινά,
335 3653 389 3718 καί
419 3647 589 3737 ὠνόμασεν
618 3652 716 3724 αὐτόν
746 3658 843 3745 λόγον
865 3657 921 3726 καὶ
942 3663 1066 3746 σοφίαν
1087 3655 1142 3724 καί
1164 3653 1251 3734 οἷόν,
1274 3656 1330 3722 ἵνα
1350 3652 1436 3744 ἡμᾶς

285 3875 309 3934 ί)
326 3875 392 3924 loun.
414 3875 452 3934 10,
471 3875 512 3927 λδ.
531 3877 571 3928 30.

248 4023 270 4058 ο.
289 4009 389 4070 δεςοεε.
412 4011 502 4072 λοχία.
528 4013 625 4064 ῦοΙνΙοο.
647 4015 752 4065 λέΙοΙαο.
773 4015 794 4065 1.
881 4030 902 4064 ο.
920 4015 1019 4077 seguer.
1034 4013 1245 4068 GoblerAEelckm.
1260 4016 1281 4065 l.
1298 4012 1355 4062 τῶν
1374 4005 1436 4064 τότε

212 4067 456 4152 έπγγνωοθήσεται.
484 4080 539 4158 Ηεγ.
559 4089 583 4129 ει
599 4082 703 4132 Felekm.
714 4083 737 4131 5.
754 4095 796 4146 γι·
848 4075 1017 4148 Φαρισαίων.

212 4153 353 4192 νωσαεται.
378 4145 439 4195 Εδίίί
456 4159 631 4210 γινωοκηται.
658 4150 717 4198 lbid.
736 4163 795 4198 εοο-
882 4149 904 4198 δ.
924 4149 1022 4211 Seguer.
1042 4157 1067 4197 et
1084 4150 1140 4212 δερ.
1159 4141 1308 4202 Σωτάτιος.
1342 4147 1432 4211 Angue.

213 4209 303 4260 ἱαοοιίο
329 4207 377 4258 καί
400 4222 456 4277 post
478 4205 549 4282 ἀνήρ
574 4218 597 4264 in
622 4216 692 4265 εδίιιε
717 4217 795 4280 posita
849 4215 954 4266 δείελα.
974 4214 996 4264 2.
1017 4209 1264 4270 ε15.Σωσάτειος.

212 4278 282 4327 deest
300 4281 323 4328 in
341 4283 440 4342 ὃεχσοε.
459 4283 515 4344 Reg.
534 4281 707 4346 Βασίλλαςίίο.
725 4283 796 4335 ὓοίνί.
883 4297 904 4331 ο.
923 4283 963 4332 Sic
982 4283 1081 4343 Segner.
1101 4283 1381 4335 cohter.etfelckm.1.
1408 4285 1436 4334 λῑ

213 4343 317 4394 θείοίια.
338 4346 360 4395 1.
848 4349 905 4398 edili
925 4349 1001 4399 etalii
1018 4351 1187 4415 παρατιθείς.
1225 4351 1276 4400 Mox
1294 4349 1434 4411 Segueriun.

246 4413 270 4460 b.
289 4413 664 4477 SicSeguer,Gobler.Felckm.
681 4416 704 4465 1.
733 4413 796 4468 Εδίιί
847 4409 1002 4472 πανῐάθεν,
1028 4420 1068 4482 qui
1093 4419 1150 4468 ibid.
1169 4426 1194 4468 οι
1212 4426 1235 4466 ει
1253 4415 1393 4470 (ἱοίνίεείεα.
1412 4423 1435 4466 οι

211 4492 267 4530 οπο
286 4489 309 4530 ει
327 4481 367 4532 alii
385 4476 508 4534 δείλαιον.
847 4483 955 4536 Felckm.
976 4485 998 4535 l.
1020 4487 1106 4538 οοείιιὶι
1120 4476 1230 4550 Ἅρειοε.
