3176 5058
234 289 277 352 xoe
482 311 491 320 -
549 317 552 324 ,
583 341 585 346 ,
634 299 660 342 s.
675 297 828 344 ιειιιιιειι
842 295 1066 343 ammon

148 447 340 536 ε.ειι.κοπὴν
360 442 462 516 αὑτοῦ
485 451 648 534 σημαίνει,
671 435 786 512 καλοῦ
808 442 904 528 μεῖόν
925 441 998 510 ἐστι
1018 444 1085 510 τῶν
1106 445 1278 527 προτέρων
1292 437 1469 510 καὶτοῦτο

232 548 272 616 τό
294 544 454 636 ἀσέβημα.
499 545 557 613 τὸν
577 543 641 632 γὰρ
662 543 697 612 ἐν
718 547 765 630 τῷ
787 547 891 632 πατρὶ
914 540 1004 622 ὄντα,
1029 542 1062 610 ἐν
1084 531 1112 629 ιβ
1132 541 1189 608 καὶ
1211 535 1361 626 όπατὴρ
1378 539 1465 618 ἔστι,

232 649 291 716 τόν
314 651 468 734 λέγοντα·
490 645 553 732 ἐγὼ
575 648 629 712 καὶ
646 640 671 711 ,ὑ
695 643 804 731 πατὴρ
827 645 861 712 ἕν
884 645 981 730 όσμεν
991 647 1022 724 ¹),
1047 641 1084 711 ὃν
1105 641 1162 709 καλ
1184 637 1202 708 ό
1225 639 1378 728 ἑωρακὼς
1399 641 1467 708 ἑώ-

146 821 149 827 ,
232 770 312 836 ρανιε
343 747 401 814 τόν
435 749 608 832 πατέρα’),
641 740 831 831 ’ὀνομάζειν
863 741 930 813 ὑπό
958 767 1049 824 τινος
1078 743 1204 824 ἔξωθεν
1230 743 1463 833 βελτιοῦσθαι,

233 853 348 916 πᾶσαν
376 843 577 935 ὑπερβάλλει
602 853 732 933 μανίαν.
776 841 863 914 άλλά
889 845 1016 914 τούτων
1047 845 1279 924 ἐκπίπτοντες,
1301 844 1355 911 καλ
1377 841 1465 912 κατὰ

234 948 313 1027 τοὺς
340 947 420 1034 περὶ
440 944 600 1034 Εὑτέβιον
628 944 695 1016 ὑπὸ
717 949 845 1034 πολλῆς
867 945 1077 1032 συνεχόμενοι
1098 949 1156 1034 τῆς
1176 940 1332 1031 άπορίας,
1355 943 1462 1012 ῦιεῖνο
1562 973 1563 982 ¹

211 1097 215 1105 ·
236 1049 357 1119 λοιπὸν
379 1049 507 1134 ἔχουσιν
529 1045 805 1134 ὑπολειπόμενον,
826 1047 847 1114 ό
868 1046 925 1116 καὶ
946 1047 981 1118 λν
1002 1041 1180 1135 ᾇσματίοις
1194 1044 1327 1131 ’Ἄρειος
1348 1045 1405 1114 καὶ
1425 1045 1462 1113 ἐν
1562 1043 1563 1052 ’

235 1155 275 1240 τῇ
298 1151 414 1220 ἑαυτοῦ
437 1141 567 1238 Ι’Θαλία
590 1147 635 1230 ιὺς
657 1150 840 1237 όπαποριῦν
853 1151 1053 1236 μυθολογεῖ·
1076 1146 1221 1227 πολλοὺς
1235 1148 1330 1216 λαλεῖ
1344 1146 1462 1233 λόγους
1562 1169 1563 1214 ι

234 1249 255 1318 ὑ
275 1251 366 1332 θεός.
411 1263 512 1320 ποῖον
536 1248 646 1320 αὑτῶν
666 1251 732 1340 άρα
755 1255 889 1338 λέγομεν
909 1247 1005 1336 ἡμεῖς
1026 1250 1098 1316 υἱὸν
1120 1248 1176 1316 καὶ
1190 1248 1287 1335 λόγον
1302 1252 1461 1334 μονογενῆ
1562 1303 1563 1326 ,

233 1357 293 1422 τοῦ
316 1354 460 1440 πατρός,·
494 1349 631 1444 άνόητοι
659 1354 715 1421 καὶ
741 1353 854 1420 πάντα
880 1345 1050 1438 μάλλονῆ
1071 1356 1280 1436 Χριστιανοί.
1325 1353 1460 1436 πρῶτον

232 1454 376 1542 μὲνγὰρ
398 1459 537 1522 τοιαῦτα
558 1457 733 1534 λαλοῦντες
755 1451 834 1540 περὶ
853 1456 949 1532 θεοῦ,
971 1455 1089 1537 μικροῦ
1111 1453 1181 1520 όείν
1205 1448 1389 1537 ἄνθρωπον
1403 1449 1460 1518 τόν

233 1555 318 1624 θεὸν
340 1553 645 1642 ὑπολαμβάνουσιν,
669 1551 756 1622 οὑτω
771 1556 934 1621 λαλοῦντα
948 1552 1005 1621 καὶ
1017 1558 1270 1639 παραμείβοντα
1283 1551 1361 1632 τοὺς
1374 1575 1459 1640 προ-

150 1663 350 1742 σ,υεε.τίρους
366 1667 438 1734 τοῖς
455 1654 756 1742 όευτέροιςιλόγοις,
780 1651 894 1741 ὥσπερ
915 1649 974 1722 οῦκ
990 1651 1167 1741 ἀρκοῦντος
1178 1653 1251 1732 ἑνός
1262 1653 1297 1720 ἐκ
1306 1656 1366 1720 τοῦ
1375 1655 1460 1721 θεοῦ

149 1825 154 1834 ,
235 1756 335 1843 λόγου
350 1759 463 1824 πᾶσαν
477 1755 536 1845 τὴν
552 1756 586 1822 ἐκ
600 1760 658 1823 τοῦ
674 1757 882 1844 βουλήματος
899 1760 958 1824 τοῦ
969 1753 1098 1843 πατρός
1109 1756 1324 1842 δημιουργίαν
1333 1755 1392 1823 καὶ
1403 1754 1459 1840 τὴν

236 1855 354 1924 τοῦτου
367 1855 529 1942 πρόνοιαν
544 1859 736 1945 πληρῶσαι·
748 1858 787 1924 τὸ
799 1860 859 1944 μὲν
871 1855 1086 1944 γὰρπολλοὺς
1101 1851 1200 1923 αὑτὸν
1211 1857 1324 1922 λαλεῖν
1334 1854 1460 1941 λόγους,
1562 1911 1563 1924 ,

238 1951 401 2025 ἀσθένεια
428 1961 494 2024 τῶν
523 1957 658 2024 πάντων
680 1957 945 2039 ἔστίν,λκάστου
968 1959 1166 2042 λειπομένου
1188 1960 1248 2046 τῆς
1268 1960 1326 2023 τοῦ
1350 1957 1460 2042 ἑτέρου
1495 2038 1500 2058 ¹
1562 2027 1563 2042 ἢ

233 2064 363 2145 γραίας·
385 2057 424 2130 τὸ
446 2060 482 2126 δὲ
504 2056 554 2127 ἑνὶ
573 2061 755 2148 κεχρῆσθαι
776 2057 862 2146 λόγῳ
884 2059 942 2128 τόν
962 2058 1056 2140 θεόν,
1080 2054 1125 2138 ὡς
1138 2057 1194 2126 καλ
1209 2059 1298 2126 ἔστιν
1314 2053 1459 2144 άληθῶς,
1562 2143 1563 2146 ¹

236 2163 335 2226 τοῦτο
357 2159 493 2227 καὶτοῦ
514 2163 599 2228 θεοῦ
620 2159 679 2250 τὴν
702 2159 840 2246 όῦναμιν
855 2161 1009 2242 δείκνυσι,
1032 2159 1168 2228 καὶτοῦ
1190 2159 1226 2239 λξ
1246 2154 1346 2226 αὑτοῦ
1363 2159 1460 2248 λόγου

236 2260 294 2350 τὴν
315 2261 512 2351 τελειότητα,
537 2261 592 2329 καὶ
613 2265 696 2328 ’τῶν
719 2259 806 2330 οὑτω
828 2261 1040 2350 φρονούντων
1061 2260 1120 2348 τὴν
1143 2256 1259 2348 εὐσεβῆ
1276 2260 1417 2329 σύνεσιν.

177 2362 208 2428 “,,
323 2366 370 2432 17.
414 2365 503 2434 λῖθε
531 2365 567 2432 δὲ
595 2363 650 2432 καὶ
672 2352 767 2430 οῦτοι
787 2357 847 2451 κᾷν
869 2363 905 2443 ἐξ
925 2351 971 2432 ὦν
995 2364 1127 2449 λέγουσι
1148 2365 1220 2442 νῦν,
1243 2361 1461 2450 ἐθελήσουσιν

237 2460 409 2550 ὁμολογεῖν
436 2465 494 2552 τὴν
524 2463 701 2550 ἀληθειαν·
732 2465 761 2532 εί
787 2464 848 2550 γὰρ
880 2461 1127 2544 άπαξόιόόασι
1148 2462 1310 2532 τὸνθεόν
1332 2469 1461 2553 προφέ-

238 2586 340 2647 ροντα
368 2563 501 2649 λόγους,
532 2565 645 2632 ἰ’σασιν
669 2560 755 2643 ὅλως
777 2560 876 2631 αὑτὸν
898 2571 1042 2651 πατέρα·
1070 2569 1169 2632 τοῦτο
1192 2565 1228 2632 ὑλ
1249 2565 1460 2650 γινώσκοντες

239 2670 478 2744 σκοπείτωσαν,
503 2661 556 2730 ότι
576 2665 621 2751 μὴ
643 2667 799 2743 θέλοντες
815 2666 878 2734 ’ἕνα
901 2665 1031 2734 όιόόναι
1043 2670 1101 2734 τοῦ
1116 2669 1200 2734 θεοῦ
1212 2665 1313 2752 λόγον
1325 2665 1458 2732 πολλῶν

239 2756 340 2829 αὑτὸν
362 2758 448 2831 εἶναι
468 2772 597 2852 πατέρα
620 2765 850 2854 φαντάζονται,
872 2767 987 2836 καὶτὸ
1008 2764 1177 2853 μλνόλως
1199 2763 1284 2836 εἶναι
1304 2769 1358 2834 τοῦ
1373 2768 1458 2833 θεοῦ

238 2862 336 2950 λόγον
364 2859 401 2932 οῦ
430 2868 590 2937 θέλουσιν
612 2863 807 2955 άρνεῖσθαι,
835 2867 875 2935 τό
898 2871 934 2936 δὲ
957 2864 1179 2938 εἶναι’τοῦτον
1201 2873 1259 2937 τοῦ
1281 2872 1366 2937 θεοῦ
1387 2867 1459 2935 υλὸν

239 2960 297 3049 οῦχ
324 2961 551 3055 ὁμολογοῦσιν.
597 2970 668 3040 ἔστι
699 2972 735 3040 δὲ
763 2973 861 3039 τοῦτο
890 2975 948 3059 τῆς
970 2966 1131 3059 ἀληθείας
1152 2965 1309 3057 άγνωσία·
1318 2969 1375 3037 καὶ
1394 2972 1460 3038 τῶν

237 3074 342 3136 θείων
371 3075 508 3161 γραφῶν
536 3067 681 3162 άπειρία.
727 3073 757 3142 εἰ
783 3071 845 3161 γάρ
876 3069 961 3154 ὅλως
984 3069 1002 3139 ὑ
1023 3072 1106 3152 θεός
1127 3072 1237 3161 πατήρ
1260 3071 1332 3140 ἐστι
1352 3071 1458 3158 λόγου,

236 3167 328 3238 όιατό
352 3172 397 3262 μὴ
426 3174 482 3242 καὶ
504 3170 522 3241 ὑ
547 3176 764 3263 θγευνιόμενος
786 3174 858 3255 υλός
880 3175 986 3256 όστινς
1020 3175 1092 3252 υἱός
1114 3174 1150 3240 δὲ
1171 3173 1275 3241 πάλιν
1295 3178 1354 3241 τοῦ
1376 3176 1459 3242 θεοῦ

235 3278 286 3352 τίς
313 3267 353 3340 όν
384 3276 449 3363 ε’ίη,
480 3271 542 3362 ἢὺ
566 3277 662 3360 λόγος
683 3274 803 3358 αὑτοῦ,1
834 3274 972 3361 καὶγὰρ
995 3270 1033 3341 οῦ
1056 3273 1179 3342 πολλοὶ
1200 3274 1307 3361 λόγοι,
1337 3275 1394 3342 λ’να
1414 3273 1457 3362 μὴ

237 3372 372 3450 ἕκαστος
395 3375 505 3462 όνόεὴς
527 3366 572 3460 “ᾗ,
597 3371 681 3442 άλλὰ
704 3373 752 3454 εἷς
774 3372 793 3442 ὑ
814 3374 920 3461 λόγος,
943 3377 999 3442 λ’να
1019 3378 1145 3456 τέλειος
1165 3376 1267 3461 μόνος
1281 3371 1390 3458 αὑτός,
1406 3375 1460 3444 καὶ

237 3467 290 3536 ότι
312 3472 385 3549 ἑνός
407 3469 501 3550 όντος
523 3478 581 3538 τοῦ
603 3479 687 3542 θεοῦ
709 3482 789 3560 μίαν
813 3474 879 3542 ἔδει
900 3475 956 3544 καὶ
976 3475 1034 3562 τὴν
1047 3477 1155 3545 εἰκόνα
1166 3473 1252 3546 εἶναι
1262 3474 1372 3558 αὑτοῦ,
1388 3474 1460 3564 ἥτις

238 3569 327 3638 ἐστὶν
350 3567 369 3638 ὁ
392 3570 471 3651 υἱός.
516 3572 654 3661 καὶγὰρ
677 3572 695 3641 ὑ
717 3580 776 3643 τοῦ
799 3579 881 3643 θεοῦ
904 3577 984 3665 υἱός,
1009 3573 1054 3656 ιὺς
1075 3578 1111 3659 ἐξ
1130 3574 1239 3646 αῦτιῦν
1260 3583 1327 3646 τῶν
1342 3576 1459 3666 λογίων

239 3671 311 3740 ἐστὶ
335 3677 478 3758 μαθεῖν,
508 3669 607 3756 αὑτός
635 3676 726 3746 εὀτιν
755 3674 772 3744 ό
800 3681 859 3744 τοῦ
887 3683 971 3747 θεοῦ
999 3678 1097 3765 λόγος
1118 3680 1173 3748 καὶ
1193 3676 1214 3770 ἡ
1237 3687 1342 3769 σοφία
1363 3676 1459 3766 καὶὴ
1486 3697 1490 3708 ’

238 3773 333 3843 εἰκὼν
354 3773 411 3842 καὶ
431 3772 450 3862 ἡ
472 3777 542 3864 χεὶρ
563 3777 619 3846 καὶ
640 3774 659 3865 ἡ
683 3778 835 3864 όῦναμις·
859 3783 892 3847 ἓν
913 3781 975 3868 γάρ
997 3781 1121 3850 ἔστιτὸ
1135 3784 1195 3848 τοῦ
1209 3786 1293 3850 θεοῦ
1308 3788 1457 3870 γέννημα,

308 4049 331 4110 1)
351 4049 417 4099 Ιοεο.
439 4051 478 4112 10,
498 4049 538 4101 30.
609 4049 634 4112 2)
654 4053 717 4102 loun.
740 4053 778 4114 14,
797 4053 820 4104 9.

271 4199 292 4232 ε.
313 4184 370 4250 fleg.
389 4174 541 4252 ὀνομάζων.
873 4182 933 4238 ἔστι
950 4181 1013 4238 δὲό
1049 4183 1169 4258 αροιιτηρ
1187 4187 1236 4238 τοῦ
1246 4183 1460 4268 βιβλίονγαῦνσς

270 4251 294 4300 b.
315 4253 389 4301 ῖίοίοε
408 4255 454 4302 λοῦ
480 4255 561 4318 operis
585 4255 694 4304 meminit
710 4255 823 4306 Socrates
874 4251 920 4304 καὶ
944 4252 1018 4305 διαλε
1035 4253 1146 4324 υμίνος,
1171 4257 1230 4310 τοῖς
1246 4251 1414 4310 Σωταόειοις
1430 4247 1460 4320 ά-

237 4318 423 4370 Εεεῖεείεειίεεε
442 4321 556 4371 historiae
576 4321 617 4370 lib.
636 4322 653 4370 Ι.
673 4337 724 4386 ευρ.
744 4323 768 4373 9.
788 4319 798 4388 [
818 4361 823 4374 .
875 4315 1305 4394 σμασιπαραπλνὶτισε·ῦπερταὶ
1317 4317 1385 4372 αὑτό
1397 4317 1459 4372 τότε

239 4384 281 4462 39.
295 4387 329 4463 ¹vd
358 4384 484 4452 nendum]
504 4391 541 4438 ίιίε
560 4390 654 4438 verbis:
680 4382 772 4438 ἱστίον
794 4339 824 4440 ὑὲ
876 4386 1028 4452 ἡσάνοόος
1051 4385 1220 4460 άπεκὴρυξεν.
1254 4393 1285 4442 {d
1304 4401 1354 4443 est:
1379 4393 1459 4443 Scien-

238 4464 283 4530 ρτι
300 4452 397 4532 Αρειος
412 4452 519 4537 βιβλὶην
536 4452 736 4525 συνίγραψεπε
757 4453 824 4519 hvic
876 4463 931 4511 dum
959 4469 993 4511 εει
1015 4463 1093 4512 Arium
1118 4463 1203 4513 ίίίνινιι
1234 4463 1262 4512 de
1286 4477 1329 4511 νοτ
1351 4462 1459 4524 opinione

236 4531 335 4569 εαυτοῦ
358 4518 450 4584 δόξης,
484 4539 499 4572 ο
528 4518 667 4592 ἐπέγραψε
695 4522 737 4576 Θ’
767 4541 820 4576 ιαν.
876 4531 1039 4593 composuisse,
1059 4545 1127 4594 ροευν
1145 4531 1248 4581 Thaliam
1265 4531 1398 4594 ίοτιιίρείί,
1417 4543 1459 4579 τιι-
