3214 5048
535 271 647 318 ammo
663 273 696 317 rr.
713 273 829 318 coarat
843 273 978 318 irrasos.
1301 261 1360 326 351

123 429 223 492 dixit:
255 429 324 494 Fiat
355 428 412 490 lan
440 431 470 486 et
499 434 699 506 cosprepater
723 443 802 508 ogas
824 431 854 486 et
873 427 1026 506 producat
1047 435 1135 489 terro
1158 435 1188 488 et
1208 430 1449 508 [ariomanita.

128 532 299 602 immun,
324 537 412 608 atque
434 533 468 588 ut
489 525 568 586 canit
588 523 694 587 beatus
716 525 822 588 David:
849 529 914 608 lpse
935 529 1012 590 dicit
1035 538 1063 590 et
1083 530 1169 608 foeta
1190 541 1273 600 aaut,
1296 533 1362 612 ipra

122 635 342 714 praecepitei
366 637 469 692 creata
491 637 573 690 reat.
617 625 697 688 Dixit
717 627 847 708 inquam,
871 647 930 690 uon
953 637 995 704 ut,
1018 629 1266 716 quemadmodum
1282 631 1361 711 apud

127 733 273 796 homines
295 729 360 792 ieri
383 727 470 801 solet,
494 728 792 808 tanquam.mioister
814 728 1065 808 aliquis‘audiret,
1089 751 1122 794 ao
1144 731 1193 794 adri
1209 733 1361 815 loquentis

126 833 290 897 didicisset
321 831 516 903 voluntatem,
548 828 586 890 ad
613 847 690 908 opus
722 830 923 908 peragendum
952 843 1135 910 properaret.
1185 835 1249 898 ileo
1280 835 1361 900 anim

127 953 236 996 rerum
265 939 430 994 creatarum
459 929 613 1012 proprium
642 937 705 1004 est,
734 930 814 1010 quud
843 930 880 992 de
908 929 1004 992 Verbo
1034 932 1163 1011 cogitare
1192 937 1237 998 sel
1259 936 1359 1000 dicere

127 1035 219 1096 valde
241 1031 373 1098 dedecet
419 1029 573 1112 Siquidem
589 1031 717 1094 Verbum
733 1031 785 1094 Dei
802 1033 900 1112 opiler
924 1040 971 1094 est
991 1040 1021 1094 et
1036 1031 1178 1108 efficiens,
1201 1036 1360 1119 ipsamque

128 1144 179 1198 est
208 1135 307 1198 Patris
335 1135 504 1198 consilium.
549 1133 625 1196 Hinc
652 1153 724 1198 sane
753 1134 853 1197 divina
882 1131 1034 1214 Scriptura
1062 1153 1123 1196 oon
1146 1136 1233 1211 dixit,
1263 1141 1361 1221 ipsum

127 1238 282 1300 audivisse
305 1247 392 1318 atque
415 1236 625 1318 respondisse,
656 1255 786 1316 quonam
807 1236 897 1298 moda
921 1237 965 1297 rel
988 1236 1090 1316 quales
1113 1235 1200 1298 vellet
1222 1257 1290 1300 esse
1311 1259 1361 1303 res
1475 1257 1484 1270 ’

126 1341 243 1414 iactam
272 1339 325 1402 sed
349 1337 421 1400 dixit
443 1346 557 1400 tantum
578 1337 659 1399 ileos
685 1337 766 1411 Fiat,
796 1325 962 1418 deindeque
989 1337 1143 1400 subditur:
1181 1338 1219 1404 m
1246 1341 1363 1420 [oeten

129 1451 180 1504 eat
202 1443 257 1504 ito.
303 1439 389 1514 Quod
412 1440 490 1502 euim
512 1439 594 1502 Deus
616 1439 680 1500 fleri
704 1439 813 1515 voluit,
843 1441 943 1503 statim
965 1439 1063 1501 Verbo
1086 1441 1194 1502 lactum
1217 1449 1247 1502 et
1269 1440 1361 1504 airam

128 1541 228 1604 lutum
256 1551 312 1604 est.
358 1541 483 1616 Quando
511 1549 608 1604 autem
631 1541 696 1602 aliis
720 1542 765 1606 rel
786 1543 905 1622 Angelis
934 1541 1077 1624 praeripit
1099 1551 1151 1604 aut
1172 1561 1239 1604 cum
1261 1543 1364 1623 iioyss

128 1641 337 1722 loquitur-aut
359 1643 505 1723 promittit
525 1643 703 1717 Abrahamo,
726 1652 796 1706 tuor
818 1643 868 1725 qui
891 1645 983 1718 audit,
1006 1643 1180 1724 respondet,
1204 1655 1293 1726 atque
1314 1643 1364 1708 hio

126 1745 252 1824 quidem
274 1745 330 1808 ait:
368 1745 450 1808 Unde
472 1749 551 1808 arira
569 1743 722 1826 parram?
750 1745 799 1808 ille
820 1765 910 1810 uero:
944 1747 1045 1809 Atriam
1066 1746 1157 1828 aloga,
1187 1757 1216 1808 et
1237 1765 1361 1809 rursus:

127 1845 167 1908 Si
187 1866 234 1910 me
256 1851 530 1929 interrogaverint,
560 1848 640 1930 qnod
669 1859 714 1910 est
735 1867 844 1912 aoruca
866 1845 955 1910 eaor?
986 1849 1058 1930 pald
1086 1850 1183 1912 dicam
1210 1847 1280 1911 eia?
1307 1837 1363 1912 ‘tn

128 1967 251 2027 quoque
277 1950 313 2011 ad
343 1949 512 2012 Zachariam
541 1947 685 2028 Angelus:
721 1949 803 2012 Haec
832 1951 903 2013 dicit
932 1947 1091 2013 dominos.
1135 1951 1172 2012 dt
1193 1950 1272 2012 idem
1294 1951 1360 2031 ipsa

127 2047 290 2110 Dominum
313 2050 351 2112 ita
374 2050 620 2131 interrogaverat:
653 2050 782 2115 Dominae
811 2055 1013 2132 omnipotens,
1041 2070 1282 2133 aageegaoaoa
1303 2055 1361 2115 mi-

128 2151 283 2214 sereberis
306 2150 499 2215 ierusalem?
521 2161 724 2232 expectatque,
747 2160 781 2213 ut
802 2151 900 2213 bonos
922 2162 953 2214 et
967 2151 1186 2214 consolatorios
1201 2169 1359 2212 sermones

128 2251 238 2315 audiat.
282 2253 327 2314 lili
356 2272 463 2332 nempe
492 2253 600 2332 singuli
623 2253 833 2316 intermedium
855 2253 1003 2314 habebant
1024 2253 1078 2314 Dei
1101 2251 1228 2312 Verbum
1250 2259 1282 2313 et
1303 2251 1360 2312 Sa·

127 2353 288 2440 pientiam,
310 2375 386 2433 quae
407 2355 505 2416 Patris
527 2354 706 2417 voluntatem
729 2353 904 2416 declarabat.
949 2353 1024 2416 Cum
1046 2361 1144 2414 autem
1167 2353 1266 2432 ipsuui
1287 2353 1361 2414 Ver-

126 2453 201 2516 bum
224 2455 283 2535 agit
305 2465 335 2517 et
357 2465 453 2530 creat,
482 2455 560 2519 nulla
588 2455 629 2518 ibi
652 2465 699 2518 est
720 2455 930 2536 iuterrogatio,
952 2455 1032 2518 uuila
1054 2455 1229 2535 responsio:
1257 2454 1287 2515 io
1311 2454 1362 2516 illo

43 2641 50 2648 ·
131 2559 210 2620 enim
234 2567 281 2619 est
304 2557 405 2632 Pater,
429 2566 459 2620 et
482 2559 608 2622 Verbum
631 2560 661 2622 in
680 2560 786 2633 Patre:
814 2559 868 2622 sed
892 2567 924 2620 ut
946 2577 1023 2639 opus
1046 2557 1113 2631 liat,
1136 2557 1266 2620 voluisse
1286 2556 1361 2634 satis

131 2668 193 2734 est:
216 2661 256 2722 ita
280 2669 312 2722 ut
332 2661 391 2723 hoo
412 2661 533 2725 verbum
557 2662 643 2725 illuit
665 2662 705 2725 sit
726 2662 822 2724 nostri
845 2661 938 2742 gratil
960 2661 1076 2724 divinae
1097 2659 1262 2722 volontatis
1281 2659 1361 2722 indi·

131 2763 225 2836 cium,
252 2763 301 2824 his
329 2772 427 2825 autem
458 2763 557 2826 verbis
585 2765 625 2826 m
652 2766 767 2844 [actam
795 2777 842 2827 ert
869 2769 913 2828 lta
935 2783 1010 2844 opus
1030 2781 1086 2843 per
1108 2763 1234 2826 Verbum
1257 2771 1288 2824 et
1309 2780 1361 2823 sa·

133 2861 271 2940 pientiam
294 2866 401 2926 iactum
424 2866 622 2944 significetur,
646 2884 702 2943 qua
724 2865 843 2943 quidem
866 2865 895 2925 io
919 2865 1064 2942 sapientia
1087 2871 1133 2924 est
1154 2864 1242 2926 etiam
1264 2863 1361 2926 Patris
1460 2931 1471 2951 1,

134 2961 278 3023 volumtas.
328 2963 429 3040 ltaque
463 2965 542 3023 istud
574 2964 661 3024 Diui:
689 2965 773 3025 Deua
805 2965 836 3024 io
865 2963 960 3023 Verbo
994 2963 1200 3040 cognoscitor3
1236 2981 1362 3041 namque

136 3067 250 3136 omaro,
279 3061 391 3141 iuquit,
419 3067 451 3124 ln
480 3049 637 3142 Sdpieaata'o
665 3065 781 3144 sectati,
811 3073 855 3124 et:
892 3061 984 3124 Verlo
1007 3062 1132 3124 Domini
1152 3063 1228 3124 coela*
1247 3063 1366 3140 firmati

137 3175 215 3236 auat,
239 3172 283 3226 ct:
311 3163 396 3226 Unus
416 3163 566 3228 Dominus
588 3163 676 3227 lerna
697 3163 845 3236 Clars'etas,
865 3180 925 3244 par
947 3181 1033 3244 mem
1056 3166 1156 3224 omnio
1179 3173 1207 3224 et
1230 3179 1364 3242 uesper
1457 3181 1460 3194 ·

136 3286 243 3348 ipsam.

217 3471 289 3536 32·
312 3469 356 3530 Ex
383 3469 491 3550 quibus
518 3467 711 3550 perspicuum
739 3477 819 3531 certe
848 3473 910 3544 est,
939 3467 1063 3529 Arianos
1091 3463 1148 3527 hae
1168 3485 1223 3528 soa
1244 3463 1361 3528 haeresi

137 3689 250 3740 Commrt.
287 3689 339 3740 ilar
358 3689 720 3752 Segoer.Gobier.etFelcim.
772 3697 877 3740 notator.
912 3679 1360 3754 Ceterieteditirirpantomimo.

104 3755 108 3761 '
140 3759 159 3808 i.
176 3751 330 3824 ἐντέλλεται.
773 3755 993 3820 nortegoomon
1011 3753 1077 3806 deod
1096 3749 1146 3816 τὴν
1162 3751 1360 3821 γνωρίζουσαι
1384 3809 1391 3822 ,

97 3890 102 3900 ,
169 3845 184 3892 l.
202 3833 482 3908 Seguerdyytiordl.
517 3843 578 3892 Editi
598 3851 622 3892 et
639 3836 721 3892 stttdl
772 3819 875 3906 Edidit
893 3827 933 3876 llll
951 3817 1140 3907 ¹l70¹¹¹1¹¹¹¹¹¹l
1349 3881 1358 3902 ,

137 3913 252 3960 ommuni,
804 3911 820 3943 ι.
846 3895 946 3955 Segoor.
971 3895 1026 3954 lleg.
1053 3891 1157 3940 lelclm.
1176 3891 1200 3940 t.
1221 3899 1242 3940 et
1261 3891 1284 3939 5.
1305 3883 1353 3938 ἄλλ

772 3951 856 4028 ἀρκεῖ.
891 3961 935 4010 Alii
954 3969 977 4009 et
996 3961 1052 4010 editi
1069 3953 1116 4006 aral
1133 3950 1217 4022 algari
1242 3959 1292 4007 lior
1304 3960 1360 4021 lt-g.

169 4017 189 4065 ⁸·
210 4005 264 4066 ΗΒΕ·
294 4005 383 4086 'inim'
410 4001 508 4082 ‘lma'
527 4001 635 4051 F‘mm'
654 4001 677 4052 ¹·
695 4003 719 4054 ⁴·
771 4031 862 4089 dagila.
874 4039 904 4076 at
923 4028 1061 4078 Feta-troo.
1081 4011 1360 4106 dryrdgcogtn.,lbi·

139 4069 719 4154 soloecismorumitaquetotomfzactur.
772 4097 826 4146 dom
852 4097 991 4158 semim
1014 4092 1055 4159 τῷ
1078 4087 1163 4144 dm,
1181 4107 1230 4142 m
1246 4088 1360 4158 wgo&

142 4139 162 4194 i.
181 4139 217 4190 tt.
254 4141 314 4191 hdrtr
339 4156 394 4190 vero
419 4149 441 4188 et
461 4141 501 4188 alo
519 4149 719 4204 παντοκρατορ.
773 4163 871 4214 Gom
897 4163 1003 4212 mem
1024 4164 1045 4212 1⁸
1064 4172 1088 4213 el
1104 4163 1128 4214 4·
1153 4155 1185 4212 ,ὁ
1209 4155 1294 4212 εἰπεῖν
1312 4154 1362 4209 τὸ,

141 4205 187 4256 llos
204 4209 258 4270 iteg.
278 4217 301 4259 et
319 4209 408 4271 dnglre.
428 4197 550 4268 lisinas.

172 4301 193 4348 h.
211 4303 310 4359 sooner.
329 4303 384 4363 mg.
397 4301 469 4350 Basil.
480 4301 514 4349 lo
532 4301 570 4350 lia.
582 4308 605 4349 et
616 4297 720 4350 deiciam.
773 4299 903 4350 Fatalemi
925 4299 981 4350 etl.
993 4294 1167 4365 semirutae
1193 4299 1243 4348 Alo
1262 4306 1285 4348 et
1303 4296 1360 4346 editi

140 4369 162 4418 l.
177 4359 294 4421 troarne.
330 4367 391 4419 Erilli
415 4378 438 4419 at
456 4369 495 4418 olo
513 4315 622 4417 lanma-
661 4367 720 4417 ibid.
772 4361 942 4436 σημαίνεται,

142 4435 233 4498 segona.
251 4447 275 4487 et
293 4437 432 4488 falciml.
450 4429 501 4484 τὸν
516 4431 640 4502 μεσίτην,
661 4442 722 4485 artat
806 4437 827 4484 l.
848 4425 1057 4486 Felcim.l.doi
1076 4427 1237 4485 struatur.
1269 4431 1361 4492 'Regios

142 4501 261 4564 legendum
285 4519 339 4555 csse
365 4505 389 4554 io
408 4519 516 4567 margine
533 4503 656 4567 taglimni
675 4517 720 4554 ma.
773 4493 827 4551 dno
846 4499 959 4552 τούτων.

771 4225 885 4297 πατέρα.
923 4232 982 4281 item
1002 4231 1058 4282 ilud.
1077 4235 1176 4292 segoer.
1196 4233 1251 4292 tog.
1263 4229 1366 4280 Gobier.
1409 4251 1413 4258 ·
