3174 5082
265 353 305 420 34
754 407 755 414 ,
777 369 948 414 raaerarro.

262 521 412 604 θεωρῶν)
434 521 471 582 ad
492 519 627 582 haeresin
651 519 873 583 attraherentur.
915 519 975 581 Nec
1002 529 1098 588 tauron
1128 517 1193 598 ipse
1222 533 1342 577 sensnm
1363 513 1471 574 verbo-

264 643 328 686 rum
352 641 435 684 more
459 621 595 700 Origenis
624 621 841 693 contemnebat,
873 620 924 682 sed
954 620 1116 682 accuratius
1145 617 1207 679 erui
1230 617 1345 678 volebat
1367 625 1396 676 et
1416 615 1471 676 de-

264 725 360 795 liniri,
393 741 480 804 quam
513 723 541 784 id
565 721 613 784 ab·
633 722 785 784 haereticis
813 723 905 783 lieret.
950 721 1000 782 Sic
1021 721 1050 781 in
1075 721 1153 782 Orat.
1176 719 1199 779 l.
1222 727 1323 779 contra
1345 717 1471 777 Arianos
1551 799 1552 806 ἵ

265 841 328 904 cap.
352 829 402 889 hd.
426 841 471 905 sq.
494 827 625 898 (nostrae
659 823 726 884 edit.
749 843 777 902 p.
800 825 870 888 258.
895 829 953 902 sq.)
987 823 1023 883 de
1054 821 1131 882 dicta
1155 837 1200 898 ep.
1224 819 1260 880 ad
1282 813 1372 879 llehr.
1395 817 1416 877 l.
1439 821 1470 880 4.

264 922 410 1010 τοσούτῳ
431 929 584 1009 κρείττων
605 920 774 1008 γενόμενος
794 924 859 987 τῶν
882 915 1023 1005 ἀγγέλων
1045 923 1195 983 disserens
1217 919 1258 980 ibi
1280 919 1318 992 id,
1339 918 1417 998 quod
1440 917 1470 978 in

265 1028 402 1090 omnibus
433 1027 496 1089 aliis
529 1027 690 1105 scripturae
722 1025 793 1087 locis
825 1045 911 1104 agere
947 1024 1116 1090 conveniat,
1156 1017 1369 1083 observandum
1402 1037 1471 1082 esse

264 1129 413 1210 praecipit,
436 1139 468 1189 ut
489 1125 642 1205 diligenter
663 1127 838 1199 attendatur,
861 1145 916 1206 qua
933 1125 1086 1186 occasione
1109 1125 1222 1185 locutus
1245 1121 1284 1184 sit
1305 1121 1470 1201 apostolus,

256 1213 339 1310 'uriae
359 1230 397 1292 sit
416 1245 563 1308 persona,
585 1246 659 1307 quae
681 1245 730 1289 res
753 1228 834 1288 culus
856 1227 947 1306 gratia
975 1225 1140 1304 scripserit,
1170 1243 1206 1285 ne
1228 1224 1292 1303 qrris
1315 1223 1360 1284 illa
1382 1221 1472 1300 igno-

261 1349 330 1392 rans
351 1339 401 1392 ant
422 1329 500 1391 aliud
529 1338 646 1408 praeter
674 1346 707 1390 ea
735 1328 899 1408 intelligens
922 1347 938 1388 a
960 1345 1026 1387 vera
1055 1325 1170 1386 aberret
1192 1325 1346 1386 sententia.
1388 1323 1467 1386 Tum

261 1433 317 1494 hac
334 1432 452 1494 ratione
473 1431 667 1502 demonstrat,
690 1445 724 1490 ex
747 1429 804 1491 illis
826 1427 923 1488 verbis
952 1447 1011 1488 rron
1034 1427 1133 1505 sequi,
1164 1426 1242 1504 quod
1264 1425 1363 1486 Ariani
1384 1419 1470 1507 πρὸ·

263 1553 366 1618 φασιν
388 1525 651 1614 προβαλλόμενοι
671 1527 713 1594 τὰ
733 1524 815 1614 ῥητά
836 1529 904 1591 inde
926 1527 1105 1608 colligerent.
1150 1527 1231 1588 Cani.
1249 1527 1289 1588 lle
1311 1527 1389 1588 decr.
1405 1545 1468 1606 syn.

262 1635 327 1696 Nic.
348 1653 374 1694 o.
400 1637 448 1696 ld.
477 1651 507 1713 p.
529 1635 581 1696 42.
624 1631 764 1693 Similiter
791 1629 847 1690 alio
875 1629 940 1690 loco
963 1629 1005 1690 lle
1032 1630 1110 1694 decr.
1140 1648 1203 1710 syn.
1233 1629 1294 1690 Nic.
1323 1645 1386 1708 cap.
1418 1632 1465 1694 to.

262 1753 293 1814 p.
317 1735 367 1798 36.
389 1743 505 1805 monet,
534 1751 572 1794 ne
593 1733 784 1810 interpretes,
806 1730 856 1792 uhi
879 1731 907 1792 in
937 1732 1079 1811 scriptura
1108 1731 1226 1792 eaedem
1249 1729 1392 1791 dictiones
1416 1731 1465 1791 deo

264 1839 295 1894 et
323 1831 491 1894 hominihus
518 1831 730 1906 attribuuntur,
761 1831 887 1894 humano
915 1833 1003 1894 modo
1023 1832 1201 1910 intelligant,
1229 1849 1304 1910 quae
1326 1831 1362 1892 ad
1384 1832 1462 1892 deum

265 1941 411 2016 spectant,
433 1951 488 1994 aec
515 1933 659 2008 vicissim,
693 1951 767 2013 qnae
788 1933 823 1994 ad
843 1933 978 1996 homines
1007 1925 1169 2013 pertinent,
1198 1941 1334 2011 unquam
1358 1932 1394 1993 de
1416 1931 1466 1992 deo

263 2035 339 2098 dieta
361 2034 517 2115 accipiant,
540 2035 592 2096 sed
614 2045 646 2097 ut
671 2053 726 2115 pro
757 2043 857 2096 natura
879 2053 978 2097 rerum
1007 2034 1231 2114 significatarum
1260 2049 1334 2112 quae
1364 2034 1469 2112 scripta

264 2146 333 2198 sunt
360 2135 527 2198 diiudicent.
577 2136 706 2216 Namque
733 2136 762 2198 ia
792 2155 827 2197 eo
856 2137 979 2198 maxime
1007 2155 1127 2217 peecare
1162 2133 1336 2196 videbantur
1362 2133 1471 2208 Ariani,

194 2219 197 2229 ’
263 2237 341 2317 quod
363 2229 585 2320 ἀνθρωπίνως
606 2235 642 2298 de
664 2237 720 2299 deo
742 2237 834 2308 dicta,
862 2237 941 2298 velut
961 2237 1021 2318 filii
1044 2242 1279 2318 persecutionem,
1310 2253 1367 2296 nan
1389 2238 1472 2298 oso·

225 2383 227 2390 ·
263 2337 400 2421 πρεπῶς
437 2339 631 2417 intelligerent
667 2358 761 2417 neque
799 2337 885 2400 alium
918 2339 1076 2418 generandi
1112 2338 1228 2398 rnodurn
1266 2325 1468 2416 agnoscerent,

264 2457 350 2519 quam
384 2441 433 2518 qui
466 2439 615 2500 decisione
646 2439 850 2519 prolluvioque
872 2443 904 2498 lit
936 2440 1130 2509 substantiae,
1161 2456 1251 2517 eaqrre
1273 2441 1303 2500 in
1325 2457 1357 2498 re
1379 2436 1469 2516 impie

264 2539 481 2602 cavillerentur:
515 2551 543 2600 et
564 2540 642 2618 quod
674 2557 748 2618 quae
775 2540 803 2600 in
836 2541 979 2619 scriptura
1008 2557 1089 2600 sacra
1122 2539 1157 2600 ad
1190 2539 1282 2601 solam
1314 2541 1470 2600 humanam

264 2641 371 2703 Christi
393 2646 525 2703 naturam
549 2639 729 2711 referuntur,
759 2639 871 2701 divinae
898 2641 1094 2721 impingerent
1122 2650 1154 2702 ut
1175 2661 1209 2702 cx
1230 2641 1376 2701 eiusmodi
1396 2640 1467 2702 loeis

263 2741 354 2806 filium
387 2747 471 2820 patre
504 2741 647 2802 minorem
676 2759 745 2802 esse
775 2742 881 2802 docere
910 2751 1043 2821 possent.
1088 2742 1260 2804 Athanasius
1289 2741 1378 2820 igitur
1408 2755 1464 2801 noa

264 2842 363 2904 minus
384 2858 469 2921 quam
492 2841 618 2904 Hilarius
645 2841 751 2922 aliique
779 2842 912 2904 catholici
940 2843 1141 2904 auctoritatem
1169 2844 1326 2924 scripturae
1353 2844 1465 2903 ratione
1551 2893 1552 2898 ,

264 2943 450 3024 grammatica
483 2941 640 3022 explicatae
672 2943 919 3024 comprobabant,
951 2961 1045 3024 neque
1072 2946 1108 3007 ab
1141 2945 1314 3007 adversariis
1345 2943 1380 3009 de
1407 2943 1466 3028 hoq

262 3045 408 3126 principio
432 3043 645 3126 discrepabant.
690 3046 788 3119 Quare
811 3048 906 3108 omnis
928 3047 1085 3126 disputatio
1100 3046 1214 3108 redibat
1236 3048 1271 3108 ad
1294 3046 1468 3126 scripturam

264 3155 293 3208 el
320 3147 406 3209 cardo
436 3147 652 3210 controversiae
679 3147 709 3208 in
738 3147 860 3226 singulis
890 3148 953 3210 eius
980 3148 1159 3210 testimoniis
1176 3147 1366 3222 sedebatur,
1397 3165 1470 3224 qrrae

263 3249 378 3328 utrique
399 3265 454 3328 pro
476 3265 529 3312 saa
551 3251 696 3312 sententia
710 3249 898 3325 proterebant
919 3257 948 3308 et
962 3249 1123 3310 rationibus
1146 3246 1366 3311 confirmabant.
1408 3247 1470 3308 lllis

264 3361 359 3411 autem
382 3350 412 3408 in
435 3348 596 3427 deligendis
619 3355 649 3407 et
669 3347 850 3424 exponendis
872 3347 970 3426 negari
993 3365 1052 3408 non
1074 3359 1173 3429 potest
1194 3351 1323 3429 neglecta
1344 3367 1412 3410 esse
1434 3347 1470 3408 ah

264 3457 388 3525 utraque
410 3461 502 3524 parre,
525 3463 600 3524 quae
622 3455 700 3505 recle
722 3445 938 3525 praecipiuntur
959 3465 974 3508 a
996 3447 1134 3511 Faustino
1155 3452 1327 3532 presbytero
1349 3449 1391 3512 lle
1414 3451 1466 3510 tri-

264 3547 355 3610 nitate
378 3565 404 3606 s.
428 3547 465 3606 de
486 3547 543 3606 lrde
564 3555 665 3606 contra
688 3545 810 3606 arianos
832 3562 894 3627 cap.
920 3554 947 3630 t.
977 3549 1173 3632 „Scripturae
1202 3554 1318 3614 diuinae
1346 3551 1383 3614 od
1415 3551 1469 3612 loo

265 3649 359 3712 editoe
381 3659 462 3718 arant,
486 3657 521 3708 at
543 3649 704 3710 secundnm
730 3645 852 3731 ilianum
880 3669 997 3713 sensum
1025 3663 1163 3715 nostram
1183 3654 1271 3734 fidem
1294 3653 1465 3733 dirigamus.

265 3767 326 3812 non
348 3761 382 3810 ur
404 3759 526 3810 orostrae
542 3765 646 3808 sensus
668 3747 791 3811 illoram
806 3757 902 3813 sacris
919 3755 1095 3817 dictionibus
1117 3757 1319 3816 a'nseromas.“
1361 3753 1398 3814 lla
1420 3755 1459 3816 ia-

264 3849 372 3912 lariore
394 3849 475 3908 loco:
499 3847 535 3910 ln
558 3849 665 3911 diuim'a
688 3851 806 3914 occidus
828 3871 890 3915 non
911 3871 1055 3917 numerus
1071 3858 1315 3925 testimoniorum,
1339 3855 1391 3916 aed
1412 3871 1466 3915 aaa·

266 3955 391 4014 otoriras
415 3950 594 4029 reprimenda
609 3961 660 4024 est,
683 3971 756 4033 puae
769 3939 875 4017 idoneo
897 3967 949 4026 est,
973 3961 1060 4019 etiam
1075 3961 1103 4017 si
1115 3975 1177 4017 ursa
1191 3975 1260 4018 uoce
1271 3957 1469 4036 proseratur.

265 4052 363 4114 Ariani
384 4051 519 4130 primum,
542 4051 609 4112 dein
631 4053 717 4116 etiam
739 4055 871 4116 catholici
893 4058 1072 4119 auctoritatis
1095 4075 1180 4118 causa
1204 4057 1368 4119 testimonia
1390 4055 1469 4118 scri-

263 4161 368 4236 pturae
396 4151 503 4230 partim
537 4153 601 4214 sine
632 4155 744 4218 deleam
766 4157 885 4218 collecta
917 4159 1138 4232 coacervabant,
1172 4159 1210 4220 ita
1239 4171 1271 4221 ut
1298 4163 1469 4238 argumenta

266 4271 422 4314 numerare
454 4253 551 4332 potius
584 4273 668 4334 quam
702 4259 863 4336 ponderare
896 4257 1078 4319 riderentur:
1111 4279 1204 4340 neque
1237 4261 1267 4322 in
1299 4257 1470 4338 explicanda

267 4355 410 4435 scriptura
433 4373 505 4427 eam,
528 4373 612 4435 quam
634 4357 691 4436 ipsi
713 4357 861 4418 observari
877 4357 1024 4430 iubebant,
1047 4361 1172 4438 regulam
1189 4380 1306 4443 semper
1321 4361 1472 4434 tenebant,

266 4455 319 4520 sed
346 4457 433 4520 rerba
461 4457 585 4518 subinde
613 4457 648 4517 ad
676 4475 758 4518 suam
792 4457 965 4519 sententiam
994 4461 1224 4540 curatorquehant
1250 4472 1336 4540 atque
1364 4461 1405 4523 ita
1434 4461 1473 4524 ad

267 4555 398 4640 logmata
434 4557 585 4639 probanda
617 4555 799 4620 adhibebant.
837 4557 1044 4633 ,htlrarrasium
1077 4579 1193 4642 quoque
1228 4565 1291 4626 eins
1319 4562 1380 4624 vitii
1408 4580 1473 4626 non
