3102 5042
508 192 653 236 errarem
668 193 689 236 1.
705 195 741 237 in
759 195 953 238 summoueri.
1269 186 1331 250 too

104 353 194 420 ‚‚est,
218 343 269 424 qui
290 341 355 404 lieri
376 350 478 422 potest
499 349 533 404 ut
553 343 737 422 unigenitum
760 343 799 406 sit
820 345 963 420 Verbum,
992 348 1038 408 rel
1060 357 1092 411 ut
1113 352 1247 429 aequales
1269 371 1417 416 nonnata.

103 449 211 521 ‚‚siut‚
235 445 290 507 sed
312 445 361 506 hio
382 455 453 523 post
472 445 600 518 Patrem,
622 446 671 516 ille
694 456 764 525 post
784 446 890 509 Filium
912 449 1105 512 nominetur?
1149 452 1181 513 Si
1202 453 1273 515 item
1295 474 1331 518 ex

106 550 221 622 „Patre
244 555 306 620 est,
336 565 390 608 our
416 563 477 608 non
501 547 616 627 etipse
638 549 755 627 genitus
777 559 828 610 aut
855 550 934 612 lilius
963 569 1047 624 esse,
1077 553 1131 614 sed
1158 553 1331 634 simpliciter

103 649 261 730 „Spiritus
283 657 404 710 sanctus
426 647 556 712 dicitur?
598 649 732 730 lienique
754 651 780 738 si
803 651 855 712 lilii
877 652 991 714 dicatur
1006 672 1073 716 esse
1087 653 1221 734 spiritus,
1242 655 1332 718 Pater

106 773 206 834 „ergo
230 771 299 816 avus
323 761 370 814 est
391 751 520 830 Spiritus
542 751 669 813 sancti.“
713 751 793 814 llaec
814 753 977 832 turpissimi
1006 755 1141 818 homines
1170 755 1330 818 cavillando

104 855 253 928 effutiunt,
275 853 325 933 qui
348 851 496 914 curiosius
517 852 665 932 protunda
678 852 732 914 uei
748 853 874 916 scrutari
895 863 1048 929 conantur,
1071 875 1147 936 quae
1168 875 1256 920 nemo
1272 875 1418 922 no-raor.

103 956 148 1016 vit
169 955 229 1018 nisi
250 954 377 1036 Spiritus
399 954 462 1028 Dei,
486 954 523 1015 de
545 973 604 1034 quo
627 953 669 1016 illi
692 963 751 1016 tam
771 954 862 1034 impie
883 955 1024 1030 sentiunt,
1047 957 1154 1036 quihus
1177 958 1251 1020 nihil
1265 977 1330 1020 am-

103 1057 184 1138 plius
207 1056 390 1135 respondere
412 1073 537 1134 aequum
560 1074 632 1118 saue
654 1065 751 1130 esset,
782 1056 834 1118 sed
864 1057 1026 1120 secuudum
1047 1057 1183 1139 Apostoli
1205 1078 1330 1140 praece-

103 1165 189 1238 ptum
210 1167 282 1238 post
302 1157 484 1238 praedictam
505 1157 739 1220 admonitionem
762 1167 900 1237 tanquam
921 1158 1061 1222 haeretiei
1078 1160 1188 1224 vitandi
1211 1169 1330 1237 esseut3

103 1259 151 1320 rel
173 1266 253 1320 certe
274 1266 308 1320 ut
329 1277 385 1319 nos
407 1257 606 1337 interrogant,
635 1259 680 1320 sic
707 1278 758 1322 eos
781 1277 797 1320 a
820 1259 906 1322 nobis
928 1261 1105 1342 interrogari
1129 1280 1238 1342 operae
1258 1280 1330 1342 pre·

104 1361 179 1422 tium
201 1359 300 1433 luerit,
323 1359 459 1438 idemque
481 1378 538 1422 nos
560 1360 597 1424 ab
619 1359 677 1422 illis
699 1379 879 1441 responsum
895 1363 1067 1441 efflagitare,
1089 1364 1169 1443 quod
1183 1363 1224 1426 illi
1239 1381 1257 1426 a
1270 1381 1329 1426 no-

105 1461 153 1523 bis
177 1463 305 1540 exigunt.
349 1461 561 1540 Respondeant
582 1461 687 1540 igitur,
715 1469 815 1524 utrum
837 1463 925 1525 Pater
954 1483 989 1525 ex
1010 1472 1093 1544 patre
1115 1466 1170 1538 sit,
1200 1472 1230 1526 et
1257 1480 1330 1526 num

103 1561 180 1624 alius
202 1581 268 1624 cum
290 1562 339 1624 illo
362 1561 478 1641 genitus
499 1561 603 1637 luerit,
628 1563 745 1644 sintque
768 1582 804 1625 er
826 1583 885 1626 nno
908 1566 1032 1640 tratres,
1056 1567 1198 1647 qualeque
1219 1582 1330 1628 nomeu

101 1661 163 1724 illis
185 1663 240 1739 sit;
269 1663 334 1743 quis
364 1664 435 1725 item
463 1682 567 1724 eorum
589 1664 677 1725 Pater
705 1672 734 1726 et
760 1683 849 1738 avus,
882 1665 932 1744 qni
959 1667 1072 1746 proavi.
1114 1666 1204 1746 Atqui
1230 1665 1330 1728 nullos

102 1784 173 1827 esse
195 1765 428 1845 respondebunt.
474 1763 572 1838 Quare
601 1784 673 1846 ergo
694 1765 782 1828 Pater
809 1767 845 1828 ab
874 1767 931 1828 illis
955 1753 1076 1841 dicitur,
1106 1767 1156 1846 qui
1187 1766 1266 1828 idem
1294 1784 1331 1832 ex

101 1875 187 1946 patre
209 1885 270 1928 uon
292 1867 332 1929 sit
354 1864 461 1928 ortus?
497 1865 548 1928 Vel
570 1871 619 1946 qul
634 1867 726 1928 tilium
748 1866 858 1930 hahere
879 1869 986 1950 potuit,
1009 1869 1059 1948 qui
1074 1869 1139 1948 ipse
1153 1867 1237 1948 prius
1251 1867 1329 1930 filius

102 1987 165 2030 nou
188 1968 242 2032 luit
263 1967 406 2049 genitus?
449 1969 593 2048 Equidem
622 1987 683 2030 non
705 1987 753 2030 me
775 1969 863 2048 sugit,
892 1971 949 2032 ista
975 1970 1127 2049 inquirere
1154 1971 1238 2032 nelos
1261 1985 1329 2030 om-

101 2071 176 2132 niuo
199 2089 276 2133 esse.
321 2071 428 2132 Verum
450 2070 527 2133 haud
551 2071 586 2131 ab
609 2090 642 2131 re
665 2071 754 2133 luerit
775 2071 814 2132 ita
836 2071 1027 2132 illudentibus
1042 2070 1174 2132 vicissim
1194 2067 1328 2142 illudere,

102 2181 136 2234 ut
158 2171 263 2234 saltem
285 2191 319 2233 er
341 2173 514 2234 huiusmodi
536 2171 662 2233 absurda
690 2178 720 2232 et
741 2172 830 2251 impia
852 2171 1084 2249 interrogatione
1105 2169 1259 2250 propriam
1279 2167 1329 2229 in-

101 2274 274 2354 sipientiam
303 2275 454 2353 percipere
477 2272 599 2336 valeant.
643 2272 704 2334 Neo
732 2273 810 2334 enim
839 2270 887 2333 illa
915 2269 973 2332 ullo
1002 2270 1092 2330 modo
1121 2275 1207 2343 sunt3
1235 2266 1331 2344 absit3

102 2393 204 2454 neque
227 2375 301 2434 haec
321 2375 357 2436 de
379 2375 528 2438 divinitate
551 2374 695 2436 sciscitari
717 2372 809 2434 decet.
854 2370 1006 2450 Siquidem
1031 2388 1092 2432 non
1116 2378 1164 2432 est
1183 2369 1263 2430 Deus
1285 2368 1329 2432 si·
1432 2397 1434 2402 ¹

100 2475 184 2536 milis
208 2473 370 2548 hominum,
392 2485 426 2538 ut
446 2477 505 2538 ista
526 2476 655 2536 humana
676 2475 713 2536 de
735 2474 784 2535 illo
807 2473 991 2555 percunctari
1014 2473 1084 2562 quis
1104 2471 1219 2534 audeat.

191 2679 239 2741 16.
283 2677 395 2756 ltaque,
418 2685 451 2738 nt
472 2677 529 2738 iam
552 2676 664 2749 monui,
688 2675 837 2738 silentium
859 2677 890 2737 in
905 2675 953 2736 his
969 2675 1193 2754 quaestionibus
1209 2691 1330 2736 serrare

99 2789 131 2840 ct
153 2778 324 2840 huiusmodi
346 2780 464 2864 illorum
486 2779 617 2857 argutias¹
638 2776 823 2839 dissimulare
845 2777 938 2839 satius
961 2783 1041 2838 certe
1062 2776 1158 2838 luerit.
1198 2776 1329 2838 -Verum-
1359 2845 1361 2853 A

101 2889 203 2940 tameu
232 2898 269 2941 ne
298 2889 434 2942 nostrum
464 2881 615 2942 silentium
643 2878 765 2940 maioris
792 2877 867 2956 ipsis
894 2879 945 2939 liat
973 2877 1173 2958 impudentiae
1202 2875 1329 2947 occasio,

101 2982 179 3042 liaeo
206 2981 263 3042 illis
284 2999 432 3061 reponere
455 3001 516 3042 nou
538 2980 692 3060 gravabor.
737 2979 849 3057 Nempe
877 2976 1125 3057 quemadmodum
1150 2975 1247 3036 Patris
1273 2993 1329 3053 pa-

103 3093 182 3144 trem
204 3083 302 3144 dicere
324 3101 385 3144 non
407 3101 582 3162 possumus⁹
604 3083 645 3144 ita
666 3099 723 3142 nec
742 3080 808 3140 Filii
829 3080 960 3141 tratrem.
1004 3078 1136 3155 Namque
1157 3073 1275 3147 Patrio,
1298 3079 1331 3136 ut

100 3193 191 3246 autea
213 3185 324 3246 dietum
347 3194 406 3257 est,
437 3185 510 3246 alius
534 3185 606 3246 deus
630 3183 728 3245 nullus
751 3181 820 3255 luit,
849 3197 904 3240 nec
932 3179 1008 3241 ullus
1031 3177 1167 3240 similiter
1189 3175 1263 3237 alius
1286 3182 1332 3238 est

100 3286 194 3358 lilius,
218 3285 389 3365 unigenitus
414 3286 492 3346 enim
515 3293 571 3347 est.
615 3283 745 3346 Proinde
768 3292 798 3344 et
819 3280 902 3343 solus
924 3289 955 3342 et
976 3299 1054 3342 unos
1076 3280 1164 3341 Pater
1187 3276 1280 3342 solius
1302 3284 1332 3339 et

101 3387 194 3448 unius
216 3385 282 3448 Filii
305 3395 352 3448 est
372 3394 473 3464 pater,
502 3395 589 3464 atque
618 3385 692 3447 adeo
722 3385 753 3446 in
782 3383 846 3446 sola
873 3382 1023 3446 divinitate
1045 3399 1164 3461 semper
1186 3387 1216 3442 et
1237 3387 1282 3442 est
1303 3389 1332 3441 et
1442 3417 1446 3426 ·

99 3490 157 3550 luit
181 3496 266 3568 pater
288 3505 322 3548 ac
342 3487 431 3548 fitius.
475 3487 549 3548 Nam
571 3485 689 3548 tametsi
710 3485 786 3547 inter
807 3484 943 3546 homines
973 3493 1058 3564 pater
1085 3483 1190 3563 aliquis
1214 3482 1331 3554 dicitnr,
1362 3525 1365 3530 .

99 3599 203 3652 tamen
225 3588 304 3650 idem
327 3587 448 3650 alterius
470 3587 549 3650 lilius
579 3589 643 3650 luit.
689 3586 827 3650 Tametsi
849 3585 984 3648 similiter
1011 3586 1088 3648 filius
1118 3587 1185 3666 quis
1215 3583 1330 3657 dicitur,

96 3743 174 3792 verbo
194 3734 261 3789 ἐστι’.
300 3741 389 3790 ibidem
409 3735 586 3790 Ouolountioi
607 3731 693 3789 sinii-
743 3730 830 3804 μόνης
847 3731 1050 3797 aristedemes.
1079 3739 1193 3789 Ceteriet
1211 3737 1268 3786 editi
1286 3743 1331 3785 art.

93 3807 144 3864 λος
162 3801 194 3863 ἐξ
211 3801 303 3864 αὐτοῦ,
323 3803 370 3855 καί
387 3801 464 3856 εἰσιν.
745 3799 759 3852 d
778 3814 801 3856 et
818 3804 866 3864 ade
883 3807 1003 3856 abiiciunt.
1039 3806 1091 3856 lior
1108 3804 1199 3867 duplic.
1222 3795 1333 3863 ἕστηκεν

132 3893 153 3926 e.
176 3877 234 3938 uoq.
256 3877 277 3926 l.
306 3878 444 3938 Sequerion.
463 3875 536 3925 Besil.
562 3883 585 3924 et
603 3875 692 3936 Anglic.
744 3865 787 3922 ciri
809 3867 855 3920 καὶ
878 3865 955 3920 ἔστιν
978 3863 1028 3922 oiri.
1066 3886 1107 3926 τις
1130 3887 1198 3938 sequ.
1224 3873 1293 3924 abest
1318 3885 1332 3920 e

96 3938 212 3996 τούτοις
235 3954 257 3993 et
284 3959 338 3994 mox
362 3935 468 3993 τούτου.
512 3942 574 3992 Editi
605 3942 692 3992 etalii
743 3942 800 4002 Req.
822 3941 842 3989 l·
862 3943 1002 4002 etSeqoer.

96 4005 197 4064 αὐτοῖς
215 4020 237 4060 et
254 4004 369 4059 τούτων.
778 4009 802 4057 h.
822 4009 879 4070 lleg.
892 4009 912 4057 l.
932 4017 955 4058 ot
968 4011 1068 4070 Sequor.
1086 4003 1191 4074 γέγονε.
1228 4007 1291 4060 Editi
1309 4011 1333 4054 et

133 4083 151 4128 l.
172 4080 266 4140 treet.
286 4090 309 4130 et
327 4072 612 4144 Sequemyevvoiperor.
640 4077 693 4126 llox
745 4076 786 4126 alii
804 4070 918 4138 λέγεται.
958 4077 1025 4134 Quae
1049 4085 1185 4140 sequuntur
1203 4068 1331 4138 o‘q'sreetc.

97 4149 174 4195 iidem
194 4155 218 4195 et
235 4147 306 4196 Basil.
319 4149 409 4206 drrglre.
421 4147 534 4198 Ottohon.
545 4138 689 4212 πρότερον.
744 4143 773 4196 ad
792 4135 852 4192 niori
871 4136 974 4209 ὄνομα,
995 4145 1082 4196 desunt
1098 4145 1122 4194 iu
1142 4143 1256 4193 ottobon.
1275 4141 1332 4198 liae.

96 4216 145 4262 Alii
165 4219 190 4262 et
207 4215 263 4264 editi
281 4207 423 4279 πρότερος.
451 4213 692 4278 Paulopoetlicg.l.
744 4210 767 4260 2.
787 4219 811 4260 et
829 4213 931 4262 Felclm.
943 4211 967 4260 2.
1003 4211 1172 4273 ibidliepl.
1191 4209 1332 4280 crsmqer.

96 4291 122 4329 et
140 4283 244 4340 Sequor.
262 4281 377 4330 τοιαῦτα
403 4283 506 4342 halent,
531 4285 570 4332 alii
596 4291 619 4331 et
635 4280 692 4330 editi
744 4279 833 4327 liabent
850 4271 909 4327 υἱοῦ
928 4270 1024 4343 ὄνομα.
1062 4279 1124 4327 Editi
1143 4285 1166 4326 et
1184 4277 1268 4348 eliixq
1288 4281 1332 4318 tw

98 4347 232 4397 τοσαῦτα.
709 4360 712 4365 ·
744 4337 840 4411 ὄνομα.
877 4347 927 4396 llos
945 4346 1034 4396 ibidem
1051 4345 1141 4406 Anglic.
1158 4340 1207 4389 τοῦ
1226 4285 1284 4403 Oc}

135 4431 158 4478 q.
178 4417 218 4467 Sic
235 4417 291 4480 fleg.
307 4418 328 4468 l.
348 4426 371 4469 et
388 4419 487 4481 Segoer.
506 4426 529 4468 et
545 4417 618 4482 paulo
637 4423 693 4480 post
744 4415 812 4467 Gobl.
827 4422 851 4466 et
862 4415 967 4468 Falolm.
978 4413 999 4464 l.
1010 4421 1034 4464 et
1051 4412 1137 4474 depr.
1156 4331 1334 4488 rodNngoigi
