<?xml version="1.0" encoding="UTF-8"?>
<!DOCTYPE html PUBLIC "-//W3C//DTD XHTML 1.0 Transitional//EN"
    "http://www.w3.org/TR/xhtml1/DTD/xhtml1-transitional.dtd">
<html xmlns="http://www.w3.org/1999/xhtml" xml:lang="en" lang="en">
 <head>
  <title>
</title>
<meta http-equiv="Content-Type" content="text/html;charset=utf-8" />
  <meta name='ocr-system' content='tesseract 3.04.00' />
  <meta name='ocr-capabilities' content='ocr_page ocr_carea ocr_par ocr_line ocrx_word'/>
</head>
<body>
  <div class='ocr_page' id='page_1' title='image "./sanctiathanasii03athagoog_0337.png"; bbox 0 0 3216 5048; ppageno 0'>
   <div class='ocr_carea' id='block_1_1' title="bbox 533 306 1357 376">
    <p class='ocr_par' dir='ltr' id='par_1_1' title="bbox 533 306 1357 376">
     <span class='ocr_line' id='line_1_1' title="bbox 533 306 1357 376; baseline 0.007 -13"><span class='ocrx_word' id='word_1_1' title='bbox 533 317 693 364; x_wconf 72' lang='lat' dir='ltr'><strong>umori.</strong></span> <span class='ocrx_word' id='word_1_2' title='bbox 708 319 975 368; x_wconf 69' lang='lat' dir='ltr'><strong>murnentanus.</strong></span> <span class='ocrx_word' id='word_1_3' title='bbox 1287 306 1357 376; x_wconf 73' lang='lat'><strong>:289</strong></span> 
     </span>
    </p>
   </div>
   <div class='ocr_carea' id='block_1_2' title="bbox 104 469 1441 2982">
    <p class='ocr_par' dir='ltr' id='par_1_2' title="bbox 104 469 1441 2982">
     <span class='ocr_line' id='line_1_2' title="bbox 125 469 1441 558; baseline -0.003 -18"><span class='ocrx_word' id='word_1_4' title='bbox 125 479 298 558; x_wconf 86' lang='lat' dir='ltr'><strong>disputent,</strong></span> <span class='ocrx_word' id='word_1_5' title='bbox 320 473 348 540; x_wconf 82' lang='lat' dir='ltr'><strong>ti</strong></span> <span class='ocrx_word' id='word_1_6' title='bbox 371 471 472 535; x_wconf 86' lang='lat' dir='ltr'><strong>Sanoti</strong></span> <span class='ocrx_word' id='word_1_7' title='bbox 495 469 532 531; x_wconf 92' lang='lat' dir='ltr'><strong>de</strong></span> <span class='ocrx_word' id='word_1_8' title='bbox 553 469 652 532; x_wconf 81' lang='lat' dir='ltr'><strong>Verbo</strong></span> <span class='ocrx_word' id='word_1_9' title='bbox 673 470 739 550; x_wconf 85' lang='lat' dir='ltr'><strong>ipso</strong></span> <span class='ocrx_word' id='word_1_10' title='bbox 762 469 919 550; x_wconf 71' lang='lat' dir='ltr'><strong>mouentes</strong></span> <span class='ocrx_word' id='word_1_11' title='bbox 941 471 1008 536; x_wconf 85' lang='lat' dir='ltr'><strong>loeo</strong></span> <span class='ocrx_word' id='word_1_12' title='bbox 1030 477 1084 556; x_wconf 79' lang='lat' dir='ltr'><strong>qni</strong></span> <span class='ocrx_word' id='word_1_13' title='bbox 1102 476 1208 555; x_wconf 72' lang='lat' dir='ltr'><strong>nonsit</strong></span> <span class='ocrx_word' id='word_1_14' title='bbox 1229 471 1441 540; x_wconf 74' lang='lat' dir='ltr'><strong>direriutonu.</strong></span> 
     </span>
     <span class='ocr_line' id='line_1_3' title="bbox 124 570 1358 664; baseline -0.006 -21"><span class='ocrx_word' id='word_1_15' title='bbox 124 584 179 664; x_wconf 74' lang='lat' dir='ltr'><strong>qui</strong></span> <span class='ocrx_word' id='word_1_16' title='bbox 197 581 281 660; x_wconf 65' lang='lat' dir='ltr'><strong>feeit.</strong></span> <span class='ocrx_word' id='word_1_17' title='bbox 325 574 414 638; x_wconf 84' lang='lat' dir='ltr'><strong>liudo</strong></span> <span class='ocrx_word' id='word_1_18' title='bbox 437 571 517 634; x_wconf 78' lang='lat' dir='ltr'><strong>emus</strong></span> <span class='ocrx_word' id='word_1_19' title='bbox 539 570 576 632; x_wconf 93' lang='lat' dir='ltr'><strong>de</strong></span> <span class='ocrx_word' id='word_1_20' title='bbox 598 589 652 644; x_wconf 89' lang='lat' dir='ltr'><strong>eo,</strong></span> <span class='ocrx_word' id='word_1_21' title='bbox 674 571 754 649; x_wconf 80' lang='lat' dir='ltr'><strong>qood</strong></span> <span class='ocrx_word' id='word_1_22' title='bbox 777 589 813 633; x_wconf 84' lang='lat' dir='ltr'><strong>ex</strong></span> <span class='ocrx_word' id='word_1_23' title='bbox 834 581 937 634; x_wconf 86' lang='lat' dir='ltr'><strong>natura</strong></span> <span class='ocrx_word' id='word_1_24' title='bbox 960 584 1020 647; x_wconf 87' lang='lat' dir='ltr'><strong>est,</strong></span> <span class='ocrx_word' id='word_1_25' title='bbox 1043 574 1251 649; x_wconf 74' lang='lat' dir='ltr'><strong>consentiant,</strong></span> <span class='ocrx_word' id='word_1_26' title='bbox 1273 575 1358 655; x_wconf 71' lang='lat' dir='ltr'><strong>porri</strong></span> 
     </span>
     <span class='ocr_line' id='line_1_4' title="bbox 124 671 1357 752; baseline -0.003 -10"><span class='ocrx_word' id='word_1_27' title='bbox 124 681 250 744; x_wconf 89' lang='lat' dir='ltr'><strong>omnino</strong></span> <span class='ocrx_word' id='word_1_28' title='bbox 270 679 376 748; x_wconf 77' lang='lat' dir='ltr'><strong>refert,</strong></span> <span class='ocrx_word' id='word_1_29' title='bbox 399 691 457 752; x_wconf 88' lang='lat' dir='ltr'><strong>qua</strong></span> <span class='ocrx_word' id='word_1_30' title='bbox 478 689 552 732; x_wconf 81' lang='lat' dir='ltr'><strong>sone</strong></span> <span class='ocrx_word' id='word_1_31' title='bbox 573 671 629 732; x_wconf 86' lang='lat' dir='ltr'><strong>hae</strong></span> <span class='ocrx_word' id='word_1_32' title='bbox 649 671 682 732; x_wconf 89' lang='lat' dir='ltr'><strong>in</strong></span> <span class='ocrx_word' id='word_1_33' title='bbox 703 689 736 732; x_wconf 89' lang='lat' dir='ltr'><strong>re</strong></span> <span class='ocrx_word' id='word_1_34' title='bbox 757 680 887 734; x_wconf 85' lang='lat' dir='ltr'><strong>utantur.</strong></span> <span class='ocrx_word' id='word_1_35' title='bbox 931 673 992 736; x_wconf 87' lang='lat' dir='ltr'><strong>Neo</strong></span> <span class='ocrx_word' id='word_1_36' title='bbox 1008 675 1085 738; x_wconf 85' lang='lat' dir='ltr'><strong>enias</strong></span> <span class='ocrx_word' id='word_1_37' title='bbox 1108 695 1197 738; x_wconf 79' lang='lat' dir='ltr'><strong>voees</strong></span> <span class='ocrx_word' id='word_1_38' title='bbox 1220 687 1357 743; x_wconf 74' lang='lat' dir='ltr'><strong>natura·</strong></span> 
     </span>
     <span class='ocr_line' id='line_1_5' title="bbox 124 772 1355 862; baseline 0 -22"><span class='ocrx_word' id='word_1_39' title='bbox 124 781 287 862; x_wconf 80' lang='lat' dir='ltr'><strong>perimimt,</strong></span> <span class='ocrx_word' id='word_1_40' title='bbox 310 774 365 838; x_wconf 85' lang='lat' dir='ltr'><strong>sed</strong></span> <span class='ocrx_word' id='word_1_41' title='bbox 386 773 486 851; x_wconf 84' lang='lat' dir='ltr'><strong>potius</strong></span> <span class='ocrx_word' id='word_1_42' title='bbox 508 772 574 852; x_wconf 84' lang='lat' dir='ltr'><strong>ipsa</strong></span> <span class='ocrx_word' id='word_1_43' title='bbox 595 779 700 834; x_wconf 68' lang='lat' dir='ltr'><strong>nuens</strong></span> <span class='ocrx_word' id='word_1_44' title='bbox 723 789 810 834; x_wconf 84' lang='lat' dir='ltr'><strong>voees</strong></span> <span class='ocrx_word' id='word_1_45' title='bbox 832 773 869 834; x_wconf 90' lang='lat' dir='ltr'><strong>ad</strong></span> <span class='ocrx_word' id='word_1_46' title='bbox 891 792 924 834; x_wconf 85' lang='lat' dir='ltr'><strong>se</strong></span> <span class='ocrx_word' id='word_1_47' title='bbox 939 779 1142 840; x_wconf 87' lang='lat' dir='ltr'><strong>aoeommodut</strong></span> <span class='ocrx_word' id='word_1_48' title='bbox 1155 786 1187 840; x_wconf 90' lang='lat' dir='ltr'><strong>et</strong></span> <span class='ocrx_word' id='word_1_49' title='bbox 1200 777 1355 842; x_wconf 71' lang='lat' dir='ltr'><strong>eontulit</strong></span> 
     </span>
     <span class='ocr_line' id='line_1_6' title="bbox 124 871 1355 954; baseline -0.003 -9"><span class='ocrx_word' id='word_1_50' title='bbox 124 881 201 944; x_wconf 87' lang='lat' dir='ltr'><strong>Nam</strong></span> <span class='ocrx_word' id='word_1_51' title='bbox 221 896 285 940; x_wconf 83' lang='lat' dir='ltr'><strong>uon</strong></span> <span class='ocrx_word' id='word_1_52' title='bbox 307 893 397 936; x_wconf 74' lang='lat' dir='ltr'><strong>voees</strong></span> <span class='ocrx_word' id='word_1_53' title='bbox 419 873 534 934; x_wconf 87' lang='lat' dir='ltr'><strong>naturis</strong></span> <span class='ocrx_word' id='word_1_54' title='bbox 556 880 627 936; x_wconf 84' lang='lat' dir='ltr'><strong>suut</strong></span> <span class='ocrx_word' id='word_1_55' title='bbox 648 871 777 952; x_wconf 79' lang='lat' dir='ltr'><strong>priores,</strong></span> <span class='ocrx_word' id='word_1_56' title='bbox 799 873 853 934; x_wconf 86' lang='lat' dir='ltr'><strong>sed</strong></span> <span class='ocrx_word' id='word_1_57' title='bbox 874 881 995 936; x_wconf 87' lang='lat' dir='ltr'><strong>naturae</strong></span> <span class='ocrx_word' id='word_1_58' title='bbox 1018 877 1134 954; x_wconf 79' lang='lat' dir='ltr'>priores</span> <span class='ocrx_word' id='word_1_59' title='bbox 1157 889 1228 942; x_wconf 87' lang='lat' dir='ltr'><strong>sunt</strong></span> <span class='ocrx_word' id='word_1_60' title='bbox 1249 889 1279 946; x_wconf 88' lang='lat' dir='ltr'><strong>et</strong></span> <span class='ocrx_word' id='word_1_61' title='bbox 1292 897 1355 942; x_wconf 76' lang='lat' dir='ltr'><strong>nu-</strong></span> 
     </span>
     <span class='ocr_line' id='line_1_7' title="bbox 128 973 1356 1056; baseline 0.003 -14"><span class='ocrx_word' id='word_1_62' title='bbox 128 1000 181 1042; x_wconf 87' lang='lat' dir='ltr'><strong>ees</strong></span> <span class='ocrx_word' id='word_1_63' title='bbox 201 977 316 1040; x_wconf 77' lang='lat' dir='ltr'><strong>monis</strong></span> <span class='ocrx_word' id='word_1_64' title='bbox 338 975 533 1056; x_wconf 78' lang='lat' dir='ltr'><strong>posteriores.</strong></span> <span class='ocrx_word' id='word_1_65' title='bbox 577 973 660 1036; x_wconf 90' lang='lat' dir='ltr'><strong>Unde</strong></span> <span class='ocrx_word' id='word_1_66' title='bbox 682 974 801 1052; x_wconf 88' lang='lat' dir='ltr'><strong>quando</strong></span> <span class='ocrx_word' id='word_1_67' title='bbox 824 981 947 1036; x_wconf 85' lang='lat' dir='ltr'><strong>naturae</strong></span> <span class='ocrx_word' id='word_1_68' title='bbox 969 977 1061 1036; x_wconf 87' lang='lat' dir='ltr'><strong>laetae</strong></span> <span class='ocrx_word' id='word_1_69' title='bbox 1081 986 1152 1039; x_wconf 90' lang='lat' dir='ltr'><strong>sunt</strong></span> <span class='ocrx_word' id='word_1_70' title='bbox 1166 981 1211 1041; x_wconf 82' lang='lat' dir='ltr'><strong>sei</strong></span> <span class='ocrx_word' id='word_1_71' title='bbox 1229 990 1356 1056; x_wconf 78' lang='lat' dir='ltr'><strong>neatae,</strong></span> 
     </span>
     <span class='ocr_line' id='line_1_8' title="bbox 130 1074 1357 1158; baseline 0.002 -16"><span class='ocrx_word' id='word_1_72' title='bbox 130 1089 202 1143; x_wconf 88' lang='lat' dir='ltr'><strong>tuno</strong></span> <span class='ocrx_word' id='word_1_73' title='bbox 221 1076 361 1158; x_wconf 65' lang='lat' dir='ltr'><strong>munnae</strong></span> <span class='ocrx_word' id='word_1_74' title='bbox 382 1077 420 1138; x_wconf 93' lang='lat' dir='ltr'><strong>de</strong></span> <span class='ocrx_word' id='word_1_75' title='bbox 441 1075 499 1138; x_wconf 87' lang='lat' dir='ltr'><strong>illis</strong></span> <span class='ocrx_word' id='word_1_76' title='bbox 521 1076 578 1138; x_wconf 83' lang='lat' dir='ltr'><strong>hue</strong></span> <span class='ocrx_word' id='word_1_77' title='bbox 599 1074 746 1138; x_wconf 78' lang='lat' dir='ltr'><strong>dictiones</strong></span> <span class='ocrx_word' id='word_1_78' title='bbox 769 1084 953 1154; x_wconf 81' lang='lat' dir='ltr'><strong>usurpantur</strong></span> <span class='ocrx_word' id='word_1_79' title='bbox 973 1077 1057 1158; x_wconf 75' lang='lat' dir='ltr'><strong>lacit,</strong></span> <span class='ocrx_word' id='word_1_80' title='bbox 1080 1077 1165 1156; x_wconf 80' lang='lat' dir='ltr'><strong>sueto</strong></span> <span class='ocrx_word' id='word_1_81' title='bbox 1186 1092 1247 1152; x_wconf 86' lang='lat' dir='ltr'><strong>est,</strong></span> <span class='ocrx_word' id='word_1_82' title='bbox 1271 1101 1357 1152; x_wconf 85' lang='lat' dir='ltr'><strong>ereu-</strong></span> 
     </span>
     <span class='ocr_line' id='line_1_9' title="bbox 128 1177 1359 1260; baseline 0 -17"><span class='ocrx_word' id='word_1_83' title='bbox 128 1184 188 1256; x_wconf 81' lang='lat' dir='ltr'><strong>ee&#39;t,</strong></span> <span class='ocrx_word' id='word_1_84' title='bbox 218 1179 327 1260; x_wconf 73' lang='lat' dir='ltr'><strong>quium</strong></span> <span class='ocrx_word' id='word_1_85' title='bbox 356 1197 433 1257; x_wconf 78' lang='lat' dir='ltr'><strong>opus</strong></span> <span class='ocrx_word' id='word_1_86' title='bbox 456 1177 648 1257; x_wconf 77' lang='lat' dir='ltr'><strong>significatam.</strong></span> <span class='ocrx_word' id='word_1_87' title='bbox 692 1177 820 1252; x_wconf 83' lang='lat' dir='ltr'><strong>Quando</strong></span> <span class='ocrx_word' id='word_1_88' title='bbox 849 1186 947 1240; x_wconf 90' lang='lat' dir='ltr'><strong>autem</strong></span> <span class='ocrx_word' id='word_1_89' title='bbox 977 1186 1081 1240; x_wconf 76' lang='lat' dir='ltr'><strong>namra</strong></span> <span class='ocrx_word' id='word_1_90' title='bbox 1111 1186 1159 1240; x_wconf 88' lang='lat' dir='ltr'><strong>est</strong></span> <span class='ocrx_word' id='word_1_91' title='bbox 1180 1188 1211 1240; x_wconf 87' lang='lat' dir='ltr'><strong>et</strong></span> <span class='ocrx_word' id='word_1_92' title='bbox 1229 1181 1307 1248; x_wconf 85' lang='lat' dir='ltr'><strong>letus</strong></span> <span class='ocrx_word' id='word_1_93' title='bbox 1328 1192 1359 1246; x_wconf 91' lang='lat' dir='ltr'><strong>et</strong></span> 
     </span>
     <span class='ocr_line' id='line_1_10' title="bbox 125 1273 1363 1358; baseline -0.003 -14"><span class='ocrx_word' id='word_1_94' title='bbox 125 1282 215 1352; x_wconf 84' lang='lat' dir='ltr'><strong>lilios,</strong></span> <span class='ocrx_word' id='word_1_95' title='bbox 238 1290 310 1343; x_wconf 88' lang='lat' dir='ltr'><strong>tuno</strong></span> <span class='ocrx_word' id='word_1_96' title='bbox 331 1279 452 1342; x_wconf 92' lang='lat' dir='ltr'><strong>eaedem</strong></span> <span class='ocrx_word' id='word_1_97' title='bbox 474 1279 620 1340; x_wconf 87' lang='lat' dir='ltr'><strong>diutionee</strong></span> <span class='ocrx_word' id='word_1_98' title='bbox 641 1279 726 1358; x_wconf 76' lang='lat' dir='ltr'><strong>feeit,</strong></span> <span class='ocrx_word' id='word_1_99' title='bbox 747 1280 831 1358; x_wconf 71' lang='lat' dir='ltr'><strong>[neto</strong></span> <span class='ocrx_word' id='word_1_100' title='bbox 853 1290 898 1342; x_wconf 82' lang='lat' dir='ltr'><strong>ert</strong></span> <span class='ocrx_word' id='word_1_101' title='bbox 920 1289 951 1342; x_wconf 90' lang='lat' dir='ltr'><strong>et</strong></span> <span class='ocrx_word' id='word_1_102' title='bbox 973 1284 1090 1344; x_wconf 83' lang='lat' dir='ltr'><strong>ereuoit</strong></span> <span class='ocrx_word' id='word_1_103' title='bbox 1110 1297 1173 1340; x_wconf 90' lang='lat' dir='ltr'><strong>non</strong></span> <span class='ocrx_word' id='word_1_104' title='bbox 1195 1273 1315 1358; x_wconf 73' lang='lat' dir='ltr'><strong>propri&#39;a</strong></span> <span class='ocrx_word' id='word_1_105' title='bbox 1332 1281 1363 1342; x_wconf 86' lang='lat' dir='ltr'><strong>ei-</strong></span> 
     </span>
     <span class='ocr_line' id='line_1_11' title="bbox 126 1380 1362 1462; baseline 0.001 -19"><span class='ocrx_word' id='word_1_106' title='bbox 126 1382 329 1445; x_wconf 84' lang='lat' dir='ltr'><strong>attribuuntur</strong></span> <span class='ocrx_word' id='word_1_107' title='bbox 349 1399 446 1459; x_wconf 89' lang='lat' dir='ltr'><strong>neque</strong></span> <span class='ocrx_word' id='word_1_108' title='bbox 468 1399 544 1460; x_wconf 83' lang='lat' dir='ltr'><strong>opus</strong></span> <span class='ocrx_word' id='word_1_109' title='bbox 566 1380 743 1458; x_wconf 73' lang='lat' dir='ltr'><strong>significant,</strong></span> <span class='ocrx_word' id='word_1_110' title='bbox 766 1381 820 1444; x_wconf 86' lang='lat' dir='ltr'><strong>sed</strong></span> <span class='ocrx_word' id='word_1_111' title='bbox 841 1399 897 1460; x_wconf 83' lang='lat' dir='ltr'><strong>pro</strong></span> <span class='ocrx_word' id='word_1_112' title='bbox 920 1381 1050 1444; x_wconf 77' lang='lat' dir='ltr'><strong>dictione</strong></span> <span class='ocrx_word' id='word_1_113' title='bbox 1064 1385 1169 1461; x_wconf 67' lang='lat' dir='ltr'><strong>genuit</strong></span> <span class='ocrx_word' id='word_1_114' title='bbox 1183 1380 1273 1442; x_wconf 85' lang='lat' dir='ltr'><strong>dictio</strong></span> <span class='ocrx_word' id='word_1_115' title='bbox 1287 1381 1362 1462; x_wconf 80' lang='lat' dir='ltr'><strong>{enit</strong></span> 
     </span>
     <span class='ocr_line' id='line_1_12' title="bbox 125 1481 1360 1564; baseline -0.003 -18"><span class='ocrx_word' id='word_1_116' title='bbox 125 1485 240 1564; x_wconf 88' lang='lat' dir='ltr'><strong>absque</strong></span> <span class='ocrx_word' id='word_1_117' title='bbox 261 1483 323 1545; x_wconf 87' lang='lat' dir='ltr'><strong>ullo</strong></span> <span class='ocrx_word' id='word_1_118' title='bbox 346 1481 518 1544; x_wconf 88' lang='lat' dir='ltr'><strong>discrimine</strong></span> <span class='ocrx_word' id='word_1_119' title='bbox 539 1489 711 1560; x_wconf 75' lang='lat' dir='ltr'><strong>morantur.</strong></span> <span class='ocrx_word' id='word_1_120' title='bbox 756 1481 924 1544; x_wconf 83' lang='lat' dir='ltr'><strong>Cartenna</strong></span> <span class='ocrx_word' id='word_1_121' title='bbox 948 1498 1018 1545; x_wconf 89' lang='lat' dir='ltr'><strong>raro</strong></span> <span class='ocrx_word' id='word_1_122' title='bbox 1039 1491 1140 1562; x_wconf 82' lang='lat' dir='ltr'><strong>patres</strong></span> <span class='ocrx_word' id='word_1_123' title='bbox 1168 1481 1248 1544; x_wconf 89' lang='lat' dir='ltr'><strong>illios</strong></span> <span class='ocrx_word' id='word_1_124' title='bbox 1267 1501 1302 1542; x_wconf 82' lang='lat' dir='ltr'><strong>ex</strong></span> <span class='ocrx_word' id='word_1_125' title='bbox 1326 1499 1360 1544; x_wconf 90' lang='lat' dir='ltr'><strong>se</strong></span> 
     </span>
     <span class='ocr_line' id='line_1_13' title="bbox 124 1583 1362 1665; baseline -0.002 -17"><span class='ocrx_word' id='word_1_126' title='bbox 124 1585 242 1665; x_wconf 77' lang='lat' dir='ltr'><strong>genitos</strong></span> <span class='ocrx_word' id='word_1_127' title='bbox 263 1602 337 1647; x_wconf 91' lang='lat' dir='ltr'><strong>suos</strong></span> <span class='ocrx_word' id='word_1_128' title='bbox 359 1601 463 1646; x_wconf 77' lang='lat' dir='ltr'><strong>servm</strong></span> <span class='ocrx_word' id='word_1_129' title='bbox 485 1583 650 1663; x_wconf 82' lang='lat' dir='ltr'><strong>appellant,</strong></span> <span class='ocrx_word' id='word_1_130' title='bbox 684 1601 740 1646; x_wconf 87' lang='lat' dir='ltr'><strong>neo</strong></span> <span class='ocrx_word' id='word_1_131' title='bbox 768 1593 866 1646; x_wconf 87' lang='lat' dir='ltr'><strong>tamen</strong></span> <span class='ocrx_word' id='word_1_132' title='bbox 889 1586 969 1664; x_wconf 91' lang='lat' dir='ltr'><strong>quod</strong></span> <span class='ocrx_word' id='word_1_133' title='bbox 992 1593 1114 1650; x_wconf 84' lang='lat' dir='ltr'><strong>naturae</strong></span> <span class='ocrx_word' id='word_1_134' title='bbox 1135 1584 1291 1665; x_wconf 81' lang='lat' dir='ltr'><strong>proprium</strong></span> <span class='ocrx_word' id='word_1_135' title='bbox 1313 1592 1362 1648; x_wconf 84' lang='lat' dir='ltr'><strong>eet</strong></span> 
     </span>
     <span class='ocr_line' id='line_1_14' title="bbox 124 1685 1358 1776; baseline -0.002 -28"><span class='ocrx_word' id='word_1_136' title='bbox 124 1685 301 1748; x_wconf 82' lang='lat' dir='ltr'><strong>inficiantur.</strong></span> <span class='ocrx_word' id='word_1_137' title='bbox 339 1685 437 1766; x_wconf 75' lang='lat' dir='ltr'><strong>Saepe</strong></span> <span class='ocrx_word' id='word_1_138' title='bbox 459 1686 546 1748; x_wconf 85' lang='lat' dir='ltr'><strong>etiam</strong></span> <span class='ocrx_word' id='word_1_139' title='bbox 570 1703 677 1746; x_wconf 81' lang='lat' dir='ltr'><strong>sersus</strong></span> <span class='ocrx_word' id='word_1_140' title='bbox 698 1685 924 1750; x_wconf 81' lang='lat' dir='ltr'><strong>benevolentiae</strong></span> <span class='ocrx_word' id='word_1_141' title='bbox 945 1686 1037 1766; x_wconf 81' lang='lat' dir='ltr'><strong>gratia</strong></span> <span class='ocrx_word' id='word_1_142' title='bbox 1060 1686 1138 1748; x_wconf 87' lang='lat' dir='ltr'><strong>filios</strong></span> <span class='ocrx_word' id='word_1_143' title='bbox 1159 1695 1276 1760; x_wconf 71' lang='lat' dir='ltr'><strong>vomat,</strong></span> <span class='ocrx_word' id='word_1_144' title='bbox 1298 1703 1358 1776; x_wconf 76' lang='lat' dir='ltr'><strong>nuo</strong></span> 
     </span>
     <span class='ocr_line' id='line_1_15' title="bbox 104 1773 1357 1862; baseline 0.003 -15"><span class='ocrx_word' id='word_1_145' title='bbox 104 1807 194 1850; x_wconf 74' lang='lat' dir='ltr'><strong>,sane</strong></span> <span class='ocrx_word' id='word_1_146' title='bbox 214 1787 337 1853; x_wconf 84' lang='lat' dir='ltr'><strong>nomine</strong></span> <span class='ocrx_word' id='word_1_147' title='bbox 359 1805 421 1850; x_wconf 91' lang='lat' dir='ltr'><strong>non</strong></span> <span class='ocrx_word' id='word_1_148' title='bbox 443 1786 642 1862; x_wconf 83' lang='lat' dir='ltr'><strong>dissimulant,</strong></span> <span class='ocrx_word' id='word_1_149' title='bbox 665 1786 733 1850; x_wconf 88' lang='lat' dir='ltr'><strong>ilios</strong></span> <span class='ocrx_word' id='word_1_150' title='bbox 748 1787 786 1848; x_wconf 89' lang='lat' dir='ltr'><strong>ab</strong></span> <span class='ocrx_word' id='word_1_151' title='bbox 800 1787 888 1850; x_wconf 89' lang='lat' dir='ltr'><strong>initio</strong></span> <span class='ocrx_word' id='word_1_152' title='bbox 911 1788 943 1850; x_wconf 92' lang='lat' dir='ltr'><strong>in</strong></span> <span class='ocrx_word' id='word_1_153' title='bbox 965 1788 1011 1850; x_wconf 83' lang='lat' dir='ltr'><strong>soi</strong></span> <span class='ocrx_word' id='word_1_154' title='bbox 1034 1789 1127 1850; x_wconf 85' lang='lat' dir='ltr'><strong>luieee</strong></span> <span class='ocrx_word' id='word_1_155' title='bbox 1149 1773 1286 1862; x_wconf 78' lang='lat' dir='ltr'><strong>ditione3-</strong></span> <span class='ocrx_word' id='word_1_156' title='bbox 1302 1788 1357 1851; x_wconf 86' lang='lat' dir='ltr'><strong>sod</strong></span> 
     </span>
     <span class='ocr_line' id='line_1_16' title="bbox 123 1889 1356 1968; baseline 0 -16"><span class='ocrx_word' id='word_1_157' title='bbox 123 1897 223 1968; x_wconf 84' lang='lat' dir='ltr'><strong>patres</strong></span> <span class='ocrx_word' id='word_1_158' title='bbox 246 1891 325 1952; x_wconf 84' lang='lat' dir='ltr'><strong>lilios</strong></span> <span class='ocrx_word' id='word_1_159' title='bbox 347 1908 428 1950; x_wconf 84' lang='lat' dir='ltr'><strong>suos·</strong></span> <span class='ocrx_word' id='word_1_160' title='bbox 445 1907 550 1950; x_wconf 83' lang='lat' dir='ltr'><strong>servos</strong></span> <span class='ocrx_word' id='word_1_161' title='bbox 572 1907 628 1968; x_wconf 86' lang='lat' dir='ltr'><strong>pro</strong></span> <span class='ocrx_word' id='word_1_162' title='bbox 651 1903 705 1952; x_wconf 86' lang='lat' dir='ltr'><strong>sua</strong></span> <span class='ocrx_word' id='word_1_163' title='bbox 726 1889 903 1952; x_wconf 78' lang='lat' dir='ltr'><strong>auctoritate</strong></span> <span class='ocrx_word' id='word_1_164' title='bbox 925 1897 1046 1962; x_wconf 80' lang='lat' dir='ltr'><strong>sonant,</strong></span> <span class='ocrx_word' id='word_1_165' title='bbox 1074 1900 1105 1951; x_wconf 90' lang='lat' dir='ltr'><strong>et</strong></span> <span class='ocrx_word' id='word_1_166' title='bbox 1126 1898 1229 1954; x_wconf 87' lang='lat' dir='ltr'><strong>eontra</strong></span> <span class='ocrx_word' id='word_1_167' title='bbox 1250 1907 1356 1954; x_wconf 83' lang='lat' dir='ltr'><strong>seruos</strong></span> 
     </span>
     <span class='ocr_line' id='line_1_17' title="bbox 124 1990 1357 2071; baseline 0.003 -19"><span class='ocrx_word' id='word_1_168' title='bbox 124 1991 201 2052; x_wconf 85' lang='lat' dir='ltr'><strong>filios</strong></span> <span class='ocrx_word' id='word_1_169' title='bbox 229 2009 286 2071; x_wconf 85' lang='lat' dir='ltr'><strong>pro</strong></span> <span class='ocrx_word' id='word_1_170' title='bbox 313 2009 367 2054; x_wconf 87' lang='lat' dir='ltr'><strong>sua</strong></span> <span class='ocrx_word' id='word_1_171' title='bbox 397 2009 465 2071; x_wconf 75' lang='lat' dir='ltr'><strong>erga</strong></span> <span class='ocrx_word' id='word_1_172' title='bbox 492 2009 548 2052; x_wconf 84' lang='lat' dir='ltr'><strong>eos</strong></span> <span class='ocrx_word' id='word_1_173' title='bbox 578 1990 772 2070; x_wconf 71' lang='lat' dir='ltr'><strong>benignitate.</strong></span> <span class='ocrx_word' id='word_1_174' title='bbox 815 1992 865 2059; x_wconf 84' lang='lat' dir='ltr'><strong>Sia</strong></span> <span class='ocrx_word' id='word_1_175' title='bbox 887 1992 961 2056; x_wconf 85' lang='lat' dir='ltr'><strong>Sara</strong></span> <span class='ocrx_word' id='word_1_176' title='bbox 981 1991 1180 2054; x_wconf 76' lang='lat' dir='ltr'><strong>abrahamum</strong></span> <span class='ocrx_word' id='word_1_177' title='bbox 1202 1993 1357 2056; x_wconf 88' lang='lat' dir='ltr'><strong>dominum</strong></span> 
     </span>
     <span class='ocr_line' id='line_1_18' title="bbox 126 2093 1358 2174; baseline 0.001 -21"><span class='ocrx_word' id='word_1_178' title='bbox 126 2093 214 2166; x_wconf 82' lang='lat' dir='ltr'><strong>dixit,</strong></span> <span class='ocrx_word' id='word_1_179' title='bbox 247 2093 380 2174; x_wconf 77' lang='lat' dir='ltr'><strong>quamde</strong></span> <span class='ocrx_word' id='word_1_180' title='bbox 408 2111 471 2156; x_wconf 88' lang='lat' dir='ltr'><strong>non</strong></span> <span class='ocrx_word' id='word_1_181' title='bbox 498 2093 564 2156; x_wconf 89' lang='lat' dir='ltr'><strong>eius</strong></span> <span class='ocrx_word' id='word_1_182' title='bbox 593 2101 674 2155; x_wconf 89' lang='lat' dir='ltr'><strong>esset</strong></span> <span class='ocrx_word' id='word_1_183' title='bbox 702 2093 808 2156; x_wconf 90' lang='lat' dir='ltr'><strong>aneilla</strong></span> <span class='ocrx_word' id='word_1_184' title='bbox 835 2095 889 2156; x_wconf 89' lang='lat' dir='ltr'><strong>sed</strong></span> <span class='ocrx_word' id='word_1_185' title='bbox 919 2112 1004 2155; x_wconf 85' lang='lat' dir='ltr'><strong>uror.</strong></span> <span class='ocrx_word' id='word_1_186' title='bbox 1047 2093 1210 2171; x_wconf 80' lang='lat' dir='ltr'><strong>Apostolus</strong></span> <span class='ocrx_word' id='word_1_187' title='bbox 1237 2103 1358 2172; x_wconf 76' lang='lat' dir='ltr'><strong>quoque</strong></span> 
     </span>
     <span class='ocr_line' id='line_1_19' title="bbox 125 2193 1358 2274; baseline -0.003 -18"><span class='ocrx_word' id='word_1_188' title='bbox 125 2193 299 2258; x_wconf 73' lang='lat' dir='ltr'><strong>Onesimum</strong></span> <span class='ocrx_word' id='word_1_189' title='bbox 328 2215 446 2258; x_wconf 80' lang='lat' dir='ltr'><strong>sertum</strong></span> <span class='ocrx_word' id='word_1_190' title='bbox 475 2213 542 2258; x_wconf 89' lang='lat' dir='ltr'><strong>oum</strong></span> <span class='ocrx_word' id='word_1_191' title='bbox 568 2195 743 2258; x_wconf 83' lang='lat' dir='ltr'><strong>Philemone</strong></span> <span class='ocrx_word' id='word_1_192' title='bbox 771 2195 845 2256; x_wconf 87' lang='lat' dir='ltr'><strong>hero</strong></span> <span class='ocrx_word' id='word_1_193' title='bbox 875 2204 1015 2274; x_wconf 87' lang='lat' dir='ltr'><strong>tanqnom</strong></span> <span class='ocrx_word' id='word_1_194' title='bbox 1043 2195 1166 2254; x_wconf 69' lang='lat' dir='ltr'><strong>datram</strong></span> <span class='ocrx_word' id='word_1_195' title='bbox 1194 2193 1358 2260; x_wconf 75' lang='lat' dir='ltr'><strong>coniunxit.</strong></span> 
     </span>
     <span class='ocr_line' id='line_1_20' title="bbox 121 2293 1355 2373; baseline -0.002 -16"><span class='ocrx_word' id='word_1_196' title='bbox 121 2295 271 2361; x_wconf 73' lang='lat' dir='ltr'><strong>Bersabee</strong></span> <span class='ocrx_word' id='word_1_197' title='bbox 291 2297 364 2358; x_wconf 88' lang='lat' dir='ltr'><strong>item</strong></span> <span class='ocrx_word' id='word_1_198' title='bbox 386 2296 504 2357; x_wconf 89' lang='lat' dir='ltr'><strong>tametsi</strong></span> <span class='ocrx_word' id='word_1_199' title='bbox 527 2305 622 2356; x_wconf 86' lang='lat' dir='ltr'><strong>mater</strong></span> <span class='ocrx_word' id='word_1_200' title='bbox 642 2295 734 2356; x_wconf 86' lang='lat' dir='ltr'><strong>lilium</strong></span> <span class='ocrx_word' id='word_1_201' title='bbox 763 2313 882 2358; x_wconf 81' lang='lat' dir='ltr'><strong>servum</strong></span> <span class='ocrx_word' id='word_1_202' title='bbox 905 2294 1076 2373; x_wconf 71' lang='lat' dir='ltr'><strong>adpellunt,</strong></span> <span class='ocrx_word' id='word_1_203' title='bbox 1105 2313 1172 2356; x_wconf 87' lang='lat' dir='ltr'><strong>cnm</strong></span> <span class='ocrx_word' id='word_1_204' title='bbox 1201 2294 1277 2372; x_wconf 78' lang='lat' dir='ltr'><strong>patri</strong></span> <span class='ocrx_word' id='word_1_205' title='bbox 1299 2293 1355 2354; x_wconf 84' lang='lat' dir='ltr'><strong>ait:</strong></span> 
     </span>
     <span class='ocr_line' id='line_1_21' title="bbox 122 2393 1359 2474; baseline -0.003 -14"><span class='ocrx_word' id='word_1_206' title='bbox 122 2397 255 2460; x_wconf 82' lang='lat' dir='ltr'><strong>Seruum</strong></span> <span class='ocrx_word' id='word_1_207' title='bbox 270 2408 356 2458; x_wconf 86' lang='lat' dir='ltr'><strong>tunm</strong></span> <span class='ocrx_word' id='word_1_208' title='bbox 371 2395 573 2464; x_wconf 70' lang='lat' dir='ltr'><strong>salomontos,</strong></span> <span class='ocrx_word' id='word_1_209' title='bbox 595 2395 812 2474; x_wconf 80' lang='lat' dir='ltr'><strong>ingressusque</strong></span> <span class='ocrx_word' id='word_1_210' title='bbox 833 2403 938 2473; x_wconf 85' lang='lat' dir='ltr'><strong>postea</strong></span> <span class='ocrx_word' id='word_1_211' title='bbox 961 2393 1076 2454; x_wconf 80' lang='lat' dir='ltr'><strong>Nathan</strong></span> <span class='ocrx_word' id='word_1_212' title='bbox 1090 2393 1240 2474; x_wconf 80' lang='lat' dir='ltr'><strong>Propheta</strong></span> <span class='ocrx_word' id='word_1_213' title='bbox 1256 2395 1359 2456; x_wconf 86' lang='lat' dir='ltr'><strong>eadem</strong></span> 
     </span>
     <span class='ocr_line' id='line_1_22' title="bbox 124 2493 1358 2575; baseline 0.002 -19"><span class='ocrx_word' id='word_1_214' title='bbox 124 2514 200 2575; x_wconf 89' lang='lat' dir='ltr'><strong>qnae</strong></span> <span class='ocrx_word' id='word_1_215' title='bbox 229 2495 278 2554; x_wconf 85' lang='lat' dir='ltr'><strong>illa</strong></span> <span class='ocrx_word' id='word_1_216' title='bbox 305 2493 407 2554; x_wconf 78' lang='lat' dir='ltr'><strong>[laridi</strong></span> <span class='ocrx_word' id='word_1_217' title='bbox 434 2493 524 2554; x_wconf 79' lang='lat' dir='ltr'><strong>dixit:</strong></span> <span class='ocrx_word' id='word_1_218' title='bbox 558 2493 751 2568; x_wconf 74' lang='lat' dir='ltr'><strong>Salomonem</strong></span> <span class='ocrx_word' id='word_1_219' title='bbox 778 2513 903 2560; x_wconf 75' lang='lat' dir='ltr'><strong>sernum</strong></span> <span class='ocrx_word' id='word_1_220' title='bbox 931 2509 1034 2568; x_wconf 69' lang='lat' dir='ltr'><strong>tuusne</strong></span> <span class='ocrx_word' id='word_1_221' title='bbox 1065 2513 1121 2556; x_wconf 88' lang='lat' dir='ltr'><strong>nec</strong></span> <span class='ocrx_word' id='word_1_222' title='bbox 1147 2493 1290 2556; x_wconf 76' lang='lat' dir='ltr'><strong>merhout</strong></span> <span class='ocrx_word' id='word_1_223' title='bbox 1315 2495 1358 2558; x_wconf 93' lang='lat' dir='ltr'><strong>illi</strong></span> 
     </span>
     <span class='ocr_line' id='line_1_23' title="bbox 124 2593 1357 2678; baseline 0.003 -22"><span class='ocrx_word' id='word_1_224' title='bbox 124 2597 206 2676; x_wconf 87' lang='lat' dir='ltr'><strong>quod</strong></span> <span class='ocrx_word' id='word_1_225' title='bbox 228 2593 320 2656; x_wconf 87' lang='lat' dir='ltr'><strong>lilium</strong></span> <span class='ocrx_word' id='word_1_226' title='bbox 344 2613 463 2656; x_wconf 83' lang='lat' dir='ltr'><strong>servum</strong></span> <span class='ocrx_word' id='word_1_227' title='bbox 485 2595 624 2659; x_wconf 84' lang='lat' dir='ltr'><strong>dicerent</strong></span> <span class='ocrx_word' id='word_1_228' title='bbox 669 2597 743 2660; x_wconf 91' lang='lat' dir='ltr'><strong>Nam</strong></span> <span class='ocrx_word' id='word_1_229' title='bbox 766 2606 797 2660; x_wconf 91' lang='lat' dir='ltr'><strong>et</strong></span> <span class='ocrx_word' id='word_1_230' title='bbox 824 2597 873 2661; x_wconf 88' lang='lat' dir='ltr'><strong>ille</strong></span> <span class='ocrx_word' id='word_1_231' title='bbox 902 2598 1027 2660; x_wconf 87' lang='lat' dir='ltr'><strong>audiens</strong></span> <span class='ocrx_word' id='word_1_232' title='bbox 1055 2607 1188 2660; x_wconf 86' lang='lat' dir='ltr'><strong>naturam</strong></span> <span class='ocrx_word' id='word_1_233' title='bbox 1210 2615 1357 2678; x_wconf 74' lang='lat' dir='ltr'><strong>agnosse-</strong></span> 
     </span>
     <span class='ocr_line' id='line_1_24' title="bbox 121 2695 1425 2778; baseline -0.003 -18"><span class='ocrx_word' id='word_1_234' title='bbox 121 2697 192 2771; x_wconf 83' lang='lat' dir='ltr'><strong>bat,</strong></span> <span class='ocrx_word' id='word_1_235' title='bbox 220 2705 252 2758; x_wconf 85' lang='lat' dir='ltr'><strong>et</strong></span> <span class='ocrx_word' id='word_1_236' title='bbox 271 2695 303 2756; x_wconf 86' lang='lat' dir='ltr'><strong>hi</strong></span> <span class='ocrx_word' id='word_1_237' title='bbox 325 2713 393 2757; x_wconf 86' lang='lat' dir='ltr'><strong>eum</strong></span> <span class='ocrx_word' id='word_1_238' title='bbox 414 2697 455 2756; x_wconf 87' lang='lat' dir='ltr'><strong>ita</strong></span> <span class='ocrx_word' id='word_1_239' title='bbox 476 2696 684 2776; x_wconf 85' lang='lat' dir='ltr'><strong>loquerentur,</strong></span> <span class='ocrx_word' id='word_1_240' title='bbox 714 2718 815 2762; x_wconf 82' lang='lat' dir='ltr'><strong>uerum</strong></span> <span class='ocrx_word' id='word_1_241' title='bbox 839 2719 906 2762; x_wconf 88' lang='lat' dir='ltr'><strong>eum</strong></span> <span class='ocrx_word' id='word_1_242' title='bbox 930 2719 998 2762; x_wconf 85' lang='lat' dir='ltr'><strong>esee</strong></span> <span class='ocrx_word' id='word_1_243' title='bbox 1020 2700 1111 2762; x_wconf 87' lang='lat' dir='ltr'><strong>fliium</strong></span> <span class='ocrx_word' id='word_1_244' title='bbox 1134 2699 1211 2762; x_wconf 88' lang='lat' dir='ltr'><strong>haud</strong></span> <span class='ocrx_word' id='word_1_245' title='bbox 1234 2699 1356 2778; x_wconf 80' lang='lat' dir='ltr'><strong>igriora·</strong></span> <span class='ocrx_word' id='word_1_246' title='bbox 1422 2747 1425 2756; x_wconf 92' lang='lat'><em>.</em></span> 
     </span>
     <span class='ocr_line' id='line_1_25' title="bbox 120 2797 1357 2881; baseline 0 -19"><span class='ocrx_word' id='word_1_247' title='bbox 120 2799 203 2862; x_wconf 83' lang='lat' dir='ltr'><strong>hant</strong></span> <span class='ocrx_word' id='word_1_248' title='bbox 249 2799 351 2877; x_wconf 85' lang='lat' dir='ltr'><strong>ltaque</strong></span> <span class='ocrx_word' id='word_1_249' title='bbox 373 2797 527 2878; x_wconf 76' lang='lat' dir='ltr'><strong>rogabant,</strong></span> <span class='ocrx_word' id='word_1_250' title='bbox 551 2811 584 2862; x_wconf 93' lang='lat' dir='ltr'><strong>ut</strong></span> <span class='ocrx_word' id='word_1_251' title='bbox 604 2800 653 2861; x_wconf 88' lang='lat' dir='ltr'><strong>ille</strong></span> <span class='ocrx_word' id='word_1_252' title='bbox 675 2802 769 2881; x_wconf 82' lang='lat' dir='ltr'><strong>patris</strong></span> <span class='ocrx_word' id='word_1_253' title='bbox 790 2802 898 2864; x_wconf 83' lang='lat' dir='ltr'><strong>haeres</strong></span> <span class='ocrx_word' id='word_1_254' title='bbox 920 2803 1014 2870; x_wconf 81' lang='lat' dir='ltr'><strong>lieret,</strong></span> <span class='ocrx_word' id='word_1_255' title='bbox 1036 2821 1125 2881; x_wconf 86' lang='lat' dir='ltr'><strong>quem</strong></span> <span class='ocrx_word' id='word_1_256' title='bbox 1140 2801 1220 2864; x_wconf 83' lang='lat' dir='ltr'><strong>servi</strong></span> <span class='ocrx_word' id='word_1_257' title='bbox 1235 2802 1357 2865; x_wconf 87' lang='lat' dir='ltr'><strong>nemine</strong></span> 
     </span>
     <span class='ocr_line' id='line_1_26' title="bbox 123 2897 1074 2982; baseline -0.001 -19"><span class='ocrx_word' id='word_1_258' title='bbox 123 2897 321 2982; x_wconf 80' lang='lat' dir='ltr'><strong>appellebant.</strong></span> <span class='ocrx_word' id='word_1_259' title='bbox 366 2898 508 2960; x_wconf 71' lang='lat' dir='ltr'><strong>Salonam</strong></span> <span class='ocrx_word' id='word_1_260' title='bbox 530 2901 610 2962; x_wconf 89' lang='lat' dir='ltr'><strong>enim</strong></span> <span class='ocrx_word' id='word_1_261' title='bbox 632 2909 697 2964; x_wconf 85' lang='lat' dir='ltr'><strong>erut</strong></span> <span class='ocrx_word' id='word_1_262' title='bbox 718 2906 822 2964; x_wconf 82' lang='lat' dir='ltr'><strong>natura</strong></span> <span class='ocrx_word' id='word_1_263' title='bbox 844 2903 923 2963; x_wconf 85' lang='lat' dir='ltr'><strong>iilius</strong></span> <span class='ocrx_word' id='word_1_264' title='bbox 945 2901 1074 2964; x_wconf 84' lang='lat' dir='ltr'><strong>Davidis.</strong></span> 
     </span>
    </p>
   </div>
   <div class='ocr_carea' id='block_1_3' title="bbox 122 3097 1358 3876">
    <p class='ocr_par' dir='ltr' id='par_1_3' title="bbox 122 3097 1358 3876">
     <span class='ocr_line' id='line_1_27' title="bbox 209 3097 1358 3180; baseline -0.003 -16"><span class='ocrx_word' id='word_1_265' title='bbox 209 3105 240 3164; x_wconf 78' lang='lat'><strong>4.</strong></span> <span class='ocrx_word' id='word_1_266' title='bbox 286 3099 544 3173; x_wconf 79' lang='lat' dir='ltr'><strong>Quemadmodum</strong></span> <span class='ocrx_word' id='word_1_267' title='bbox 566 3119 637 3180; x_wconf 82' lang='lat' dir='ltr'><strong>ergo</strong></span> <span class='ocrx_word' id='word_1_268' title='bbox 659 3119 727 3172; x_wconf 92' lang='lat' dir='ltr'><strong>uos,</strong></span> <span class='ocrx_word' id='word_1_269' title='bbox 749 3101 799 3179; x_wconf 87' lang='lat' dir='ltr'><strong>qui</strong></span> <span class='ocrx_word' id='word_1_270' title='bbox 821 3103 877 3163; x_wconf 87' lang='lat' dir='ltr'><strong>ista</strong></span> <span class='ocrx_word' id='word_1_271' title='bbox 900 3101 1035 3178; x_wconf 78' lang='lat' dir='ltr'><strong>legimus,</strong></span> <span class='ocrx_word' id='word_1_272' title='bbox 1058 3119 1092 3161; x_wconf 89' lang='lat' dir='ltr'><strong>ea</strong></span> <span class='ocrx_word' id='word_1_273' title='bbox 1115 3107 1195 3162; x_wconf 86' lang='lat' dir='ltr'><strong>reete</strong></span> <span class='ocrx_word' id='word_1_274' title='bbox 1218 3097 1358 3176; x_wconf 74' lang='lat' dir='ltr'><strong>intelligi-</strong></span> 
     </span>
     <span class='ocr_line' id='line_1_28' title="bbox 123 3200 1358 3282; baseline -0.003 -18"><span class='ocrx_word' id='word_1_275' title='bbox 123 3221 200 3275; x_wconf 88' lang='lat' dir='ltr'><strong>mus,</strong></span> <span class='ocrx_word' id='word_1_276' title='bbox 225 3221 323 3281; x_wconf 89' lang='lat' dir='ltr'><strong>neque</strong></span> <span class='ocrx_word' id='word_1_277' title='bbox 345 3219 412 3262; x_wconf 90' lang='lat' dir='ltr'><strong>eum</strong></span> <span class='ocrx_word' id='word_1_278' title='bbox 433 3202 624 3264; x_wconf 81' lang='lat' dir='ltr'><strong>Salomonem</strong></span> <span class='ocrx_word' id='word_1_279' title='bbox 647 3219 765 3264; x_wconf 86' lang='lat' dir='ltr'><strong>servum</strong></span> <span class='ocrx_word' id='word_1_280' title='bbox 788 3203 965 3282; x_wconf 81' lang='lat' dir='ltr'><strong>appeliatum</strong></span> <span class='ocrx_word' id='word_1_281' title='bbox 988 3201 1136 3271; x_wconf 87' lang='lat' dir='ltr'><strong>audimus,</strong></span> <span class='ocrx_word' id='word_1_282' title='bbox 1159 3200 1241 3262; x_wconf 90' lang='lat' dir='ltr'><strong>illum</strong></span> <span class='ocrx_word' id='word_1_283' title='bbox 1263 3200 1358 3266; x_wconf 76' lang='lat' dir='ltr'><strong>luisse</strong></span> 
     </span>
     <span class='ocr_line' id='line_1_29' title="bbox 123 3300 1357 3375; baseline -0.002 -11"><span class='ocrx_word' id='word_1_284' title='bbox 123 3321 242 3366; x_wconf 81' lang='lat' dir='ltr'><strong>servum</strong></span> <span class='ocrx_word' id='word_1_285' title='bbox 265 3301 487 3375; x_wconf 81' lang='lat' dir='ltr'><strong>existimemus,</strong></span> <span class='ocrx_word' id='word_1_286' title='bbox 509 3303 562 3366; x_wconf 92' lang='lat' dir='ltr'><strong>sed</strong></span> <span class='ocrx_word' id='word_1_287' title='bbox 584 3302 748 3366; x_wconf 79' lang='lat' dir='ltr'><strong>naturalem</strong></span> <span class='ocrx_word' id='word_1_288' title='bbox 772 3313 925 3366; x_wconf 78' lang='lat' dir='ltr'><strong>eteorum</strong></span> <span class='ocrx_word' id='word_1_289' title='bbox 948 3303 1057 3374; x_wconf 70' lang='lat' dir='ltr'><strong>lilirnne</strong></span> <span class='ocrx_word' id='word_1_290' title='bbox 1086 3303 1123 3364; x_wconf 91' lang='lat' dir='ltr'><strong>ita</strong></span> <span class='ocrx_word' id='word_1_291' title='bbox 1146 3302 1172 3364; x_wconf 94' lang='lat' dir='ltr'><strong>si</strong></span> <span class='ocrx_word' id='word_1_292' title='bbox 1194 3302 1231 3363; x_wconf 91' lang='lat' dir='ltr'><strong>de</strong></span> <span class='ocrx_word' id='word_1_293' title='bbox 1254 3300 1357 3365; x_wconf 79' lang='lat' dir='ltr'><strong>Satn-</strong></span> 
     </span>
     <span class='ocr_line' id='line_1_30' title="bbox 124 3403 1356 3485; baseline 0.002 -20"><span class='ocrx_word' id='word_1_294' title='bbox 124 3413 199 3478; x_wconf 87' lang='lat' dir='ltr'><strong>tore,</strong></span> <span class='ocrx_word' id='word_1_295' title='bbox 222 3421 311 3484; x_wconf 86' lang='lat' dir='ltr'><strong>quem</strong></span> <span class='ocrx_word' id='word_1_296' title='bbox 334 3423 403 3466; x_wconf 82' lang='lat' dir='ltr'><strong>rere</strong></span> <span class='ocrx_word' id='word_1_297' title='bbox 416 3404 523 3467; x_wconf 84' lang='lat' dir='ltr'><strong>Filium</strong></span> <span class='ocrx_word' id='word_1_298' title='bbox 540 3423 609 3468; x_wconf 89' lang='lat' dir='ltr'><strong>esse</strong></span> <span class='ocrx_word' id='word_1_299' title='bbox 624 3413 742 3467; x_wconf 81' lang='lat' dir='ltr'><strong>mnstat</strong></span> <span class='ocrx_word' id='word_1_300' title='bbox 759 3405 868 3485; x_wconf 86' lang='lat' dir='ltr'><strong>quique</strong></span> <span class='ocrx_word' id='word_1_301' title='bbox 883 3405 1015 3468; x_wconf 89' lang='lat' dir='ltr'><strong>naturale</strong></span> <span class='ocrx_word' id='word_1_302' title='bbox 1032 3405 1159 3468; x_wconf 84' lang='lat' dir='ltr'><strong>Verbum</strong></span> <span class='ocrx_word' id='word_1_303' title='bbox 1175 3413 1232 3474; x_wconf 85' lang='lat' dir='ltr'><strong>eet,</strong></span> <span class='ocrx_word' id='word_1_304' title='bbox 1256 3403 1356 3468; x_wconf 77' lang='lat' dir='ltr'><strong>Sancti</strong></span> 
     </span>
     <span class='ocr_line' id='line_1_31' title="bbox 122 3505 1355 3588; baseline -0.001 -21"><span class='ocrx_word' id='word_1_305' title='bbox 122 3505 197 3567; x_wconf 88' lang='lat' dir='ltr'><strong>haee</strong></span> <span class='ocrx_word' id='word_1_306' title='bbox 217 3505 332 3568; x_wconf 88' lang='lat' dir='ltr'><strong>dicunt:</strong></span> <span class='ocrx_word' id='word_1_307' title='bbox 358 3507 422 3580; x_wconf 81' lang='lat' dir='ltr'><strong>Qui</strong></span> <span class='ocrx_word' id='word_1_308' title='bbox 440 3507 540 3588; x_wconf 80' lang='lat' dir='ltr'><strong>fidelis</strong></span> <span class='ocrx_word' id='word_1_309' title='bbox 563 3519 608 3570; x_wconf 84' lang='lat' dir='ltr'><strong>ert</strong></span> <span class='ocrx_word' id='word_1_310' title='bbox 630 3513 666 3579; x_wconf 86' lang='lat' dir='ltr'><strong>ei,</strong></span> <span class='ocrx_word' id='word_1_311' title='bbox 689 3507 742 3588; x_wconf 77' lang='lat' dir='ltr'><strong>quii</strong></span> <span class='ocrx_word' id='word_1_312' title='bbox 761 3509 834 3587; x_wconf 73' lang='lat' dir='ltr'><strong>feeit</strong></span> <span class='ocrx_word' id='word_1_313' title='bbox 856 3507 960 3582; x_wconf 83' lang='lat' dir='ltr'><strong>illum,</strong></span> <span class='ocrx_word' id='word_1_314' title='bbox 990 3507 1034 3567; x_wconf 84' lang='lat' dir='ltr'><strong>vel</strong></span> <span class='ocrx_word' id='word_1_315' title='bbox 1057 3505 1082 3566; x_wconf 90' lang='lat' dir='ltr'><strong>si</strong></span> <span class='ocrx_word' id='word_1_316' title='bbox 1105 3506 1170 3586; x_wconf 82' lang='lat' dir='ltr'><strong>ipse</strong></span> <span class='ocrx_word' id='word_1_317' title='bbox 1192 3505 1229 3566; x_wconf 92' lang='lat' dir='ltr'><strong>de</strong></span> <span class='ocrx_word' id='word_1_318' title='bbox 1251 3505 1355 3585; x_wconf 82' lang='lat' dir='ltr'><strong>seipso</strong></span> 
     </span>
     <span class='ocr_line' id='line_1_32' title="bbox 123 3605 1356 3688; baseline 0.006 -20"><span class='ocrx_word' id='word_1_319' title='bbox 123 3605 180 3668; x_wconf 88' lang='lat' dir='ltr'><strong>ait:</strong></span> <span class='ocrx_word' id='word_1_320' title='bbox 202 3607 352 3669; x_wconf 80' lang='lat' dir='ltr'><strong>Dominae</strong></span> <span class='ocrx_word' id='word_1_321' title='bbox 376 3613 490 3671; x_wconf 80' lang='lat' dir='ltr'><strong>ereans&#39;t</strong></span> <span class='ocrx_word' id='word_1_322' title='bbox 511 3627 566 3680; x_wconf 84' lang='lat' dir='ltr'><strong>me,</strong></span> <span class='ocrx_word' id='word_1_323' title='bbox 590 3616 635 3670; x_wconf 89' lang='lat' dir='ltr'><strong>et:</strong></span> <span class='ocrx_word' id='word_1_324' title='bbox 658 3608 722 3688; x_wconf 67' lang='lat' dir='ltr'><strong>Bao</strong></span> <span class='ocrx_word' id='word_1_325' title='bbox 745 3627 855 3672; x_wconf 80' lang='lat' dir='ltr'><strong>servus</strong></span> <span class='ocrx_word' id='word_1_326' title='bbox 879 3619 950 3672; x_wconf 78' lang='lat' dir='ltr'><strong>teus</strong></span> <span class='ocrx_word' id='word_1_327' title='bbox 973 3619 1001 3670; x_wconf 89' lang='lat' dir='ltr'><strong>et</strong></span> <span class='ocrx_word' id='word_1_328' title='bbox 1022 3608 1108 3688; x_wconf 75' lang='lat' dir='ltr'><strong>filius</strong></span> <span class='ocrx_word' id='word_1_329' title='bbox 1130 3608 1356 3678; x_wconf 75' lang='lat' dir='ltr'><strong>unea&#39;lluetuoe.</strong></span> 
     </span>
     <span class='ocr_line' id='line_1_33' title="bbox 123 3706 1353 3791; baseline 0.002 -24"><span class='ocrx_word' id='word_1_330' title='bbox 123 3706 238 3786; x_wconf 86' lang='lat' dir='ltr'><strong>aliaque</strong></span> <span class='ocrx_word' id='word_1_331' title='bbox 259 3707 350 3770; x_wconf 89' lang='lat' dir='ltr'><strong>huius</strong></span> <span class='ocrx_word' id='word_1_332' title='bbox 372 3710 500 3788; x_wconf 78' lang='lat' dir='ltr'><strong>generis,</strong></span> <span class='ocrx_word' id='word_1_333' title='bbox 524 3727 584 3772; x_wconf 92' lang='lat' dir='ltr'><strong>uon</strong></span> <span class='ocrx_word' id='word_1_334' title='bbox 608 3709 677 3773; x_wconf 90' lang='lat' dir='ltr'><strong>ideo</strong></span> <span class='ocrx_word' id='word_1_335' title='bbox 700 3729 768 3772; x_wconf 92' lang='lat' dir='ltr'><strong>eum</strong></span> <span class='ocrx_word' id='word_1_336' title='bbox 784 3711 880 3774; x_wconf 83' lang='lat' dir='ltr'><strong>Putris</strong></span> <span class='ocrx_word' id='word_1_337' title='bbox 896 3709 1050 3791; x_wconf 79' lang='lat' dir='ltr'><strong>proprium</strong></span> <span class='ocrx_word' id='word_1_338' title='bbox 1067 3729 1137 3771; x_wconf 86' lang='lat' dir='ltr'><strong>esse</strong></span> <span class='ocrx_word' id='word_1_339' title='bbox 1153 3727 1261 3787; x_wconf 79' lang='lat' dir='ltr'><strong>negare</strong></span> <span class='ocrx_word' id='word_1_340' title='bbox 1276 3709 1353 3782; x_wconf 87' lang='lat' dir='ltr'><strong>lieet,</strong></span> 
     </span>
     <span class='ocr_line' id='line_1_34' title="bbox 126 3807 1357 3876; baseline 0.006 -8"><span class='ocrx_word' id='word_1_341' title='bbox 126 3807 178 3870; x_wconf 89' lang='lat' dir='ltr'><strong>sed</strong></span> <span class='ocrx_word' id='word_1_342' title='bbox 201 3809 241 3872; x_wconf 92' lang='lat' dir='ltr'><strong>ita</strong></span> <span class='ocrx_word' id='word_1_343' title='bbox 264 3809 302 3872; x_wconf 91' lang='lat' dir='ltr'><strong>de</strong></span> <span class='ocrx_word' id='word_1_344' title='bbox 322 3809 411 3872; x_wconf 83' lang='lat' dir='ltr'><strong>Patre</strong></span> <span class='ocrx_word' id='word_1_345' title='bbox 434 3820 463 3874; x_wconf 92' lang='lat' dir='ltr'><strong>et</strong></span> <span class='ocrx_word' id='word_1_346' title='bbox 483 3810 558 3872; x_wconf 82' lang='lat' dir='ltr'><strong>Filio</strong></span> <span class='ocrx_word' id='word_1_347' title='bbox 581 3820 614 3872; x_wconf 91' lang='grc' dir='ltr'><strong>ιιι</strong></span> <span class='ocrx_word' id='word_1_348' title='bbox 635 3813 673 3874; x_wconf 92' lang='lat' dir='ltr'><strong>de</strong></span> <span class='ocrx_word' id='word_1_349' title='bbox 694 3813 853 3876; x_wconf 88' lang='lat' dir='ltr'><strong>Salomone</strong></span> <span class='ocrx_word' id='word_1_350' title='bbox 877 3812 1030 3874; x_wconf 81' lang='lat' dir='ltr'><strong>etDaride</strong></span> <span class='ocrx_word' id='word_1_351' title='bbox 1051 3820 1131 3872; x_wconf 90' lang='lat' dir='ltr'><strong>reete</strong></span> <span class='ocrx_word' id='word_1_352' title='bbox 1153 3818 1201 3872; x_wconf 90' lang='lat' dir='ltr'><strong>est</strong></span> <span class='ocrx_word' id='word_1_353' title='bbox 1222 3810 1357 3875; x_wconf 81' lang='lat' dir='ltr'><strong>sentien-</strong></span> 
     </span>
    </p>
   </div>
   <div class='ocr_carea' id='block_1_4' title="bbox 124 4061 1357 4197">
    <p class='ocr_par' dir='ltr' id='par_1_4' title="bbox 124 4061 1357 4197">
     <span class='ocr_line' id='line_1_35' title="bbox 158 4061 1357 4132; baseline 0.001 -21"><span class='ocrx_word' id='word_1_354' title='bbox 158 4061 181 4112; x_wconf 92' lang='lat' dir='ltr'><strong>d.</strong></span> <span class='ocrx_word' id='word_1_355' title='bbox 200 4061 342 4125; x_wconf 74' lang='lat' dir='ltr'><strong>Segnerisn.</strong></span> <span class='ocrx_word' id='word_1_356' title='bbox 370 4064 467 4115; x_wconf 77' lang='lat' dir='ltr'><strong>Gohler.</strong></span> <span class='ocrx_word' id='word_1_357' title='bbox 492 4063 631 4113; x_wconf 78' lang='lat' dir='ltr'><strong>Felelm.i.</strong></span> <span class='ocrx_word' id='word_1_358' title='bbox 651 4072 675 4114; x_wconf 87' lang='lat' dir='ltr'><strong>et</strong></span> <span class='ocrx_word' id='word_1_359' title='bbox 692 4065 715 4115; x_wconf 83' lang='grc'><strong>4.</strong></span> <span class='ocrx_word' id='word_1_360' title='bbox 768 4066 824 4116; x_wconf 70' lang='lat' dir='ltr'><strong>net:</strong></span> <span class='ocrx_word' id='word_1_361' title='bbox 842 4061 1005 4132; x_wconf 77' lang='grc' dir='ltr'><strong>Σαλομῶνα.</strong></span> <span class='ocrx_word' id='word_1_362' title='bbox 1045 4063 1095 4112; x_wconf 80' lang='lat' dir='ltr'><strong>llos</strong></span> <span class='ocrx_word' id='word_1_363' title='bbox 1114 4062 1213 4112; x_wconf 78' lang='lat' dir='ltr'><strong>(labier.</strong></span> <span class='ocrx_word' id='word_1_364' title='bbox 1232 4071 1255 4112; x_wconf 86' lang='lat' dir='ltr'><strong>et</strong></span> <span class='ocrx_word' id='word_1_365' title='bbox 1273 4061 1357 4112; x_wconf 67' lang='lat' dir='ltr'><strong>retel-</strong></span> 
     </span>
     <span class='ocr_line' id='line_1_36' title="bbox 124 4121 1354 4197; baseline 0.003 -19"><span class='ocrx_word' id='word_1_366' title='bbox 124 4129 236 4180; x_wconf 89' lang='lat' dir='ltr'><strong>omittunt</strong></span> <span class='ocrx_word' id='word_1_367' title='bbox 252 4125 299 4179; x_wconf 79' lang='lat' dir='ltr'><strong>aeni</strong></span> <span class='ocrx_word' id='word_1_368' title='bbox 317 4125 348 4179; x_wconf 81' lang='grc' dir='ltr'><strong>τὸ</strong></span> <span class='ocrx_word' id='word_1_369' title='bbox 367 4125 478 4182; x_wconf 72' lang='grc' dir='ltr'><strong>ἔκτισεν.</strong></span> <span class='ocrx_word' id='word_1_370' title='bbox 768 4149 832 4184; x_wconf 84' lang='lat' dir='ltr'><strong>man.</strong></span> <span class='ocrx_word' id='word_1_371' title='bbox 847 4133 867 4183; x_wconf 91' lang='lat' dir='ltr'><strong>i.</strong></span> <span class='ocrx_word' id='word_1_372' title='bbox 888 4150 932 4197; x_wconf 83' lang='lat' dir='ltr'><strong>pro</strong></span> <span class='ocrx_word' id='word_1_373' title='bbox 951 4123 1080 4184; x_wconf 67' lang='grc' dir='ltr'><strong>εἱιελθιὶν</strong></span> <span class='ocrx_word' id='word_1_374' title='bbox 1099 4131 1187 4179; x_wconf 79' lang='lat' dir='ltr'><strong>liabent</strong></span> <span class='ocrx_word' id='word_1_375' title='bbox 1206 4121 1354 4178; x_wconf 65' lang='grc' dir='ltr'><strong><em>συνελθόν.</em></strong></span> 
     </span>
    </p>
   </div>
   <div class='ocr_carea' id='block_1_5' title="bbox 124 4197 1357 4321">
    <p class='ocr_par' dir='ltr' id='par_1_5' title="bbox 124 4197 1357 4321">
     <span class='ocr_line' id='line_1_37' title="bbox 124 4197 1357 4321; baseline -0.019 -21"><span class='ocrx_word' id='word_1_376' title='bbox 124 4199 297 4321; x_wconf 52' lang='lat' dir='ltr'><strong>„i&#39;ssssfm</strong></span> <span class='ocrx_word' id='word_1_377' title='bbox 308 4201 407 4252; x_wconf 49' lang='grc' dir='ltr'><strong>Μ’·</strong></span> <span class='ocrx_word' id='word_1_378' title='bbox 419 4201 557 4252; x_wconf 63' lang='lat'><strong>⁸⁸¹⁰¹¹¹⁰·¹·</strong></span> <span class='ocrx_word' id='word_1_379' title='bbox 573 4207 597 4251; x_wconf 74' lang='lat'><strong>²¹</strong></span> <span class='ocrx_word' id='word_1_380' title='bbox 607 4201 631 4250; x_wconf 85' lang='lat'><strong>⁴·</strong></span> <span class='ocrx_word' id='word_1_381' title='bbox 645 4197 715 4266; x_wconf 53' lang='grc' dir='ltr'><em>Μ</em></span> <span class='ocrx_word' id='word_1_382' title='bbox 801 4233 823 4281; x_wconf 86' lang='grc' dir='ltr'>ι.</span> <span class='ocrx_word' id='word_1_383' title='bbox 845 4234 933 4296; x_wconf 73' lang='lat' dir='ltr'><strong>anglie</strong></span> <span class='ocrx_word' id='word_1_384' title='bbox 952 4233 1009 4295; x_wconf 65' lang='lat' dir='ltr'><strong>neg.</strong></span> <span class='ocrx_word' id='word_1_385' title='bbox 1028 4231 1126 4284; x_wconf 63' lang='lat' dir='ltr'><strong>notter.</strong></span> <span class='ocrx_word' id='word_1_386' title='bbox 1146 4241 1168 4282; x_wconf 80' lang='lat' dir='ltr'><strong>a</strong></span> <span class='ocrx_word' id='word_1_387' title='bbox 1188 4229 1357 4282; x_wconf 61' lang='lat' dir='ltr'><strong>sulcamina.</strong></span> 
     </span>
    </p>
   </div>
   <div class='ocr_carea' id='block_1_6' title="bbox 121 4293 1357 4600">
    <p class='ocr_par' dir='ltr' id='par_1_6' title="bbox 156 4293 1248 4408">
     <span class='ocr_line' id='line_1_38' title="bbox 156 4293 1248 4408; baseline 0.005 -26"><span class='ocrx_word' id='word_1_388' title='bbox 156 4335 172 4384; x_wconf 86' lang='lat' dir='ltr'><strong>l.</strong></span> <span class='ocrx_word' id='word_1_389' title='bbox 198 4335 338 4388; x_wconf 64' lang='lat' dir='ltr'><strong>ennena</strong></span> <span class='ocrx_word' id='word_1_390' title='bbox 356 4329 409 4397; x_wconf 70' lang='grc' dir='ltr'><strong>τὴν</strong></span> <span class='ocrx_word' id='word_1_391' title='bbox 424 4327 714 4404; x_wconf 69' lang='grc' dir='ltr'><strong>ἒξᾶρχνῖςαῦτῠνφύ-</strong></span> <span class='ocrx_word' id='word_1_392' title='bbox 765 4293 879 4366; x_wconf 45' lang='grc' dir='ltr'><strong>ἔμελλεν·</strong></span> <span class='ocrx_word' id='word_1_393' title='bbox 1243 4398 1248 4408; x_wconf 43' lang='grc' dir='ltr'>Ι</span> 
     </span>
    </p>

    <p class='ocr_par' dir='ltr' id='par_1_7' title="bbox 123 4393 1357 4537">
     <span class='ocr_line' id='line_1_39' title="bbox 123 4393 1357 4462; baseline -0.003 -15"><span class='ocrx_word' id='word_1_394' title='bbox 123 4410 167 4448; x_wconf 77' lang='grc' dir='ltr'><strong>σιν</strong></span> <span class='ocrx_word' id='word_1_395' title='bbox 183 4397 230 4452; x_wconf 77' lang='lat' dir='ltr'><strong>arei</strong></span> <span class='ocrx_word' id='word_1_396' title='bbox 247 4399 345 4454; x_wconf 73' lang='grc' dir='ltr'>κτίσιν.</span> <span class='ocrx_word' id='word_1_397' title='bbox 800 4403 815 4452; x_wconf 85' lang='lat' dir='ltr'><strong>i.</strong></span> <span class='ocrx_word' id='word_1_398' title='bbox 840 4404 880 4451; x_wconf 83' lang='lat' dir='ltr'><strong>Sia</strong></span> <span class='ocrx_word' id='word_1_399' title='bbox 899 4404 997 4462; x_wconf 63' lang='lat' dir='ltr'><strong>Soanoi.</strong></span> <span class='ocrx_word' id='word_1_400' title='bbox 1017 4403 1074 4461; x_wconf 64' lang='lat' dir='ltr'><strong>neg.</strong></span> <span class='ocrx_word' id='word_1_401' title='bbox 1090 4401 1161 4450; x_wconf 74' lang='lat' dir='ltr'><strong>nesii.</strong></span> <span class='ocrx_word' id='word_1_402' title='bbox 1181 4397 1269 4458; x_wconf 72' lang='lat' dir='ltr'><strong>lagiae.</strong></span> <span class='ocrx_word' id='word_1_403' title='bbox 1284 4393 1357 4444; x_wconf 87' lang='lat' dir='ltr'><strong>.an-</strong></span> 
     </span>
     <span class='ocr_line' id='line_1_40' title="bbox 155 4460 1355 4537; baseline -0.008 -15"><span class='ocrx_word' id='word_1_404' title='bbox 155 4485 177 4532; x_wconf 69' lang='grc' dir='ltr'><strong>ι.</strong></span> <span class='ocrx_word' id='word_1_405' title='bbox 195 4473 237 4522; x_wconf 81' lang='lat' dir='ltr'><strong>Sit</strong></span> <span class='ocrx_word' id='word_1_406' title='bbox 255 4477 354 4537; x_wconf 67' lang='lat' dir='ltr'><strong>Segnia.</strong></span> <span class='ocrx_word' id='word_1_407' title='bbox 373 4471 471 4524; x_wconf 78' lang='lat' dir='ltr'><strong>(iobler.</strong></span> <span class='ocrx_word' id='word_1_408' title='bbox 490 4471 630 4523; x_wconf 72' lang='lat' dir='ltr'><strong>reteniat.</strong></span> <span class='ocrx_word' id='word_1_409' title='bbox 648 4471 711 4521; x_wconf 68' lang='lat' dir='ltr'><strong>etl.</strong></span> <span class='ocrx_word' id='word_1_410' title='bbox 764 4467 1135 4519; x_wconf 61' lang='lat' dir='ltr'><strong>interamnanam.</strong></span> <span class='ocrx_word' id='word_1_411' title='bbox 1171 4473 1198 4514; x_wconf 80' lang='lat' dir='ltr'><strong>tt</strong></span> <span class='ocrx_word' id='word_1_412' title='bbox 1216 4460 1355 4512; x_wconf 71' lang='lat' dir='ltr'><strong>fulcito-5-</strong></span> 
     </span>
    </p>

    <p class='ocr_par' dir='ltr' id='par_1_8' title="bbox 121 4529 1189 4600">
     <span class='ocr_line' id='line_1_41' title="bbox 121 4529 1189 4600; baseline -0.007 -12"><span class='ocrx_word' id='word_1_413' title='bbox 121 4545 149 4588; x_wconf 91' lang='lat' dir='ltr'><strong>ut</strong></span> <span class='ocrx_word' id='word_1_414' title='bbox 165 4548 189 4590; x_wconf 86' lang='lat' dir='ltr'><strong>et</strong></span> <span class='ocrx_word' id='word_1_415' title='bbox 206 4541 278 4592; x_wconf 76' lang='lat' dir='ltr'><strong>iulia.</strong></span> <span class='ocrx_word' id='word_1_416' title='bbox 313 4541 343 4592; x_wconf 84' lang='lat' dir='ltr'><strong>dt</strong></span> <span class='ocrx_word' id='word_1_417' title='bbox 363 4542 406 4592; x_wconf 85' lang='lat' dir='ltr'><strong>atii</strong></span> <span class='ocrx_word' id='word_1_418' title='bbox 434 4555 487 4592; x_wconf 83' lang='lat' dir='ltr'><strong>eun</strong></span> <span class='ocrx_word' id='word_1_419' title='bbox 514 4538 620 4590; x_wconf 82' lang='lat' dir='ltr'><strong>ednione</strong></span> <span class='ocrx_word' id='word_1_420' title='bbox 638 4537 713 4588; x_wconf 76' lang='lat' dir='ltr'><strong>con-</strong></span> <span class='ocrx_word' id='word_1_421' title='bbox 762 4531 881 4600; x_wconf 69' lang='lat' dir='ltr'><strong>urano</strong></span> <span class='ocrx_word' id='word_1_422' title='bbox 898 4529 940 4586; x_wconf 67' lang='lat' dir='ltr'><strong>aa.</strong></span> <span class='ocrx_word' id='word_1_423' title='bbox 976 4535 1039 4587; x_wconf 70' lang='lat' dir='ltr'><strong>illiti</strong></span> <span class='ocrx_word' id='word_1_424' title='bbox 1056 4529 1189 4595; x_wconf 71' lang='grc' dir='ltr'>λέγουσιν.</span> 
     </span>
    </p>
   </div>
   <div class='ocr_carea' id='block_1_7' title="bbox 154 4613 1148 4673">
    <p class='ocr_par' dir='ltr' id='par_1_9' title="bbox 154 4613 1148 4673">
     <span class='ocr_line' id='line_1_42' title="bbox 154 4613 1148 4673; baseline -0.001 -3"><span class='ocrx_word' id='word_1_425' title='bbox 154 4626 284 4673; x_wconf 70' lang='lat' dir='ltr'><strong>truantur</strong></span> <span class='ocrx_word' id='word_1_426' title='bbox 297 4639 350 4673; x_wconf 78' lang='lat' dir='ltr'><strong>aar.</strong></span> <span class='ocrx_word' id='word_1_427' title='bbox 363 4637 436 4672; x_wconf 79' lang='lat' dir='ltr'><strong>soor.</strong></span> <span class='ocrx_word' id='word_1_428' title='bbox 449 4638 499 4670; x_wconf 80' lang='lat' dir='ltr'><strong>sao.</strong></span> <span class='ocrx_word' id='word_1_429' title='bbox 1117 4613 1148 4659; x_wconf 76' lang='lat'><strong>¹⁹</strong></span> 
     </span>
    </p>
   </div>
   <div class='ocr_carea' id='block_1_8' title="bbox 0 0 1612 5048">
    <p class='ocr_par' dir='ltr' id='par_1_10' title="bbox 0 0 1612 5048">
     <span class='ocr_line' id='line_1_43' title="bbox 0 0 1612 5048; baseline 0 1"><span class='ocrx_word' id='word_1_430' title='bbox 0 0 1612 5048; x_wconf 95' lang='lat' dir='ltr'><strong> </strong></span> 
     </span>
    </p>
   </div>
  </div>
 </body>
</html>
