3176 5058
247 280 669 326 S.drmtsttnttctt1nnlscor1
684 281 827 325 tristans
843 281 879 322 BE
897 280 1062 325 SENTENTIA
1077 280 1217 325 ntontstt.
1302 266 1342 330 93

124 436 218 494 m'cam
242 433 378 518 retundit
399 430 616 511 impudentiam
634 429 872 510 catholicumque
886 430 1066 511 Dionysium
1084 429 1178 510 plane
1195 447 1426 494 common-oua.
1507 506 1511 520 ι

122 545 203 597 urat
225 545 253 596 et
274 533 311 594 ab
334 533 404 593 Arii
425 533 575 592 sententia
596 529 825 591 alienissimum.
1179 597 1182 604 ,

205 633 256 696 111.
300 633 421 694 Baimia
439 649 539 712 porro
563 631 720 693 hio-obuia
734 630 876 708 Dionysii
897 632 970 704 loca,
993 635 1099 715 quibus
1116 637 1207 698 tertio
1223 631 1344 695 saeculo

118 719 262 814 Dionysii
283 734 534 795 adversariorum
557 731 684 813 depuisa
707 735 895 802 criminatio,
918 745 1025 813 quarto
1048 734 1235 796 driauorum
1258 732 1345 794 cahu-

116 841 204 900 mnia
227 831 319 896 semul
340 845 368 896 ct
386 851 487 914 praua
510 833 652 894 doctrina
675 833 836 912 constttata
858 841 918 901 est,
937 837 1013 912 pari
1034 833 1172 916 hodieque
1194 839 1227 897 oi
1242 833 1344 916 pohie-

118 949 175 1000 ant
203 936 243 998 ad
272 951 365 996 nonos
394 932 580 1013 refellendas
603 933 749 1006 Arianos,
780 935 833 1013 qui
855 930 944 994 Verbi
970 933 1105 994 deitatem
1126 935 1206 997 hand
1226 940 1344 998 minore

120 1055 212 1118 quam
240 1038 340 1116 prisci
364 1033 413 1096 iili
440 1037 591 1115 inpietate
614 1044 805 1114 oppuqnaut‚
834 1035 941 1114 quique
964 1050 1051 1094 suam
1072 1039 1249 1098 sententiam
1269 1056 1343 1100 oen—

119 1142 221 1200 ditant
252 1146 287 1198 ut
314 1135 474 1216 prioribus
495 1133 646 1196 Ecclesiae
675 1133 803 1196 saeculis
832 1132 923 1214 ouhqa
954 1142 1114 1213 receptam.
1158 1133 1289 1216 Namque
1309 1149 1344 1200 ut

117 1249 241 1301 caetera
265 1250 376 1301 taceam
399 1253 437 1298 ea
458 1239 505 1306 iis,
529 1253 604 1318 quae
625 1253 706 1296 num.
725 1235 775 1298 19.
798 1233 957 1306 habentur,
979 1234 1105 1313 planum
1127 1243 1180 1305 est,
1204 1252 1289 1296 uoces
1305 1236 1345 1296 il-

116 1339 167 1401 las
190 1333 224 1400 iu
245 1336 303 1420 τῆς
325 1329 441 1412 οὐσίας
463 1346 493 1398 ct
515 1327 693 1417 ὁμοούσιαν
714 1341 775 1398 iam
790 1345 853 1397 tum
868 1337 1001 1398 urbatus
1017 1335 1216 1415 ouhqotasque
1229 1335 1344 1413 suisseq

114 1447 178 1508 ita¹
191 1450 227 1502 ut
256 1441 290 1500 de
314 1437 389 1500 Filia
414 1437 580 1517 loquentem
603 1455 638 1500 ea
661 1437 754 1500 uerba
776 1441 966 1518 impupnasse
988 1454 1149 1500 erroneum
1172 1435 1344 1504 haberetur,

116 1543 254 1606 amisisse
276 1543 485 1619 suspiciosum.
530 1537 648 1599 Eminet
668 1555 741 1600 uero
765 1538 902 1600 omm'bus
924 1537 994 1600 ah'is
1008 1537 1153 1618 Dionysii
1171 1537 1258 1600 dictis
1275 1535 1350 1622 haec

111 1641 281 1726 praeclaro
311 1644 472 1721 aureisque
499 1640 634 1719 apicibus
657 1639 814 1700 meranda
835 1643 998 1710 sententia,
1028 1657 1087 1719 qua
1109 1655 1210 1700 omnes
1231 1639 1345 1718 prasii-

114 1756 233 1824 qantur
248 1744 395 1805 adversus
411 1739 587 1802 Trinitatem
603 1740 727 1800 abortae
744 1739 890 1812 haereses,
905 1758 987 1812 num.
1006 1741 1055 1802 17.
1078 1729 1165 1801 abaco
1179 1735 1239 1819 μὲν
1249 1729 1345 1820 ἡμεῖς

116 1841 169 1920 ε’ίς
190 1865 226 1905 rc
247 1839 305 1924 τὴν
325 1837 445 1922 τριάδα
466 1836 524 1922 τὴν
545 1835 675 1920 μονάδα
689 1835 896 1922 πλατάνομεν
912 1831 1108 1922 ἀδιαίρετον,
1131 1839 1185 1902 καὶ
1200 1834 1259 1921 τὴν
1273 1860 1344 1921 τρι-

117 1941 187 2010 άδα
215 1937 317 2006 πάλιν
340 1935 502 2024 άμείωτον
525 1938 572 2016 εἰς
591 1937 650 2024 τὴν
671 1937 800 2021 μονάδα
823 1937 1166 2026 συγκεφαλαιούμεθα.
1213 1941 1263 2002 Sic
1285 1959 1364 2001 nos¹

117 2043 240 2125 quidem
266 2043 413 2105 Unitatem
445 2041 655 2105 indivisibilem
689 2042 720 2102 in
742 2041 916 2104 Trinitatem
947 2043 1120 2116 dilatamus,
1153 2060 1186 2104 ac
1214 2041 1344 2103 uicissim

118 2145 304 2220 Trinitatem,
328 2163 402 2224 quase
423 2144 558 2208 imminui
581 2143 694 2224 nequit,
719 2143 749 2204 in
771 2143 916 2205 Unitaiem
940 2143 1154 2205 contrahimus.
1197 2141 1280 2205 Haeo
1294 2145 1343 2204 in-

118 2265 209 2328 quam
236 2252 410 2332 sententia,¹
428 2262 503 2328 quae
528 2251 562 2307 in
591 2247 727 2308 omnibus
757 2245 880 2308 Graecis
901 2245 1062 2308 Athanasii
1088 2245 1174 2306 editis
1202 2243 1344 2304 hactenus

122 2347 361 2418 desiderabatur,
383 2351 444 2408 iam
462 2351 563 2426 primo
582 2347 693 2410 Graece
710 2347 817 2427 prodit
840 2351 972 2408 omnium
993 2345 1052 2425 fide
1066 2347 1346 2422 manuscriptorum

81 2441 85 2450 '
123 2450 277 2508 restituta.
324 2445 465 2526 Caliapso
486 2451 592 2529 quippe
613 2448 683 2526 suit,
708 2449 789 2530 quod
810 2465 896 2509 voces
918 2441 1038 2528 τριάδα
1059 2455 1089 2507 et
1109 2439 1239 2525 μδνάδα
1261 2445 1345 2504 sirni-

124 2544 197 2608 liter
220 2549 337 2608 omnmo
360 2547 537 2609 desinerent.

206 2644 251 2706 tv.
294 2646 333 2708 dc
354 2665 426 2711 aero
448 2667 509 2712 nan
532 2650 602 2713 haec
623 2645 687 2712 tend
710 2669 748 2712 ec
764 2651 877 2712 Graeco
900 2661 985 2714 tantu
1008 2647 1163 2710 caeciderat
1178 2649 1427 2720 centensimum.

117 2745 232 2810 multae
252 2752 360 2830 quippe
381 2749 459 2812 odrae
482 2762 555 2814 sunt
576 2757 610 2814 in
633 2752 688 2813 hoe
710 2751 840 2833 epistola
860 2754 1089 2814 amanuensium
1111 2750 1184 2810 uitio
1209 2751 1342 2818 omissae,

116 2847 197 2930 quod
224 2851 359 2912 uidelicet
388 2853 465 2914 duae
487 2863 706 2929 consequenter
724 2856 843 2930 positae
867 2851 1020 2913 clausulae
1043 2849 1090 2911 cel
1112 2851 1210 2910 eodem
1231 2847 1280 2910 oei
1300 2851 1344 2909 si-

116 2948 231 3010 militer
253 2951 406 3011 desinente
427 2967 498 3010 vace
523 2951 681 3021 caderent;
706 2969 779 3028 quae
804 2969 902 3013 omues
920 2957 1103 3032 optimorum
1117 2955 1344 3028 manuscripta-

118 3066 188 3110 rum
212 3066 267 3128 ope
289 3052 350 3108 iam
372 3059 445 3109 satu
466 3045 600 3124 feliciter
624 3051 790 3109 restitutae.
834 3049 872 3109 Et
900 3069 972 3112 sane
1001 3053 1077 3114 nihil
1098 3053 1290 3133 frequentias
1312 3052 1343 3110 in

119 3159 183 3211 toto
206 3148 369 3210 Athanasii
395 3164 523 3227 operum
552 3147 680 3207 decursu
709 3149 809 3210 uidere
838 3159 897 3219 est,
921 3171 1008 3229 quam
1031 3152 1186 3214 charmadas
1207 3156 1343 3229 iuteqrae

119 3251 176 3311 hoc
200 3249 304 3329 lapsus
326 3265 433 3328 qenerc
451 3252 697 3328 praetermissae.
733 3247 771 3310 Ut
785 3249 834 3312 neb
848 3249 916 3312 hinc
926 3251 1030 3331 palam
1044 3253 1178 3315 amnibus
1192 3257 1239 3323 sit,
1256 3269 1344 3332 quum

119 3355 295 3412 necessaria
317 3349 416 3428 sacru
437 3369 517 3412 nova
539 3350 671 3411 eiusdem
693 3355 793 3414 sancti
810 3353 955 3415 Doctoris
980 3369 1103 3433 operum
1124 3356 1223 3416 editio.

205 3451 239 3510 V.
288 3449 377 3521 Quod
403 3461 500 3513 autem
521 3451 682 3524 Eusebius,
712 3457 765 3534 qui
784 3453 926 3534 Dionysii
943 3466 1026 3535 qesta
1046 3454 1116 3532 susc
1138 3458 1211 3515 satis
1232 3471 1343 3534 prosc-

121 3553 239 3630 quitur,
263 3567 299 3610 ne
320 3551 443 3613 uerbum
465 3553 580 3632 quidem
604 3553 638 3614 de
660 3553 714 3615 hac
738 3553 867 3616 historia
887 3555 1004 3634 fecerit,
1029 3556 1097 3642 hinc
1118 3574 1192 3616 sane
1214 3565 1343 3634 auqetur

121 3653 182 3709 iam
204 3649 325 3730 vulquta
348 3654 382 3714 de
403 3657 469 3733 ipsa
491 3657 637 3733 nimisque
658 3655 749 3734 firma
764 3658 931 3718 drr'anismi
951 3661 1093 3737 susspicio.
1140 3655 1252 3717 Callida
1264 3673 1342 3734 pra-

117 3751 200 3831 secto
224 3757 317 3815 tacuit
340 3755 460 3816 haeresi
479 3773 552 3817 suae
575 3757 733 3818 eccc'tiosom
758 3757 925 3828 historiam,
949 3777 1035 3838 quam
1059 3761 1218 3827 incautius,
1242 3766 1277 3816 ut
1298 3759 1342 3816 ait

5 3892 6 3898 κ
116 3850 319 3926 Athanasius,
349 3855 405 3915 adii
425 3857 536 3916 Ariani
562 3859 595 3916 in
624 3874 765 3937 suamque
783 3861 947 3936 perniciem
970 3857 1161 3937 eoulqurunt.
1207 3857 1342 3935 Apparet

115 3961 218 4014 autem
241 3971 278 4013 etc
300 3955 475 4034 quibusdam
498 3955 587 4016 huius
611 3955 754 4035 epe'etoiae
777 3955 865 4032 locis,
890 3963 987 4037 ipsum
1009 3957 1114 4019 Arium
1137 3959 1171 4020 de
1193 3955 1339 4034 Dionysio

116 4071 271 4115 rumorem
293 4052 381 4115 illum
402 4059 553 4134 sparsisse
560 4074 569 4128 ;
594 4059 657 4115 nisi
675 4056 759 4134 sorte
783 4060 896 4136 tropice
911 4061 1017 4119 Areum
1028 4077 1089 4138 pro
1105 4059 1228 4120 Arianis
1245 4057 1341 4119 dtho-

113 4159 223 4217 massus
253 4155 414 4234 siqm'ficet,
447 4173 532 4234 quem
563 4159 631 4216 item
654 4154 761 4217 dn'um
782 4162 871 4238 quasi
891 4162 1085 4238 superstitem
1108 4156 1269 4240 aliquando
1292 4157 1340 4219 ho-

113 4266 251 4336 qucntem
274 4255 403 4324 inducit,
428 4257 547 4319 tametsi
566 4255 643 4317 hauc
666 4255 821 4336 epistolam
841 4267 912 4338 post
935 4257 1108 4340 defunctum
1131 4257 1236 4320 Arium
1259 4257 1339 4319 scri-

106 4365 197 4435 ptam
217 4355 316 4434 [uisse
338 4359 391 4416 ar'n
413 4360 560 4435 quispiam
583 4359 623 4416 sit
645 4358 804 4419 dubitandi
825 4357 918 4420 locus.
1138 4353 1145 4368 '

572 4500 873 4512 -ο--ιι--ι--ιι
