3220 5046
223 245 284 311 178
618 253 645 296 ε.
661 251 815 298 nummu
829 251 1053 298 εεοαιεειεεοει

136 429 214 477 μου.
309 412 365 474 16ν
405 400 574 470 Τοιούτων
604 399 643 486 δὴ
666 389 724 467 οῦν
747 394 885 468 ἀτόπων
906 403 960 468 καὶ
983 399 1078 485 παρὰ
1098 398 1156 491 τῂν
1179 393 1342 490 ἀλήθειαν
1365 397 1446 472 ἀνα·

221 511 430 598 φαινομένων
453 505 629 589 λογισμῶν,
654 495 772 590 ἀνάγκη
796 502 900 588 λέγειν
922 501 961 568 τό
983 501 1018 576 ἐκ
1039 503 1097 588 τῆς
1113 495 1229 582 οὐσίας
1242 506 1301 572 τοῦ
1317 505 1445 592 πατρὸς

219 610 308 678 ἰ’όισν
331 601 432 676 αὐτοῦ
455 604 590 690 σύμπαν
613 597 777 672 εἶναινῦν
798 604 887 672 υἱόν·
915 601 1035 690 τὸγὰρ
1060 599 1146 683 ὅλως
1165 610 1366 689 μετίχεσθαι
1386 606 1444 673 τόν
1522 655 1552 700 ·.

219 710 304 778 θεόν
326 704 400 778 ἶσόν
422 707 495 774 ἐστι
515 708 620 792 λέγειν
643 701 696 772 ότι
717 707 772 772 καί
792 709 907 792 γεννᾷ·
929 704 986 772 ·τό
1008 705 1045 772 δέ
1065 707 1180 794 γεννᾷν
1202 712 1236 774 τί
1258 703 1446 794 σημαίνειῆ

220 811 311 894 υίόν,Ι
345 804 446 878 αὐτοῦ
467 811 545 894 γοῦν
566 809 625 872 τοῦ
639 807 720 874 ὐἱοῦ
742 811 870 891 μετέχει
890 805 937 873 τά
953 807 1065 874 πάντα
1079 806 1163 874 κατὰ
1176 807 1236 894 τὴν
1249 812 1308 876 τοῦ
1323 809 1446 878 ίπνεύ-

219 935 326 998 ματος
345 915 516 998 γινομένην
537 903 615 995 παρ’
640 904 742 975 αὐτοῦ
762 907 867 994 χάριν,
889 907 1110 997 καί“φανιρόν
1126 907 1161 976 έκ
1174 908 1293 976 τούτου
1307 915 1442 996 γίνεται,

221 1009 276 1081 ότι
296 1009 474 1095 αύτόςμὲν
497 1005 515 1076 ό
537 1008 609 1088 υίὸς
630 1006 764 1090 οὐδενός
784 1015 921 1094 μετέχει,
944 1009 983 1076 τὸ
1006 1011 1041 1078 δέ
1064 1010 1099 1078 ίκ
1120 1013 1179 1078 τοῦ
1201 1010 1329 1098 πατρός
1349 1037 1445 1096 μετε-

217 1114 365 1200 χόμενον,
388 1109 486 1178 τοῦτό
509 1111 599 1180 ἐστιν
623 1107 641 1178 ὁ
664 1111 752 1190 υἱός·
774 1105 875 1178 αὐτοῦ
897 1110 958 1196 γάρ
981 1114 1056 1178 ’τοῦ
1078 1112 1152 1194 υἱοῦ
1173 1103 1364 1196 μετέχοντες
1384 1116 1443 1180 τοῦ

218 1219 303 1282 θεοῦ
324 1219 469 1298 μετέχειν
492 1211 667 1299 λεγόμεθα,
691 1215 744 1286 καὶ
767 1212 866 1279 τοῦτό
888 1212 988 1293 έστιν,
1013 1211 1031 1278 ὃ
1053 1212 1160 1298 ἔλεγεν
1182 1209 1201 1279 ό
1220 1219 1364 1299 Πέτρος·
1387 1214 1444 1282 ἵνα

218 1320 360 1402 γένησθε
388 1319 488 1394 θείας
516 1317 669 1382 κοινωνοὶ
700 1313 832 1402 φύσεως
841 1317 877 1394 ¹),
911 1310 977 1392 έιύς
1007 1337 1091 1403 φησι
1118 1313 1174 1382 καὶ
1196 1311 1214 1380 ό
1238 1309 1443 1396 ἀπόστολος·

219 1411 278 1486 οὐκ
301 1416 414 1484 σ’ίόατε
436 1413 490 1482 ότι
511 1414 589 1496 ναὸς
610 1417 695 1484 θεοῦ
718 1415 842 1498 ἐστι’),
868 1421 939 1482 καί·
960 1411 1056 1501 ἡμείς
1069 1416 1131 1503 γὰρ
1153 1416 1232 1496 ναός
1246 1420 1330 1484 θεοῦ
1346 1417 1443 1501 έσμεν

220 1517 379 1599 ζῦντσς’).
423 1525 478 1584 καὶ
507 1511 607 1584 αὐτὸν
634 1517 671 1585 δὲ
699 1516 757 1584 τόν
779 1517 851 1584 υίὸν
872 1518 1052 1601 βλέποντες
1075 1513 1201 1605 ὁρῶμεν
1223 1517 1281 1584 τόν
1303 1525 1442 1605 πατέρα,

218 1613 239 1704 ἡ
266 1616 329 1704 γάρ
360 1620 419 1686 τοῦ
448 1618 521 1684 υἱοῦ
544 1617 656 1686 έννοια
676 1621 730 1686 καί
752 1617 940 1706 κατάληψις
960 1623 1080 1706 γνῶσίς
1102 1619 1173 1686 ἐστι
1195 1618 1274 1705 περὶ
1294 1623 1353 1685 τοῦ
1375 1643 1443 1686 πα-

218 1717 312 1805 τρός,
336 1718 393 1787 όιά
415 1718 453 1784 τὸ
477 1719 512 1786 ἐκ
532 1722 591 1807 τῆς
613 1714 729 1800 οὐσίας
751 1715 853 1786 αὐτοῦ
875 1721 964 1788 ἰ’όιον
986 1715 1071 1788 εἶναι
1091 1726 1249 1806 γέννημα·
1273 1715 1382 1805 ὥςπερ
1406 1721 1443 1788 δέ

218 1819 259 1886 τὸ
279 1825 477 1905 μετίχεσθαι
499 1814 558 1888 οὐκ
580 1818 620 1888 ἀν
642 1847 693 1900 τις
714 1817 804 1907 ύμεῦν
827 1821 877 1889 ότι
898 1821 1014 1901 πάθος
1036 1823 1129 1890 ε’ίπσι
1142 1823 1196 1887 καὶ
1210 1820 1371 1907 μερισμόν
1384 1825 1443 1908 τῆς

133 1923 279 1988 καινοῦ
300 1924 385 1988 θεοῦ
408 1916 523 2002 οὐσίας
544 1930 566 2000 (⁹
574 1923 756 2009 δεδήλωται
776 1913 838 2008 γάρ
860 1925 914 1990 καί
937 1919 1146 2011 ὡμολόγηται
1166 1929 1366 2006 μετέχεσθαι
1383 1922 1441 1990 τὸν

218 2021 312 2104 θεόν,
335 2025 389 2090 καί
410 2027 530 2091 τοῦτον
553 2018 638 2092 εἶναι
657 2029 858 2108 μετέχεσθαι
878 2026 932 2090 καὶ
954 2027 1090 2111 γεννᾷν),
1114 2020 1220 2103 οῦτως
1241 2023 1280 2088 τὸ
1301 2030 1443 2112 γέννημα

218 2119 258 2191 ού
285 2124 403 2204 πόθος
433 2120 511 2194 οὐδὲ
530 2125 692 2212 μερισμός
714 2125 785 2192 ἐστι
807 2128 865 2212 τῆς
885 2131 1048 2210 μακαρίας
1063 2125 1192 2212 ,ἐκείνης
1213 2119 1338 2204 οὐσίας.
1370 2121 1444 2222 οὐκ

219 2223 363 2294 ἀπιστον
386 2225 452 2313 ἀρα
473 2228 563 2296 ἐστίν
586 2226 658 2294 υἱόν
681 2226 764 2309 ’ἔχειν
786 2225 844 2292 τόν
867 2223 960 2304 θεόν,
982 2229 1041 2311 τῆς
1063 2227 1151 2304 ἰδίας
1172 2221 1288 2306 οὐσίας
1310 2225 1347 2292 τὸ
1370 2232 1443 2312 γέν·
1496 2305 1498 2313 Ι

218 2349 321 2415 νημα·
345 2322 418 2394 οὐδ’
443 2326 508 2416 ἀρα
529 2329 646 2408 πόθος
666 2331 721 2394 καί
743 2325 904 2412 μερισμὸν
926 2329 984 2414 τῆς
1006 2323 1121 2407 οὐσίας
1142 2332 1200 2395 τοῦ
1222 2330 1306 2394 θεοῦ
1323 2335 1443 2415 σημαί-

140 2501 146 2506 ,
217 2453 327 2516 νυμον,
351 2431 499 2517 λέγοντες
520 2428 592 2496 υἱὸν
615 2432 667 2496 καί
690 2434 841 2514 γέννημα,
866 2421 950 2494 ἀλλὰ
970 2428 1096 2512 μᾶλλον
1117 2427 1157 2494 τὸ
1178 2427 1312 2517 γνήσιον
1333 2427 1442 2496 καὶτὸ

219 2526 382 2620 ἀληθινόν
403 2534 458 2596 καί
479 2529 518 2596 τό
539 2530 714 2614 μονογενὲς
734 2526 810 2594 ’τοῦ
833 2532 917 2596 θεοῦ
938 2529 1153 2616 γινώσκοντες
1175 2526 1262 2596 οῦτω
1285 2530 1444 2600 πιστεύο-

218 2657 288 2719 μεν.
332 2630 450 2698 τούτου
479 2631 515 2698 δέ
543 2624 649 2707 οῦτως
675 2633 892 2716 πεφασμένου
919 2632 974 2696 καὶ
1003 2631 1225 2715 δεικνυμένου,
1260 2627 1314 2699 ότι
1340 2631 1381 2714 τό
1408 2631 1444 2699 έκ

218 2738 278 2821 τῆς
297 2736 357 2801 τοῦ
379 2728 507 2816 πατρὸς
529 2723 644 2808 οὐσίας
665 2735 808 2818 γέννημα
828 2729 927 2797 τοῦτό
949 2731 1039 2798 ἔστιν
1062 2727 1080 2798 ό
1102 2731 1181 2811 υἱός,
1199 2727 1308 2800 οὐδενί
1322 2731 1443 2800 λοιπόν
1516 2735 1522 2742 ’

218 2829 410 2923 ἀμφίβολον
441 2825 526 2896 ἀλλά
552 2832 607 2896 καὶ
633 2830 802 2919 πρόδηλον
824 2825 865 2898 ἀν
888 2833 953 2920 εἴη,
989 2829 1042 2898 ότι
1062 2833 1161 2899 τοῦτό
1184 2831 1273 2900 ἐστιν
1295 2829 1315 2921 ἡ
1338 2839 1444 2922 σοφία

217 2937 274 3002 καί
307 2929 325 2998 ό
357 2931 453 3016 λόγος
484 2933 544 2998 τοῦ
573 2930 716 3019 πατρός,
741 2931 785 3000 ,ἒν
814 2921 842 3019 ηῦ
863 2937 917 3001 καὶ
941 2928 986 3000 δι’
1012 2923 1051 3002 οῦ
1072 2934 1114 3002 τὰ
1135 2935 1253 3020 πάνταΙ
1267 2931 1368 3016 κτίζει
1389 2933 1445 3002 καὶ

218 3043 322 3114 ποιεῖ,
345 3035 399 3100 καὶ
421 3031 521 3100 τοῦτό
542 3031 633 3102 ἐστιν
656 3029 756 3102 αὐτοῦ
778 3033 817 3100 τὸ
841 3030 1053 3120 ἀπαύγασμα,
1077 3025 1174 3123 ’ἐνήῦ
1188 3035 1230 3103 τά
1245 3035 1356 3103 πάντα
1371 3061 1444 3124 φω-

219 3136 302 3216 τίζει
321 3135 376 3200 καί
399 3128 670 3204 ἀποκαλύπτεται
692 3131 743 3215 οἷς
766 3134 822 3203 ἐὰν
837 3139 931 3224 θέλῃ,
947 3137 1045 3204 τοῦτό
1062 3137 1150 3206 ἐστιν
1166 3131 1266 3204 αὐτοῦ
1279 3136 1442 3224 χαρακτὴρ

218 3237 273 3304 καί
302 3233 412 3318 εἰκών,
443 3235 477 3304 έν
506 3225 736 3324 ᾦθεωρεῖται
757 3239 811 3302 καί
833 3236 1044 3321 γινώσκεται,
1074 3237 1204 3306 διὸκαὶ
1226 3233 1399 3318 αὐτόςκαί
1424 3235 1442 3304 ό

218 3335 330 3425 πατὴρ
353 3337 386 3404 έν
409 3338 476 3405 είσι
498 3340 564 3415 (καὶ
584 3337 646 3424 γὰρ
670 3332 688 3402 ό
702 3338 820 3404 τοῦτον
834 3338 968 3422 βλέπων
982 3341 1100 3425 βλέπει
1114 3343 1168 3407 καί
1183 3340 1241 3408 τὸν
1255 3345 1383 3426 πατέρα
1392 3342 1442 3420 λγ),

218 3436 317 3505 τοῦτό
340 3437 429 3506 ἔστιν
453 3434 641 3523 όΧριστός,
665 3437 699 3504 έν
722 3427 750 3524 ᾦ
770 3437 813 3502 τά
834 3439 945 3507 πάντα
966 3439 1175 3527 λελύτρωται,
1198 3444 1252 3508 καὶ
1267 3439 1369 3508 πάλιν
1383 3438 1443 3525 τὴν
1525 3459 1528 3464 ·

217 3538 333 3627 καινὴν
356 3537 531 3626 είργάσατο
553 3546 660 3606 κτίσιν
668 3541 700 3618 ⁵).
739 3540 817 3604 ι·τοῦ
841 3539 877 3607 δέ
899 3541 972 3608 υἱοῦ
994 3542 1098 3611 πόλιν
1120 3541 1225 3622 ούτως
1247 3539 1351 3624 ὄντος,
1375 3535 1440 3624 οὐχ’

220 3635 366 3726 ἁρμόζει,
389 3634 475 3708 ἀλλὰ
496 3639 551 3708 καὶ
572 3642 647 3709 λίαν
669 3639 877 3708 ἐπικίνδυνόν
901 3640 990 3710 ἔστιν
1013 3644 1119 3713 εἰπεῖν
1134 3648 1251 3712 τοῦτον
1266 3643 1302 3723 έξ
1316 3637 1373 3710 οὐκ
1389 3638 1444 3708 όν-

219 3765 291 3809 των»
307 3747 447 3830 ποίημα,
470 3735 491 3828 ἢ
513 3736 572 3810 οὐκ
593 3731 632 3830 ἦν
654 3744 734 3830 πρὶν
756 3748 909 3833 γεννηθῇ.
955 3740 972 3812 ό
994 3745 1055 3832 γὰρ
1078 3744 1118 3812 τό
1139 3746 1226 3814 ἰ’όιον
1249 3747 1306 3831 τῆς
1328 3737 1443 3820 οὐσίας

292 3930 315 3992 1)
334 3930 357 3981 2.
376 3931 440 3984 Ρεπ.
461 3931 483 3993 1,
501 3931 525 3982 4.
595 3931 620 3992 2)
641 3934 662 3983 1.
682 3933 737 3984 Cor.
757 3933 781 3996 3,
803 3934 840 3985 16.
910 3934 1095 3994 ancone,
1116 3933 1154 3984 16.
1229 3931 1255 3994 4)
1274 3932 1339 3984 Ιοια.
1360 3931 1400 3992 14.
1418 3931 1442 3982 9.

220 3997 289 4060 M.
308 3999 364 4050 Gor.
382 3999 407 4060 5,
428 3999 467 4049 17.
841 4038 845 4048 .

257 4148 279 4182 τ.
298 4131 346 4184 Sic.
364 4133 464 4196 θεςαεε.
493 4133 539 4184 Alii
557 4149 612 4185 τωο
630 4127 663 4184 τό
676 4127 706 4184 δὲ
714 4133 806 4199 γεννᾷ.
894 4151 914 4186 ε,
933 4133 1072 4196 διςαειίεα.
1097 4131 1170 4208 θρείΙ.
1187 4129 1278 4194 Angue.
1303 4127 1402 4182 Gobler.
1419 4141 1444 4208 ει

257 4200 281 4250 b.
299 4199 341 4250 Sic
357 4201 497 4264 θεςαειίεα.
515 4202 613 4254 ίὶσόίεε.
632 4210 655 4252 ει
669 4203 774 4252 Felckm.
787 4203 809 4252 1.
860 4201 964 4250 Felckm.
982 4199 1004 4248 1.
1022 4197 1072 4246 τού
1095 4196 1156 4244 υιοῦ
1178 4192 1344 4264 μετέχοντες.
1379 4197 1444 4250 nuni

224 4275 296 4332 ιεηαε
321 4268 352 4318 iu
381 4269 438 4332 Ιεςίι
460 4269 577 4322 Nunnius.
619 4269 681 4322 Editi
704 4263 827 4336 πατρὸς·
859 4265 908 4316 τοῦ
925 4259 987 4314 υόοό
1002 4261 1171 4331 μετέχοντος.
1247 4323 1257 4346 ε
1320 4325 1327 4344 ,
1386 4326 1430 4344 Η

222 4331 382 4401 γενομένην.
419 4337 481 4415 Μαι,
495 4339 636 4418 εεςυεηίια.
660 4337 761 4414 (ἰοόίεεη
785 4343 809 4385 ει
892 4334 916 4384 d.
935 4333 1032 4384 ῦοΙιΙει.
1052 4327 1445 4426 οιῖτΙεηωΛῃηκαιμαυλητ

177 4398 531 4524 .ῗλέλ·ύὲιύιῖίί”
548 4416 662 4470 '‘m“
700 4403 762 4453 ³⁶¹¹*
779 4395 809 4452 ‘²‘
858 4399 1360 4534 ὐλύἳιμύλεῗόέίὲῗλιλύῗὶλξῖί
1369 4415 1445 4534 όλλῖ
