3174 5082
64 172 67 180 ·
81 185 84 191 -
202 165 218 200 Ι

176 289 216 378 td
355 352 358 360 ,
709 300 882 346 amrium.

173 453 293 526 neruis,
309 452 353 514 vir
364 451 470 514 doctus
483 466 573 527 opera
586 448 684 513 omnia
695 449 918 530 apologatarum
930 467 1103 529 graecorum
1119 468 1196 512 saec
1212 451 1249 512 ll.
1273 460 1303 513 ct
1323 449 1391 514 Cle·

171 555 280 618 mentis
294 550 482 614 Alexandrini
505 559 592 630 atquo
607 549 755 629 Origeuis,
778 550 849 617 item
864 550 1046 624 Tertulliani,
1070 551 1215 631 Cypriani,
1237 551 1392 624 tacendi.

171 654 275 719 Hilarii
297 671 363 714 cum
386 651 538 728 opusculis
559 651 678 714 Minucii
699 649 816 723 Felicis,
838 650 993 714 Noratiani
1015 661 1045 712 et
1064 651 1163 731 Optati
1178 653 1334 716 hlilevitani
1355 651 1392 714 ad

171 753 347 833 exemplaria
362 752 541 832 optimarum
558 751 719 814 editionum
736 752 811 831 typis
827 751 925 814 denuo
941 751 1134 816 describenda
1146 753 1267 816 curarit.
1298 753 1393 832 Atque

171 857 283 935 idque
305 853 430 916 consilio
453 853 556 914 lecerit
577 851 663 914 latius
684 860 820 932 patente,
853 853 919 932 ipse
946 853 977 916 in
1000 853 1124 934 epistola
1146 854 1182 916 ad
1203 855 1307 916 Franc.
1329 855 1391 916 dn-

122 1038 126 1049 .
172 957 287 1020 tunium
321 955 425 1028 vitale,
456 953 629 1018 Tertulliani
655 952 802 1032 Operibus
830 953 958 1032 praefixa
993 955 1124 1034 exponit.
1168 955 1272 1016 lusum
1303 955 1397 1033 igitur·

171 1075 234 1120 non
256 1057 353 1120 solum
374 1054 439 1118 libri
461 1054 598 1135 polemici
620 1063 682 1116 tum
703 1062 806 1116 canna
828 1052 952 1133 gentiles
976 1062 1007 1116 et
1025 1055 1171 1129 ludaeos,
1200 1063 1262 1120 tum
1289 1065 1392 1117 contra
1511 1045 1518 1061 ¹

171 1158 336 1254 haereticos
359 1166 389 1218 et
409 1156 613 1218 schismaticos
634 1154 806 1235 conscripti,
829 1155 883 1217 sed
905 1153 993 1217 ctiam
1014 1163 1154 1219 tractatus
1181 1155 1218 1218 de
1244 1155 1391 1234 dogmah'-

171 1259 238 1333 bus,
261 1259 393 1322 moribus
414 1258 539 1336 aliisque
560 1255 650 1320 rebus
673 1254 881 1321 ecclesiasticis
908 1266 939 1318 et
964 1255 1174 1320 commentaria
1201 1258 1231 1318 in
1262 1257 1390 1336 scriptu-
1425 1335 1428 1340 Ι

171 1380 234 1424 ram
258 1370 381 1436 sacram.
426 1357 616 1420 Nobilissima
637 1375 708 1420 uero
731 1375 820 1436 opera
835 1356 979 1436 polemico
993 1365 1111 1437 patrum
1126 1376 1298 1439 graecorum
1314 1375 1391 1422 soso.

34 1459 39 1468 “
76 1537 79 1543 ¹
129 1505 131 1510 -
171 1461 218 1525 lV.
241 1461 325 1524 etv,
349 1460 464 1522 abista
486 1457 677 1529 collectione,
710 1475 784 1536 quae
812 1475 873 1520 uon
895 1457 1030 1520 absoluta
1053 1468 1115 1534 est,
1148 1459 1266 1522 absunt.
1291 1459 1392 1521 .ldem

55 1621 56 1624 ,
172 1562 398 1626 existimandum
421 1572 469 1622 est
490 1558 527 1620 da
548 1558 615 1620 aliis
643 1555 820 1636 wusdam
849 1557 1072 1622 collectionibus
1104 1560 1285 1635 minorihus,
1317 1579 1393 1640 quae

172 1664 229 1726 etsi
251 1663 282 1724 id
305 1680 364 1724 uon
387 1662 417 1724 io
439 1661 538 1722 ironte
557 1675 630 1738 prae
651 1677 684 1720 se
706 1659 820 1734 lerunt,
842 1666 941 1722 umen
962 1659 1000 1724 iis
1020 1661 1209 1741 potissimum
1230 1661 1392 1725 destinatae

124 1791 126 1795 ·
173 1775 253 1836 sunt,
275 1761 325 1842 qui
347 1761 483 1840 dogmata
505 1759 613 1822 veteris
636 1758 835 1829 eoclesiaeex
856 1763 1115 1842 patrum'scriptis
1144 1763 1309 1826 accuratius
1338 1781 1391 1825 co-

173 1881 318 1944 gnoscere
340 1862 467 1942 cupiant.
513 1859 602 1924 Cuius
624 1860 741 1939 generis
765 1870 836 1924 sunt
858 1861 1016 1943 opusculo
1040 1875 1166 1944 potrum
1194 1863 1305 1926 selectu
1326 1881 1393 1926 cum

172 1965 354 2046 praelatione
370 1964 402 2024 h.
418 1957 544 2023 Neandri
567 1961 681 2024 duabus
702 1939 981 2041 pardthsuerottni
1003 1981 1029 2024 a.
1055 1967 1146 2030 1826.
1169 1975 1199 2028 et
1220 1983 1284 2044 seq.
1308 1983 1392 2027 aum-

173 2065 252 2128 tibus
274 2063 421 2128 Franolini
443 2063 563 2136 emissa,
585 2072 615 2124 et
635 2081 712 2142 quae
734 2062 842 2126 Oxonii
865 2081 891 2124 a.
917 2065 1009 2128 1840.
1033 2065 1140 2128 iterum
1163 2065 1280 2128 duobus
1303 2066 1394 2128 tomis
1459 2079 1462 2084 ’

172 2165 349 2247 prodierunt
370 2164 562 2245 Scriptorum
589 2163 858 2228 erclmiostioorurn
885 2165 1032 2244 opusculo
1057 2171 1225 2246 praecipuo
1252 2167 1395 2246 quaedum

173 2267 210 2330 ah
231 2267 315 2338 hart„
337 2265 469 2348 losepho
491 2263 607 2337 noum,
636 2263 828 2327 celeberrimo
857 2263 1064 2346 lielt'qut'crum
1086 2285 1247 2330 sacrorum
1268 2267 1393 2340 editore,

171 2367 324 2448 recognita
345 2366 485 2446 nodsqne
506 2364 659 2426 illustrata.
702 2365 824 2428 lllorum
846 2365 876 2430 in
899 2375 982 2446 parte
1003 2366 1105 2446 priore
1132 2366 1237 2430 insunt
1257 2367 1394 2431 Clemen-

172 2469 212 2532 tis
224 2470 304 2530 hlex.
326 2467 470 2546 scriptum
491 2458 542 2538 τίς
563 2457 582 2528 ὁ
604 2459 790 2546 σωζόμενος
810 2459 991 2546 niodum&
1013 2467 1138 2546 epistola
1155 2467 1192 2529 ad
1206 2467 1394 2548 Diognetum,

173 2567 328 2648 Augustini
349 2566 465 2630 libellus
489 2566 526 2628 dc
547 2565 761 2629 catechizandis
782 2566 906 2629 rudibus
929 2568 1016 2644 alque
1038 2567 1192 2630 Tractatus
1214 2569 1264 2631 lll.
1287 2580 1317 2632 et
1331 2559 1406 2632 xlt'

173 2669 205 2732 in
227 2686 273 2730 ev.
292 2667 431 2730 loannis:
464 2667 631 2748 posteriore
662 2667 794 2729 eiusdem
816 2667 971 2746 Augustini
998 2666 1106 2745 scripta
1129 2667 1241 2747 aliquot
1260 2668 1297 2730 ad
1319 2687 1394 2744 con·

173 2768 350 2831 uoversiam
371 2767 555 2846 Pelagiauam
576 2767 764 2847 pertinentia.
793 2767 876 2840 Quae
899 2775 1018 2846 praeter
1039 2764 1103 2828 illas
1124 2768 1292 2847 promissas
1313 2779 1398 2833 erant

174 2877 302 2948 quatrmr
322 2876 433 2948 partes,
454 2868 549 2930 lucem
571 2887 632 2930 non
653 2868 799 2931 uiderunt
834 2867 962 2929 Alterius
984 2874 1081 2928 autem
1104 2868 1204 2948 operis
1226 2869 1396 2934 institutum

174 2969 311 3042 maxime,
333 2987 389 3032 nec
409 2977 505 3030 umen
528 2970 650 3032 omnino
673 2968 708 3034 ad
730 2969 862 3032 rationes
893 2969 1072 3049 dogmaticas
1102 2979 1132 3032 et
1157 2971 1317 3052 polonicus
1343 2991 1396 3034 ac-

175 3071 395 3134 commodatum
415 3089 484 3134 esse
506 3071 629 3134 editoris
651 3070 793 3150 praelatio
815 3071 902 3135 docet
923 3080 1011 3152 atquo
1031 3072 1097 3152 ipsa
1119 3072 1329 3155 opusculorum
1344 3091 1396 3136 ss·

173 3173 246 3247 ries,
269 3191 395 3254 quorum
418 3172 558 3254 pleraque
580 3172 738 3251 dogmatici
759 3181 789 3236 et
809 3173 947 3252 polemici
969 3183 1040 3240 snut
1066 3175 1241 3252 argumenti.
1280 3171 1397 3236 Etenim

175 3285 293 3354 praeter
326 3275 440 3338 Irenaei
472 3273 603 3350 regulam
640 3273 708 3330 lidei
745 3279 776 3330 et
808 3270 952 3349 epistolae
984 3272 1020 3330 ad
1054 3270 1207 3334 Florinum
1244 3271 1397 3351 fragmen·

176 3363 249 3436 tum'
272 3372 313 3432 ibi
347 3377 464 3432 exstant
496 3369 608 3444 scripta
641 3365 789 3445 Hippolyti
826 3378 926 3429 oonua
962 3369 1102 3430 haeresin
1134 3369 1239 3439 Nosti.
1279 3371 1397 3436 Tertul-

176 3470 247 3532 liani
268 3469 305 3530 de
326 3466 560 3546 praescriptione
581 3462 813 3540 haereticorum,
847 3465 983 3546 Cypriani
1015 3465 1052 3526 de
1079 3467 1235 3542 idolorum
1260 3471 1397 3546 vanitate,

176 3567 299 3632 hrnohii
321 3566 552 3647 disputationum
573 3565 715 3628 adversus
736 3573 839 3646 gentes
860 3565 937 3630 liber
962 3565 1087 3646 primus,
1109 3565 1253 3630 Lactantii
1268 3569 1398 3648 epitoma

178 3668 397 3734 institutionum
418 3667 593 3741 divinarum,
616 3665 766 3732 thanasii
788 3665 932 3745 expositio
955 3666 1033 3740 fidei,
1060 3677 1197 3746 excerpta
1219 3686 1256 3730 ex
1274 3670 1400 3746 epistola

179 3768 382 3850 chrysostomi
405 3769 441 3831 ad
463 3769 631 3832 Caesarium
654 3775 740 3829 etex
762 3783 854 3848 opere
877 3764 986 3828 Gelasii
1008 3767 1045 3828 da
1069 3765 1183 3830 duabus
1206 3767 1316 3830 Christi
1343 3786 1399 3830 na-

180 3870 266 3944 turis,
290 3869 388 3950 Cyrilli
408 3871 489 3932 hlex.
512 3867 637 3948 epistola
659 3867 800 3946 synodica
821 3867 963 3930 adversus
984 3866 1167 3940 Nestorium,
1191 3866 1315 3930 loannis
1336 3867 1399 3930 hn-

179 3970 307 4034 tloohoni
330 3969 457 4050 epistola
477 3969 513 4030 ad
536 3968 688 4048 cyrillum,
725 3967 853 4047 denique
883 3965 1014 4046 symbola
1048 3977 1078 4030 et
1105 3985 1235 4030 canones
1266 3969 1401 4048 priorum

180 4080 307 4151 quatuor
328 4070 520 4134 conciliorum
543 4067 801 4130 oecumenicorum
823 4085 889 4128 eum
911 4065 1084 4130 delinitione
1105 4067 1174 4130 lidci
1195 4077 1311 4132 asexto
1326 4087 1400 4149 pro·
1470 4053 1475 4063 ⁶

179 4172 286 4253 posita.
329 4169 490 4248 Reliquae
512 4169 576 4230 viro
599 4166 772 4230 doctissimo
794 4165 826 4228 in
847 4165 979 4247 syllogen
1000 4167 1077 4231 hano
1098 4177 1216 4249 recepta
1235 4170 1343 4251 partim
1364 4169 1402 4232 ad

181 4272 279 4336 oliida
299 4280 330 4332 et
351 4286 450 4332 mores
465 4267 710 4342 Christianorum,
732 4267 840 4348 purtim
861 4267 898 4329 ad
919 4269 1123 4347 quaestionem
1144 4269 1181 4332 de
1206 4272 1326 4352 antiqua
1347 4289 1401 4334 ro·

180 4373 260 4439 mani
281 4367 427 4450 praesulis
444 4369 618 4434 auctoritate
633 4377 777 4449 spectant,
798 4368 878 4431 velut
891 4368 1076 4433 nobilissima
1090 4370 1252 4435 Firmiliani
1267 4371 1402 4453 epistola.

116 4491 121 4502 ·
180 4473 244 4536 hlia
265 4487 341 4553 quae
361 4469 522 4538 multorum
544 4468 679 4534 manibus
700 4491 780 4538 nuuc
794 4470 899 4536 teritur
913 4470 1059 4546 collectio,
1081 4471 1266 4565 Bibliotheca
1276 4483 1404 4556 potrum
