3090 5048
1239 191 1246 218 l

510 252 618 296 omaro
634 253 677 296 ιιι.
694 253 810 296 cunrat
823 255 962 306 munos,
1264 241 1327 306 543

101 407 151 486 qui
172 403 352 482 interroget,
376 419 500 465 necesse
521 410 570 464 est
589 403 726 484 ignorare
748 403 785 465 de
807 403 912 484 quibus
935 405 1113 484 iuterrogat;
1134 426 1235 472 verum
1257 408 1411 472 licetuser.

101 507 192 570 etiam
215 506 362 568 scientem
385 503 422 566 de
443 502 501 577 bis,
522 522 598 584 quac
621 505 784 584 cognoscit,
806 505 961 568 sciscitari.
1005 505 1092 568 Certe
1113 507 1188 587 ipse
1201 509 1326 572 loannes

101 609 258 672 Christum
285 606 536 685 interrogantem:
573 605 655 680 Quot
681 591 779 687 puiset
808 605 946 670 bardeta'ell
977 625 1046 668 non.
1066 607 1249 670 nescientem
1276 609 1329 672 sed

101 711 253 772 scientem
274 705 424 787 agnoscit,
446 705 517 767 bine
538 707 616 768 enim
638 707 694 768 ait:
727 706 793 770 lloe
813 719 913 770 octena
933 710 1048 772 dicebat
1071 719 1192 773 ιιιιιιιιιι
1213 709 1329 790 Pba'b'p-

97 832 194 894 penu·
227 815 294 890 ipre
322 812 401 871 ιιιιιι
428 807 539 872 enetos
567 809 638 890 guid
659 805 739 871 ἰιιιι
762 810 916 888 [orturus.
960 809 1046 882 Quod
1069 811 1095 871 si
1115 818 1240 872 noverat
1260 810 1332 889 qnid
1432 821 1433 826 ’

102 915 235 984 laceret,
266 929 328 973 non
357 908 447 988 igitur
474 909 611 971 nesciens
640 911 694 972 sed
716 909 814 974 sciens
836 911 1046 990 interrogabat.
1090 911 1154 974 llos
1175 920 1273 974 autem
1295 929 1331 974 ex

102 1016 175 1077 lucu
197 1012 254 1074 alia
272 1029 435 1093 possumus
457 1009 631 1089 intelligere.
674 1011 735 1073 Nec
762 1010 840 1074 enim
869 1011 1008 1090 ignorans
1030 1012 1176 1074 Dominus
1197 1012 1329 1074 interro·

106 1115 213 1196 gabat,
235 1113 354 1176 ubinam
376 1113 485 1174 iaceret
505 1111 652 1186 Lazarus,
684 1130 779 1193 neque
801 1131 888 1193 quem
910 1113 1006 1194 ipsum
1028 1112 1165 1176 homines
1186 1113 1329 1189 dicerent,

105 1217 161 1280 sed
182 1217 243 1278 boc
268 1215 382 1296 ipsum,
415 1213 495 1292 quod
522 1211 738 1293 interrogabat,
766 1231 949 1294 cognoscens
977 1215 1133 1294 sciensque
1155 1215 1226 1296 quid
1248 1225 1330 1280 esset

107 1321 257 1391 iaetnrns3
286 1324 374 1395 atque
394 1315 434 1376 ita
456 1315 592 1378 facillime
614 1323 731 1378 acutum
753 1317 871 1379 illorum
893 1316 1046 1397 sophisma
1067 1316 1197 1380 diluitur.
1240 1318 1331 1391 Quod

110 1420 193 1482 siin
212 1438 258 1493 eo,
280 1417 362 1498 quod
382 1417 565 1496 interrogare
588 1416 712 1492 dicitur,
735 1418 825 1480 velint
846 1417 1002 1492 insistere,
1024 1418 1146 1480 audiant
1166 1418 1274 1482 ntdlatu
1296 1419 1328 1482 in

114 1520 259 1582 divinitate
278 1519 474 1598 ignorantiam
504 1537 599 1592 esse,
623 1519 677 1580 sed
704 1521 859 1599 proprium
888 1539 955 1582 esse
977 1519 1073 1582 carnis
1100 1520 1253 1600 ignorare,
1284 1522 1329 1584 uti
1394 1585 1398 1596 ,

115 1621 223 1684 dietrrm
243 1629 296 1686 est.
342 1621 429 1694 Quod
460 1620 579 1700 quidem
606 1639 709 1682 rerum
730 1639 798 1683 esse
820 1621 1002 1703 comperies,
1034 1621 1059 1683 si
1082 1621 1240 1696 observes,
1268 1641 1327 1702 qun

108 1731 193 1803 proto
213 1723 378 1794 Dominus,
400 1722 450 1802 qui
473 1721 680 1803 interrogavit,
703 1722 754 1785 ubi
776 1723 886 1786 iaceret
905 1723 1047 1796 Lazarus,
1068 1722 1136 1804 ipse
1155 1741 1217 1785 nou
1238 1741 1328 1805 pras-

104 1843 177 1890 sens
200 1825 255 1888 sed
276 1824 381 1905 prend
403 1823 512 1886 absens
534 1825 642 1888 dixerit
655 1825 797 1888 Lazarum
819 1834 969 1888 mortuum
992 1844 1070 1898 esse,
1092 1843 1188 1906 quove
1209 1826 1241 1888 in
1261 1824 1329 1890 loco

103 1937 243 1989 mortuus
257 1935 358 2015 esset.
401 1925 439 1987 Et
459 1945 530 1988 vero
551 1926 599 1990 ille
620 1928 703 2007 ipse,
732 1946 818 2006 quem
847 1927 982 2008 ignarum
1004 1945 1072 1990 esso
1094 1927 1278 2002 existimant,
1301 1930 1328 1991 is
1361 1983 1364 1990 ,

109 2037 176 2101 est,
205 2027 255 2108 qui
276 2027 471 2107 cogitationes
492 2029 662 2107 praenoscit
683 2029 911 2108 discipulorum,
945 2039 975 2090 et
996 2047 1070 2108 quae
1091 2029 1123 2089 in
1144 2029 1328 2106 singulorum
1337 2051 1414 2098 rese.

100 2128 198 2192 eorde
219 2139 371 2210 geruntur,
392 2129 521 2210 quidque
545 2130 584 2190 sit
605 2129 635 2190 in
657 2129 787 2202 bomine,
809 2138 942 2191 ιιιιιιιιι
967 2131 1057 2202 novit,
1081 2136 1111 2189 et
1130 2128 1209 2208 quod
1231 2129 1327 2192 maius

102 2241 169 2304 est,
198 2231 282 2294 solus
310 2231 376 2310 ipse
397 2231 515 2292 Patrem
537 2229 691 2310 cognoscit
713 2237 742 2290 et
763 2227 847 2290 dicit:
880 2228 941 2306 ligo
965 2233 996 2289 in
1019 2227 1111 2290 Putre
1131 2239 1161 2290 et
1181 2228 1274 2291 Peter
1295 2235 1327 2292 ιἰι

101 2351 152 2396 me
173 2343 229 2394 ιιι.
1125 2387 1130 2394 .

194 2434 249 2496 38.
290 2431 390 2510 ltaque
416 2432 554 2495 omnibus
587 2431 775 2511 perspicuum
809 2439 871 2504 est,
904 2428 1120 2509 ignorationem
1150 2430 1186 2492 ad
1209 2448 1327 2492 earnem

110 2533 279 2614 pertinere,
314 2532 407 2610 ipsum
432 2542 530 2596 antem
559 2533 687 2596 Verbum
709 2541 854 2612 quatenus
877 2520 1004 2593 Verbum
1027 2538 1073 2593 est
1095 2532 1212 2606 omnia,
1244 2532 1327 2614 prius

108 2634 201 2698 etiam
223 2651 310 2714 quam
333 2631 475 2709 oriantur,
504 2653 692 2716 cognoscere.
736 2633 797 2696 Nee
825 2633 904 2697 enim
931 2652 983 2708 eo,
1016 2634 1096 2714 quod
1122 2634 1212 2696 homo
1235 2635 1328 2699 lactus

106 2735 163 2812 sit,
186 2735 268 2798 lleus
291 2753 360 2796 esse
381 2735 484 2812 desiit,
512 2755 609 2818 neque
631 2737 697 2817 quia
718 2735 798 2799 Deus
821 2746 884 2810 est,
912 2734 959 2810 id,
990 2735 1068 2815 quod
1088 2736 1249 2798 humanum
1270 2746 1327 2812 est,

108 2839 199 2916 legit,
229 2837 323 2912 obsiti
357 2837 409 2901 sed
438 2839 538 2918 potius
566 2839 646 2900 Dens
669 2856 733 2899 nrm
756 2846 855 2911 esset,
884 2855 1000 2898 carnem
1023 2835 1181 2911 assumsit,
1211 2845 1328 2900 etcum

113 2945 197 2998 esset
216 2937 246 2997 in
268 2956 370 3012 carne,
399 2957 517 3002 earnem
537 2939 633 3019 ipsam
655 2938 782 3000 divinam
804 2938 940 3000 reddidit
984 2938 1058 2998 Nam
1080 2937 1327 3016 quemadmodum

117 3036 149 3096 iu
174 3037 239 3114 ipsa
267 3037 479 3120 interrogabat,
512 3041 552 3102 ita
580 3039 611 3101 in
639 3039 741 3102 eadem
769 3045 915 3100 mortuum
949 3037 1098 3112 excitavit,
1132 3037 1328 3117 omnibusque

112 3145 216 3217 aperte
237 3138 386 3235 indicarit,
418 3160 502 3214 eum,
530 3140 580 3220 qui
602 3139 726 3204 mortuis
749 3139 836 3200 vitam
859 3147 889 3201 et
910 3137 1035 3200 animam
1058 3136 1204 3210 restitnit,
1233 3139 1326 3200 multo

108 3239 205 3318 magis
226 3257 274 3302 res
302 3259 408 3304 omnes
429 3242 558 3306 occultas
581 3241 691 3320 optimc
718 3258 820 3302 nosse.
865 3238 984 3301 Sciebat
1005 3239 1108 3319 igitur,
1141 3238 1191 3301 ubi
1219 3239 1329 3303 iaceret

105 3339 253 3416 Lazarus,
283 3342 339 3406 sed
360 3351 457 3406 ιιιιιιιι
480 3343 646 3406 sciscitatus
668 3349 723 3404 est.
768 3341 798 3403 ld
821 3349 918 3402 autem
940 3341 1010 3404 lecit
1031 3340 1252 3402 sanctissimum
1273 3340 1327 3405 Ilei

106 3442 247 3517 Verbum,
269 3445 350 3523 quod
372 3444 469 3507 omnia
491 3445 586 3529 nestri
608 3461 695 3506 causa
717 3443 868 3516 sustinuit,
891 3461 957 3504 eum
972 3450 1005 3504 ut
1019 3443 1077 3505 boc
1090 3442 1179 3503 modo
1194 3451 1327 3506 nostram

107 3544 305 3622 ignorantiam
325 3555 448 3626 portans
470 3545 558 3610 nobie
581 3545 673 3608 solius
688 3544 748 3608 reri
765 3544 811 3606 sui
826 3544 921 3606 Patris
937 3545 1136 3624 cognitionem
1150 3543 1324 3624 impertiret,

107 3729 130 3779 1.
166 3729 258 3780 lneliis
271 3739 295 3779 et
311 3731 381 3780 editis
399 3722 413 3777 ὃ
432 3733 507 3782 deest.
542 3732 632 3782 lbidern
643 3735 692 3784 Gn·
777 3747 800 3794 g.
819 3732 875 3794 lieg.
896 3732 917 3780 l.
936 3731 1074 3792 etSegner.
1095 3720 1126 3779 od
1143 3723 1206 3795 reip.
1274 3765 1276 3768 .

104 3797 169 3847 bler.
187 3805 216 3875 et¹
229 3797 334 3848 l'elcltm.
348 3798 370 3847 l.
387 3793 512 3866 Λάζαρος
528 3799 623 3855 κεῖται,
641 3815 692 3866 μα·
777 3801 800 3850 b.
824 3800 880 3862 lleg.
907 3799 928 3848 l.
953 3807 977 3848 ιι
999 3799 1099 3861 Seguer.
1121 3791 1329 3866 πριιλιιμβάνει.

101 3878 121 3912 ιι
142 3857 178 3910 ἂν
195 3877 236 3911 ων
251 3857 316 3932 ἔφη.
353 3866 409 3926 lieg.
430 3868 451 3918 1.
476 3878 500 3917 et
518 3867 616 3930 Segner.
636 3869 692 3916 ibid.
744 3868 834 3917 lbidem
853 3866 955 3916 l‘elckm.
969 3865 993 3915 2.
1013 3873 1036 3914 ιι
1054 3865 1125 3916 editio
1144 3867 1237 3917 comm.
1256 3870 1328 3918 omit·

114 3923 123 3944 ²
163 3925 366 4012 ''xui'peonpdr
382 3927 430 3983 uir.
466 3936 512 3986 dlii
526 3926 693 3985 etentaidttd
743 3942 796 4012 tupt
824 3927 870 3980 aeui
897 3925 927 3982 ἐν
956 3927 1036 3998 σαρκὶ
1058 3925 1098 3981 ὢν
1120 3925 1255 3984 ἒθιιπιίει
1278 3929 1329 3996 τὴν

49 4097 52 4102 ,
103 4003 410 4121 ‘G‘ti‘liiiireiudiidlm'ioli
429 4004 493 4120 dedi
507 4003 692 4122 {miffiissss'ssss
744 4011 916 4132 ooiixgeguer.
939 4059 954 4116 d
977 4061 1085 4135 νεκρός.
1110 4070 1234 4120 mendose.
1275 4071 1329 4121 llox

106 4135 186 4186 Ceteri
210 4142 235 4187 ιι
252 4137 326 4188 editio
344 4141 437 4190 Corum.
456 4132 470 4187 d
489 4133 519 4188 dl
535 4131 605 4187 κατὰ
623 4130 693 4190 rods.
743 4136 806 4187 idem
825 4144 848 4186 ιι
864 4137 1004 4199 Seguerlan.
1024 4137 1121 4206 Gubler.
1139 4145 1163 4188 et
1180 4137 1286 4188 Felclm.
1306 4139 1328 4188 1.

142 4204 158 4252 l.
181 4203 222 4254 Sic
245 4213 347 4270 uterque
369 4208 426 4270 lieg.
450 4208 548 4270 Seguer.
566 4206 693 4256 basilicas.
743 4196 855 4254 πάντων
870 4197 1004 4269 γινώσκει.
1039 4206 1084 4255 dlii
1102 4214 1126 4256 ιι
1143 4206 1200 4257 editi
1216 4199 1327 4254 πάντων

107 4272 246 4322 Gobleriru.
272 4281 297 4323 ιι
320 4274 469 4326 betelini.
503 4276 549 4324 Alii
574 4283 598 4326 ιι
620 4274 693 4324 editio
743 4264 922 4337 interneciem.

107 4338 226 4395 Commel.
243 4333 405 4409 erinstein.
440 4343 530 4392 Ibidem
555 4343 611 4405 [ιιι.
632 4343 652 4392 l.
672 4350 696 4392 et
779 4341 801 4391 l.
821 4341 924 4407 Uterque
937 4339 993 4402 lteg.
1012 4349 1036 4391 et
1048 4341 1148 4404 Segner.
1163 4333 1247 4392 ἔιιιιιι
1262 4329 1326 4404 γάρ.

104 4407 206 4470 Segrer.
232 4405 320 4457 nortl
341 4423 380 4489 tp
398 4405 481 4471 δῆλόν
497 4402 579 4460 ἐστιν.
616 4411 694 4462 Ceteri
745 4409 790 4460 llil
808 4418 832 4460 et
848 4411 905 4462 editt
922 4401 1006 4458 ιἰιιιιι
1023 4403 1060 4459 de'.

102 4481 132 4524 ιι
147 4477 204 4528 editi
221 4470 308 4528 παντὶ
325 4491 405 4528 rouro
424 4473 506 4540 δῆλόν
523 4472 604 4530 ἐστιν.
779 4477 796 4528 l.
815 4477 855 4530 Sic
872 4481 928 4540 leeg.
949 4477 971 4528 1.
995 4485 1019 4528 et
1041 4478 1139 4539 Segrer.
1175 4473 1253 4526 Ceteri
1269 4485 1324 4524 rero
