3212 5060
273 197 335 264 568
537 246 543 266 ,
671 211 698 254 ε.
712 210 864 254 nummu
878 199 1103 256 ικααιενιεαονι

187 363 345 432 νενεέστι
365 364 480 430 τοῦτο·
504 358 619 444 ἐπειδὴ
643 357 678 425 δέ
699 356 755 424 καὶ
772 357 805 424 ἐν
820 355 925 444 τούτῳ
941 358 1217 444 προςκόπτουσιν,
1235 355 1410 448 ἀναγκαῖον
1425 367 1490 435 πά-

272 468 324 533 λιν
347 459 465 542 αὐτοὺς
487 459 533 540 ώς
553 459 648 539 Ιτοῦς
665 465 872 546 Φαρισαίους
892 461 946 528 καί
968 459 1045 539 τοὺς
1059 461 1303 542 Σαδδουκαίους
1318 464 1486 556 ἐρωτῆσαι,

271 565 350 654 περὶ
380 553 419 632 οῦ
448 587 549 652 φησιν
577 557 763 640 όΛουκᾶς.
802 561 873 628 έστι
902 563 937 628 δέ
965 557 1079 640 οὕτως.
1114 558 1237 650 Ἰησοῦς
1257 567 1408 650 Χριστὸς
1435 567 1488 636 άν-

270 667 412 754 θρωπός
434 667 523 732 ἐστιν
546 661 591 746 ώς
613 665 646 730 οἱ
668 661 765 730 ἄλλοι
785 662 908 742 πάντες
931 661 1126 748 άνθρωττοι,
1148 659 1170 750 ἢ
1191 665 1273 744 θεός
1295 667 1366 735 ἐστι
1389 669 1487 755 σάρκα

271 772 402 858 φορῶν,·
440 767 469 834 εἰ
497 769 557 851 μὲν
586 755 645 834 οῦν,
671 764 781 844 κοινός
810 761 993 850 ἅνθρωπος
1014 769 1098 832 κατά
1118 765 1195 845 τοὺς
1217 765 1337 848 ἄλλους
1359 764 1488 858 άνθρώ-

269 895 355 951 πους
387 869 442 938 καὶ
474 864 572 948 αὐτός
605 867 710 948 ἐστιν,
745 866 829 934 ἔστω
859 865 962 933 πάλιν
990 862 1036 947 ώς
1063 865 1246 954 ἅνθρωπος
1272 871 1486 955 προκόπτων·

184 975 388 1044 νωιλτοῦτο
409 977 469 1057 μέν
491 993 545 1037 τοι
566 973 624 1036 τοῦ
646 974 867 1054 Σαμοσατέως
889 967 958 1035 ἐστὶ
980 968 1019 1034 τὸ
1042 969 1206 1070 φρόνημα,
1229 970 1304 1060 ὃτῇ
1318 975 1381 1058 μὲν
1397 975 1487 1041 δυνά-

269 1101 326 1160 μει
351 1076 405 1142 καί
431 1069 524 1158 ὑμεῖς
547 1081 715 1160 φρονεῖτε,
745 1073 792 1156 τῷ
815 1071 851 1136 δὲ
875 1064 1013 1154 ὀνόματι
1033 1065 1316 1160 μόνον’άρνεῖσθε
1338 1074 1398 1142 διὰ
1418 1076 1487 1154 τοὺς

270 1171 489 1262 άνθρώπους·
514 1173 542 1240 εί
563 1175 601 1254 δέ
622 1172 704 1251 θεός
727 1171 798 1238 ἔστι
821 1171 925 1257 σάρκα
940 1175 1064 1260 φορῶν,
1089 1172 1204 1261 ἐπειδὴ
1219 1177 1273 1242 καὶ
1287 1176 1389 1243 τοῦτό
1405 1176 1485 1245 ἔστιν

270 1273 407 1365 άληθῶς
434 1278 488 1344 καί
518 1271 536 1342 5
559 1274 655 1360 λόγος
677 1273 760 1358 σὰρξ
781 1273 906 1360 ἐγένετο
928 1276 981 1342 καὶ
1004 1273 1087 1354 θεὸς
1109 1270 1155 1342 ών
1177 1275 1235 1343 ἐπὶ
1256 1279 1314 1363 γῆς
1334 1280 1483 1364 κατῆλθε,

255 1387 372 1446 ’ποίαν
393 1373 475 1461 εεἶχε
503 1375 676 1462 προκοπὴν
706 1372 724 1442 5
747 1370 804 1442 ἶσα
825 1377 898 1462 θεῷ
921 1369 1076 1458 ὑπάρχων
1085 1379 1124 1459 ¹),·
1154 1371 1263 1463 ἢποῦ
1287 1373 1372 1462 εἶχεν
1395 1375 1484 1462 αῦξά-
1552 1381 1553 1402 ²

268 1508 336 1550 νειν
359 1477 377 1547 5
399 1479 470 1559 υἱὸς
492 1475 566 1546 λάεὶ
587 1473 631 1545 ών
655 1477 688 1546 ἐν
710 1480 756 1563 τῷ
779 1483 902 1562 πατρίς
940 1476 969 1570 εί
990 1476 1052 1564 γὰρ
1075 1473 1169 1544 όάελ
1192 1473 1238 1544 τόν
1260 1478 1294 1546 έν
1315 1484 1365 1568 τῷ
1389 1480 1484 1568 πατρὶ
1552 1535 1553 1540 1

268 1582 463 1668 προκόπτει,
486 1588 520 1647 τί
541 1579 606 1667 άρα
629 1577 717 1647 ίστίν
741 1579 892 1646 ἐπέκεινα
913 1581 972 1644 τοῦ
988 1577 1124 1666 πατρός,
1141 1574 1181 1647 ἵν’
1200 1574 1269 1646 άπὸ
1284 1580 1406 1649 τοῦτον
1421 1583 1483 1649 ’καὶ

266 1683 443 1770 προκόφης
481 1684 598 1750 ἔπειτα
627 1679 672 1762 ιῦς
699 1681 756 1748 ἐπὶ
785 1685 843 1746 τοῦ
872 1679 985 1766 λαβεῖν
1014 1679 1070 1746 καὶ
1098 1681 1305 1768 δοξασθῆναι
1327 1681 1388 1750 ‘viz
1408 1681 1482 1751 αὐτὰ

267 1785 366 1852 καλὸν
389 1785 505 1864 εἰπεῖν,
530 1784 559 1850 εἰ
583 1781 766 1868 ἄνθρωπος
786 1779 959 1868 γενόμενος
980 1787 1184 1868 προέκοπτε,
1209 1783 1309 1870 δῆλόν
1331 1783 1429 1854 ἐστιν
1443 1783 1481 1864 ώς

266 1884 334 1972 πρὸ
355 1887 414 1951 τοῦ
435 1890 593 1972 γενέσθαι
615 1881 797 1969 άνθρωπος
819 1877 935 1971 ἀτελὴς
956 1873 1004 1971 ἦν,
1028 1885 1080 1950 καί
1103 1881 1270 1974 μᾶλλονὴ
1293 1885 1382 1972 σὰρξ
1400 1887 1480 1955 αι’τία

266 1990 324 2076 τῆς
351 1985 551 2064 τελειώσεως
578 1979 678 2052 αῦτοῦ
707 1991 835 2070 γέγονεν
862 1978 884 2071 ἢ
907 1979 1005 2064 αὐτὸς
1025 1989 1084 2072 τῆς
1107 1985 1235 2072 σαρκός.
1273 1986 1380 2060 πάλιν
1400 2014 1432 2056 τε
1452 1987 1477 2055 εἰ

182 2077 197 2138 ‘-
267 2087 366 2174 λόγος
394 2081 439 2156 νῦν
461 2086 661 2175 προκόπτει,
691 2093 725 2153 τί
745 2087 857 2170 μεῖζον
879 2086 965 2170 ιλέγει
985 2093 1145 2172 γενέσθαι
1166 2086 1265 2174 λόγου
1287 2094 1342 2156 καὶ
1366 2097 1474 2178 σοφίας

266 2189 321 2257 καὶ
352 2167 425 2256 υῦοῦ
453 2187 508 2255 καὶ
537 2192 620 2257 θεοῦ
643 2187 829 2272 δυνάμεωςς
862 2191 966 2255 ταῦτα
987 2187 1048 2274 γάρ
1071 2188 1160 2256 ἐστιν
1184 2185 1202 2255 5
1225 2187 1337 2276 λόγος,
1369 2183 1425 2256 λῦν
1442 2190 1472 2254 εἴ

158 2333 163 2350 ·
252 2301 318 2372 ’τις
346 2288 391 2371 ώς
412 2287 528 2358 ἀκτῖνα
548 2300 721 2376 μετασχεῖν
743 2313 818 2368 πως
839 2287 973 2356 δύναιτο
980 2340 990 2371 ,
1024 2285 1217 2370 ότσιοῦτος
1238 2295 1416 2368 παντέίεως
1433 2287 1462 2354 ἐν

259 2389 464 2479 ’ἀνθρώποις
491 2394 545 2458 καί
573 2387 646 2471 ῗσος
674 2385 822 2478 ἀγγέλοις
849 2396 991 2476 γίνεται,
1024 2395 1079 2458 ναὶ
1106 2391 1166 2480 γὰρ
1189 2395 1244 2460 καί
1268 2393 1390 2480 ἄγγελοι
1405 2385 1461 2456 ἱκαὶ

267 2489 459 2580 άρχάγγελοι
486 2496 539 2560 καί
561 2491 748 2580 κυριότητες
768 2489 824 2558 καλ
845 2495 955 2560 πᾶσαι
976 2493 1011 2559 αἱ
1034 2493 1189 2577 δυνάμεις
1210 2497 1265 2562 καὶ
1285 2493 1402 2582 θρόνοι
1418 2493 1465 2558 τοῦ

266 2593 364 2681 λόγου
392 2601 581 2680 μετέχοντες
607 2596 771 2680 βλέπουσι
797 2579 980 2673 διαπαντός
1009 2594 1048 2662 τὸ
1076 2593 1258 2681 πρόςωπον
1277 2592 1471 2679 τοῦπατρὸς

268 2691 386 2764 αὐτοῦ..
416 2699 490 2775 πιῦς
518 2686 575 2763 οῦν
603 2692 622 2763 5
644 2693 758 2774 άλλοις
779 2693 837 2782 τὴν
858 2693 1050 2782 τελειότητα
1072 2697 1268 2782 Ιιπαρασχών
1289 2689 1384 2771 αότός
1400 2685 1466 2778 μετ’

268 2795 408 2878 ἐκείνους
436 2796 639 2883 προκόπτει,·
679 2795 809 2884 άγγελοι
830 2795 891 2884 γὰρ
912 2798 966 2863 καὶ
988 2795 1047 2883 τὴν
1070 2792 1281 2885 ἀνθρωπίνην
1302 2789 1397 2863 αὐτοῦ
1418 2797 1469 2878 γέ·

265 2922 356 2966 νεσιν
389 2899 599 2988 διηκόνησαν,
633 2902 687 2966 καί
714 2899 754 2966 τὸ
781 2897 954 2986 λεγόμενον
981 2896 1075 2983 παρά
1103 2902 1161 2965 τοῦ
1183 2901 1299 2967 Λουκῦ
1320 2893 1397 2983 μετὰ
1416 2893 1472 2981 τὴν

266 3001 434 3070 διακονίαν
455 3003 522 3070 τών
545 2995 688 3089 άγγέλων
710 3001 846 3090 εἴρηται.
883 3002 958 3078 πῶς
980 2989 1037 3066 σῦν
1060 2996 1146 3080 όλως
1166 2997 1227 3090 κᾷν
1242 3001 1289 3081 είς
1304 2998 1477 3088 ἐνθύμησιν

266 3103 379 3172 ἐλθεῖν
402 3097 587 3190 ἀνθρώπου
611 3103 766 3186 δόναταις
798 3095 915 3189 ἢπιῦς
936 3096 955 3189 ἡ
972 3107 1077 3190 σοφία
1092 3101 1126 3170 ἐν
1141 3109 1247 3192 σοφίᾳ
1261 3109 1480 3191 προέκοπτενς

265 3195 287 3292 ἢ
308 3208 383 3286 πῶς
404 3199 423 3271 5
445 3203 560 3285 ἄλλοις
582 3208 589 3244 ¹
594 3204 690 3292 χάριν
713 3203 842 3286 διδούς,
864 3201 979 3283 καθώς
1002 3199 1020 3269 5
1042 3206 1178 3284 Παῦλος
1200 3205 1257 3273 διὰ
1278 3205 1388 3292 πάσης
1409 3203 1483 3271 ἐπι-

264 3306 383 3392 στολῆς
416 3299 463 3370 δι’
488 3301 588 3373 αὐτοῦ
618 3308 779 3376 δίδοσθαι
806 3304 864 3395 τὴν
889 3303 986 3392 χάριν
1007 3304 1176 3392 γινώσκων
1199 3312 1317 3395 φησίν·
1350 3301 1485 3392 ἡχάρις

262 3406 322 3472 τοῦ
350 3410 463 3492 κυρίου
490 3403 582 3493 ἡμῶν
601 3402 704 3496 Ἰησοῦ
727 3410 876 3494 Χριστοῦ
898 3406 982 3492 μετὰ
1003 3405 1139 3475 πάντων
1160 3403 1300 3493 ὑμῶν’),
1331 3403 1430 3488 αὐτὸς
1452 3405 1485 3475 έν

185 3567 192 3582 ,
260 3504 371 3592 χάριτι
399 3513 623 3594 προέκοπτενς
654 3503 676 3596 ἢ
702 3507 763 3594 γάρ
786 3508 977 3594 ψεύδεσθαι
997 3505 1055 3573 τὸν
1078 3503 1269 3578 ἀπόστολον
1290 3511 1486 3597 λεγέτωσαν,

330 3695 354 3757 1)
373 3695 475 3761 Philipp.
493 3693 560 3759 κε.
626 3695 655 3758 2)
673 3696 696 3746 ι.
715 3697 825 3746 ποτε.
844 3697 868 3759 ε,
890 3695 929 3748 ιε.
949 3706 972 3748 α
990 3697 1056 3748 σιω.

294 3847 315 3880 ιι.
335 3831 376 3881 Sit
392 3831 449 3898 Βες.
461 3832 483 3882 1.
502 3841 526 3882 ιι
542 3833 640 3894 ὅεςυιι.
675 3831 773 3894 Legitur
788 3831 845 3882 item
931 3833 953 3884 ί.
973 3833 1013 3885 Sic
1037 3835 1094 3898 Reg.
1113 3835 1136 3886 1.
1160 3841 1184 3886 τι
1206 3835 1307 3898 ῦιςυει.
1340 3836 1370 3885 λι
1389 3835 1449 3898 fleg.
1467 3834 1490 3885 ².
1552 3831 1553 3842 ¹

148 3897 150 3908 “
259 3892 464 3953 Σαδδουκαίους
488 3900 511 3948 λυ
535 3899 592 3961 θος.
611 3898 634 3948 2.
653 3899 798 3952 Gobleritno
822 3911 846 3952 τι
896 3901 985 3964 Annua
1001 3902 1073 3954 Βιιῖί.
1092 3912 1116 3954 ιι
1133 3903 1240 3955 Felckm.
1258 3904 1282 3954 5.
1303 3895 1397 3957 όυίὸς
1415 3897 1431 3952 5
1450 3893 1492 3954 άεὶ

259 3967 365 4016 Felckm.
385 3967 407 4016 1.
442 3966 487 4016 Alii
511 3974 534 4014 ει
557 3967 629 4016 editio
648 3967 764 4020 Commel.
782 3962 847 4024 τοῦς
896 3959 935 4018 ών
953 3979 997 4022 ιιι.
1033 3972 1158 4022 Praeterea
1177 3971 1266 4034 λοςλ.
1286 3970 1491 4033 λσςΙίτ.6οίνίετ.

259 4027 444 4088 mammons
460 4025 689 4098 καλΨνρισνίνυε.
726 4038 843 4102 Μοτίλος.
896 4048 920 4090 τι
937 4039 1043 4090 Felckm.
1063 4041 1086 4089 ι.
1110 4030 1135 4088 εί
1156 4033 1213 4108 γὰρ
1237 4031 1252 4086 ὅ
1276 4031 1320 4087 ἀεὶ
1342 4029 1385 4086 ὧν
1402 4033 1435 4089 ίν
1452 4035 1490 4102 τῷ

262 4103 284 4152 1.
303 4107 327 4151 εί
344 4101 444 4162 διςαει.
458 4091 562 4158 Ἰασοῦς
579 4089 596 4146 ὃῚ
612 4099 741 4170 Χριστός.
894 4101 978 4174 πατρὶ
996 4100 1150 4173 προκόπτει.
1187 4108 1267 4159 Ceteri
1285 4117 1309 4156 ει
1326 4107 1386 4157 editi
1404 4100 1493 4160 όνίὸε

292 4201 317 4252 b,
334 4201 413 4252 ημι
444 4201 544 4246 ςενσεν.
563 4199 660 4258 Gobler.
672 4207 808 4260 etFelckm.
824 4210 846 4260 1.
894 4167 980 4308 ξαέῗγ
989 4167 1230 4310 ἐέςτῇρῖἶλςῐλλξ
1231 4161 1446 4295 ti1555511135155.
1453 4172 1494 4291 τῖᾷί

260 4267 309 4319 τοῦ
329 4281 344 4296 ..
552 4259 631 4324 τέως·
895 4301 950 4375 γάρ
968 4301 1050 4360 ἐστιν.

584 4383 634 4426 uer.
668 4379 846 4430 Αίιλίίιῑεδλιί
931 4392 952 4425 ι.
970 4376 1011 4426 Sic
1029 4377 1085 4439 fleg.
1100 4379 1121 4428 1.
1145 4380 1245 4442 Seguer.
1270 4377 1361 4440 Angue.
1386 4379 1493 4430 Gobler.

897 4453 920 4494 ιι
938 4441 1043 4494 ῖείτίιω.
1055 4445 1077 4495 1.
1111 4445 1138 4501 ln
1148 4449 1202 4500 ιλιι
1216 4457 1242 4500 ει
1258 4447 1328 4498 εδίιιι
1344 4439 1393 4494 κατ’
1411 4449 1493 4498 deest.
