3174 5082
639 333 803 380 enarrarre.
1292 323 1331 390 35

116 503 249 568 prorsus
272 492 421 566 expertem
444 481 619 576 luisselnou
642 483 807 560 mirabitur,
830 489 878 568 qui
900 489 1111 570 interpretandi
1140 491 1332 554 consuetudi-

116 607 193 650 nem
215 585 364 667 plerisque
388 581 523 646 omtribus
546 582 624 644 illius
653 587 757 648 saecoli
787 589 953 652 doctoribus
981 591 1134 670 probatam
1158 602 1188 652 et
1211 591 1333 654 ebraeac

116 691 237 768 linguae
260 684 471 766 ignorantiam,
499 702 556 761 qua
578 683 760 758 laborabant,
788 691 958 752 recordatus
980 693 1018 752 sit
1039 703 1068 755 et
1089 693 1185 774 ipsius
1209 700 1332 756 contro-

116 783 401 852 aersiaaradonem
425 794 455 845 et
474 784 533 850 rim
556 783 735 862 expenderit.
777 787 846 854 Nam
874 809 962 870 quum
984 805 1194 871 quaererentur
1216 805 1245 856 et
1267 793 1330 854 dle.

119 899 316 972 putarentur,
349 903 422 964 quae
444 884 553 963 scripta
576 903 635 946 non
657 893 727 946 sunt
752 887 796 948 rel
816 887 896 952 κατὰ
924 889 1017 972 ῥητόν
1043 895 1072 956 iu
1102 898 1246 976 scriptura
1268 913 1330 956 nou

127 990 317 1053 continentur
337 1005 394 1048 nec
411 986 466 1046 uisi
487 985 688 1048 ratiocinando
711 986 781 1049 inde
802 988 865 1050 elici
886 1000 1026 1066 possunt,
1048 1004 1077 1054 et
1096 1015 1183 1074 quiem
1207 996 1235 1058 in
1259 997 1326 1060 uni.
1445 1028 1450 1038 ·

130 1107 248 1155 versum
270 1088 415 1168 expositio
431 1086 591 1165 scripturae
606 1087 803 1167 implicaretur
817 1090 1066 1168 argumentatione
1081 1077 1235 1169 dialectiea,
1256 1116 1326 1176 pro-

125 1191 198 1252 clive
220 1199 283 1252 erat
304 1187 535 1268 disputatoribus
557 1188 586 1250 in
609 1189 667 1251 hoc
693 1188 824 1252 incidere
853 1191 972 1264 viuum,
999 1201 1031 1252 ut
1062 1193 1162 1270 cupide
1189 1197 1328 1275 scriptura

126 1300 282 1354 uterentur
314 1298 343 1350 et
371 1309 404 1350 ex
427 1288 614 1368 opinionibus
636 1290 709 1352 suis.
754 1291 840 1354 Certe
863 1292 985 1370 exiguus
1013 1292 1068 1354 luit
1095 1292 1142 1354 illa
1163 1303 1255 1356 acute
1274 1317 1329 1358 nu-

128 1410 229 1454 merus
259 1392 474 1469 theologorum,
503 1391 553 1470 qui
586 1391 630 1452 sic
660 1392 822 1464 sonarent,
855 1393 897 1456 uti
925 1392 1084 1457 Eusebium
1107 1394 1276 1458 Emisenunr
1298 1399 1333 1460 de

130 1493 293 1572 scripturae
314 1511 370 1553 usu
392 1493 420 1554 in
439 1492 487 1553 his
510 1493 720 1556 controversiis
745 1493 877 1556 sensisse
900 1513 956 1556 nos
979 1495 1048 1556 olim
1070 1495 1224 1557 docuimus
1246 1495 1274 1558 in
1297 1497 1332 1558 li-

124 1595 200 1655 bello
233 1594 323 1656 Ueher
357 1595 401 1654 die
427 1592 584 1672 Schriften
619 1595 667 1654 des
697 1594 841 1658 umatus
868 1615 927 1662 non
955 1597 1160 1660 Alexandriam
1195 1598 1257 1660 stud
1284 1599 1334 1662 des

122 1695 267 1758 Eusebius
290 1713 350 1756 uun
371 1695 472 1756 Emtae
493 1694 588 1769 (llalle
612 1697 715 1769 1832.)
736 1715 766 1774 p.
790 1699 839 1760 72.
863 1715 925 1776 sq:
953 1698 1066 1770 Quoto
1082 1717 1151 1759 vero
1175 1696 1333 1762 subtilitate

122 1807 154 1860 et
174 1796 337 1861 intentione
357 1795 534 1859 Athanasius
556 1797 821 1874 argumentationes
841 1799 1015 1862 driunorum
1039 1818 1072 1860 ex
1084 1800 1240 1880 «scriptura
1262 1819 1333 1864 con·

122 1909 169 1960 tra
185 1897 290 1975 dogma
304 1896 463 1958 Nicaenum
477 1898 584 1976 petitas
600 1883 768 1981 refutarent
781 1906 812 1958 el
832 1896 937 1976 dogma
957 1887 1028 1962 tltu't
1050 1900 1181 1962 eiusdem
1204 1901 1333 1958 auctori-

124 2008 184 2060 tate
206 1998 430 2070 confirmaverit,
452 2016 507 2076 qua
525 1997 688 2058 constantia
704 1997 817 2076 singula
832 1997 907 2060 dicta
922 2016 957 2058 ex
971 2003 1167 2060 consensione
1181 1997 1335 2058 uniuersae

124 2099 288 2180 scripturae
315 2109 344 2162 et
371 2099 407 2160 ad
434 2117 554 2163 sensum
583 2099 724 2160 ecclesiae
749 2097 1017 2178 recteintelligere
1045 2108 1075 2160 et
1102 2099 1246 2180 explicare
1268 2106 1333 2158 stu·

124 2201 239 2274 doerit,
267 2201 298 2262 id
326 2201 443 2280 egregie
471 2200 681 2262 demonstrarit
709 2210 738 2264 et
760 2200 900 2280 exemplis
929 2199 1081 2262 illustrarit
1107 2199 1274 2260 bloehlcrus
1302 2197 1334 2259 in

81 2351 86 2360 .
120 2303 198 2364 libro
221 2303 489 2382 praestantissimo,
513 2303 558 2364 eui
581 2300 752 2379 inscriptum
775 2309 837 2362 est:
859 2301 1041 2364 Athanasius
1064 2304 1119 2362 der
1141 2301 1250 2364 Grosse
1272 2299 1335 2362 und

121 2407 171 2466 die
198 2403 309 2466 Kr'rche
337 2409 438 2466 rainer
459 2404 530 2467 Zeal.
578 2403 642 2464 Vol.
671 2403 692 2464 l.
721 2421 751 2481 p.
780 2405 970 2466 uel-304.
1001 2403 1084 2464 Conl.
1113 2401 1197 2462 Dion.
1223 2398 1336 2462 Petarii

126 2504 273 2584 Dogmata
288 2505 449 2584 theologice
464 2504 549 2566 Tum.
565 2505 601 2566 ll.
616 2504 652 2564 de
664 2503 806 2566 Trinitate
820 2503 885 2566 libr.
903 2503 937 2564 ll.
954 2503 1000 2565 ed.
1015 2505 1160 2582 hutnerp.
1176 2521 1206 2583 p.
1223 2506 1272 2568 65.
1289 2519 1333 2580 sq.
1359 2559 1361 2566 .

211 2603 328 2678 Restat,
357 2615 389 2666 ut
416 2605 516 2684 paucis
539 2605 631 2668 dicam
654 2606 691 2668 de
712 2605 874 2684 theologica
894 2605 1043 2668 Athanasii
1067 2605 1187 2666 scientia
1210 2611 1240 2666 et
1260 2611 1332 2678 a'rte,

123 2725 180 2786 qua
204 2705 234 2768 r'n
257 2705 440 2786 dogmatibus
461 2707 527 2770 lidei
551 2694 732 2787 exponendis
754 2717 841 2786 atque
862 2708 1051 2772 defendendis
1075 2725 1148 2769 usus
1165 2717 1221 2770 est.
1250 2705 1332 2768 llanc

123 2809 226 2886 uetanti
260 2810 477 2870 aestimaverint
508 2809 662 2872 clarissimi
690 2809 797 2870 ueteris
827 2809 967 2870 ecclesiae
990 2810 1125 2870 doctores
1148 2807 1332 2888 temporibus

35 2937 37 2946 ·
128 2909 185 2968 illis
207 2910 359 2984 aequales,
382 2907 522 2982 cognosci
541 2917 641 2983 potest
662 2927 695 2968 err
718 2926 842 2978 summa,
865 2927 920 2986 qua
943 2909 1099 2986 episeopus
1122 2908 1334 2970 Alexandrinus

130 3006 210 3084 opud
233 3023 285 3064 eos
308 3006 414 3072 ualuit,
442 3006 624 3065 auctoritate.
665 3004 745 3062 lluos
767 3014 878 3066 tantum
899 3009 1046 3082 proleram
1068 3013 1175 3076 testes,
1196 3007 1335 3068 basilium

128 3105 269 3182 Magnum
299 3111 328 3162 et
355 3100 530 3176 Gregorium
558 3101 777 3162 Nazianzenum.
822 3102 872 3162 llle
898 3113 1013 3182 praeter
1040 3103 1095 3164 alia
1116 3104 1146 3162 in
1168 3105 1221 3180 Ep.
1244 3093 1337 3164 uttv.

126 3205 177 3268 ed.
193 3203 304 3264 Bened.
324 3220 356 3280 p.
371 3203 444 3266 243.
461 3201 494 3261 D.
516 3199 633 3263 scribit:
653 3197 692 3264 τὸ
712 3196 773 3283 γὰρ
795 3202 872 3285 περὶ
893 3199 950 3266 τὸν
971 3197 1218 3284 μακαριώτατον
1232 3193 1339 3264 Ἀθα-

123 3303 244 3374 νάσιον
266 3299 506 3368 ἐσπουδακέναι
528 3300 643 3384 δεῖγμα
664 3297 896 3384 ἐναργέστατον
917 3304 975 3368 τοῦ
996 3289 1192 3386 ὑγιῶζὲχαν
1206 3301 1282 3388 περὶ
1298 3299 1340 3368 τὰ

124 3405 275 3492 μέγιστα.
319 3404 398 3466 Nom
420 3406 584 3468 hecclesiam·
593 3404 752 3468 Athanasio·
770 3408 937 3470 studiorum
957 3424 1030 3477 esse,
1054 3417 1263 3485 argenteorum
1274 3409 1337 3470 σοι’·
1378 3447 1382 3462 .

131 3511 335 3574 doctissimum
367 3519 413 3570 est
444 3525 536 3570 sonae
567 3510 600 3568 ιἰι
626 3507 715 3568 rebus
742 3511 879 3568 moer'mr's
908 3499 1080 3562 sententiae.
1126 3490 1231 3552 Hicin
1255 3491 1336 3552 Orat.

132 3609 206 3674 llll.
229 3607 258 3670 in
280 3607 394 3670 laudern
409 3607 559 3668 hlhanasii
582 3623 645 3686 cap.
659 3603 710 3666 20.
733 3606 780 3661 ed.
795 3596 904 3660 lleued.
927 3616 956 3676 p.
973 3597 1045 3660 398.
1067 3595 1117 3668 ait,
1134 3593 1212 3654 viros
1229 3591 1334 3654 virtute

129 3711 306 3773 excellentes
330 3718 440 3770 tanturn
463 3707 603 3768 tribuisse
618 3700 789 3773 Athanasio,
810 3707 851 3773 ut,
873 3696 1013 3778 quidquid
1035 3694 1257 3774 illiplacuisset,
1280 3710 1335 3774 pro

128 3814 193 3892 lege
216 3811 366 3882 habereut,
389 3826 547 3870 aurursus
569 3805 690 3866 vetitum
711 3801 766 3864 sihi
790 3811 876 3879 atque
897 3798 1103 3869 interdictum,
1126 3795 1265 3875 quidquid
1287 3793 1336 3856 ille

130 3914 279 3979 sententia
301 3929 353 3972 sua
377 3909 584 3990 improbasset,
607 3905 809 3966 existimarent
829 3901 964 3978 illiusque
986 3899 1102 3960 decreta
1124 3917 1178 3978 pro
1201 3894 1337 3956 hlosaicis

131 4014 240 4076 tabulis
268 4012 422 4084 ducerent,
449 4029 483 4072 ac
502 4007 622 4082 maiori,
645 4023 730 4086 quarn
753 4022 827 4084 quae
849 4001 959 4064 sanctis
982 3999 1051 4060 viris
1074 3997 1174 4060 deberi
1198 3995 1337 4066 rideatur,

131 4116 228 4195 rusius
262 4114 450 4176 ueneratione
477 4111 670 4172 allicerentur.
713 4107 823 4168 Graeca
849 4111 933 4166 sunt:
966 4101 1022 4164 καὶ
1047 4099 1144 4162 τοῦτο
1173 4083 1211 4182 ἦν
1238 4095 1338 4178 νόμος

130 4209 255 4294 αὐτοῖς,
280 4207 299 4278 ὅ
320 4237 354 4278 τι
375 4210 484 4296 ἐκείνῳ
507 4207 627 4276 ἐδόκει·
649 4207 702 4272 καὶ
724 4207 821 4272 τοῦτο
845 4197 1024 4284 ἀπώμοτον
1045 4198 1156 4279 πάλιν,
1174 4196 1249 4284 brer}
1266 4193 1338 4264 ἐδό-

132 4341 192 4396 κει,
215 4315 270 4381 καὶ
291 4313 414 4392 πλάκες
434 4307 607 4388 Μωυσέως
629 4303 742 4386 αὐτοῖς
763 4301 804 4372 τὰ
827 4302 948 4370 ἐκείνου
971 4299 1124 4387 δόγματα,
1147 4301 1200 4366 καὶ
1222 4299 1339 4364 πλεῖον

132 4417 173 4482 τὸ
193 4415 303 4502 σέβας,
327 4407 347 4500 ἢ
369 4411 460 4499 παρὰ
482 4407 763 4497 decennovenn
785 4402 890 4492 ἁγίοις
912 4397 1089 4491 ὀφείλεται.
1130 4403 1210 4466 ldern
1233 4403 1264 4462 io
1286 4415 1338 4458 ex-

137 4519 520 4598 demonstrationum.
542 4535 572 4597 p.
588 4518 676 4580 tlt:
698 4508 808 4596 Ζήσας
830 4507 865 4576 δὲ
887 4501 973 4574 οὕτω
994 4505 1048 4576 καὶ
1069 4495 1265 4574 παιδευθεὶς
1286 4489 1339 4556 καὶ
