3014 5050
450 175 644 220 seraranan.
659 177 696 220 ao
713 177 909 222 scansiones.
1018 197 1023 208 ·
1122 197 1131 212 κ
1214 164 1274 227 749

33 332 164 394 rodunt
185 328 308 392 Patrem
330 331 363 390 in
386 325 507 408 Spiritu
529 338 557 390 ιι
579 331 717 392 ocra'tote.
761 327 838 390 Nom
866 338 895 391 at
916 327 1009 392 Peter
1042 329 1119 392 tates
1147 333 1359 412 pecorinum.

34 435 96 514 qui
119 432 252 494 odorent
273 447 351 492 mm.
397 429 534 510 Spiritus
557 439 603 491 ιιι
622 428 719 501 Deru,
750 440 780 491 et
801 447 868 502 eoa,
899 434 952 510 qni
979 431 1112 494 odorent
1133 449 1213 502 eona,
1243 436 1276 494 ιιι

36 537 166 614 spirits
186 543 217 594 ιι
238 534 367 594 caritate
392 539 513 610 oportet
534 529 678 591 odorare.
722 528 795 591 Inde
817 531 895 597 enim
917 533 1108 613 perspicuum
1130 539 1192 608 est,
1222 551 1274 594 re-

35 635 167 698 ritatem
190 634 287 713 ipsum
317 649 388 694 esse
408 631 533 704 Filium,
562 639 596 692 ut
617 630 682 710 ipse
704 631 760 692 ait:
790 631 851 711 Epo
879 653 946 695 sam
972 639 1100 705 veritae,
1131 653 1218 714 quem
1246 641 1276 695 et

35 736 199 816 Propheta
222 733 312 796 David
334 732 381 796 bis
404 731 505 794 verbis
528 731 700 794 invocabat:
723 732 832 796 Emitte
848 733 942 798 ιιιιιιιι
965 746 1048 798 tuom
1069 747 1098 798 et
1119 739 1276 799 veritatem

39 851 144 901 tuom.
189 835 257 898 Veri
279 834 369 915 igitur
390 833 564 896 adoratores
585 833 702 896 Patrem
724 834 844 913 quidem
866 835 1031 898 adorabunt
1039 862 1056 908 ,·
1077 836 1131 898 sed
1152 836 1182 898 io
1205 835 1275 916 Spi-

38 939 108 1001 ritu
133 945 164 1000 et
183 937 317 1011 veritate,
340 935 447 1000 Filium
469 935 606 997 videlicet
627 945 657 998 ct
678 936 707 998 iu
724 935 798 998 Filio
814 936 959 1018 Spiritum
981 937 1159 1000 confitendo.
1202 939 1275 1000 Nam

41 1059 60 1100 a
85 1039 164 1100 Filio
188 1039 319 1119 separari
341 1057 403 1100 non
423 1045 525 1117 potest
545 1037 692 1118 Spiritus,
715 1039 758 1100 uti
780 1057 836 1102 nec
856 1057 873 1100 a
893 1037 981 1100 Patre
1002 1037 1110 1110 Filius,
1133 1040 1275 1118 quemad-

40 1140 173 1202 modum
195 1141 261 1222 ipsa
283 1140 392 1204 veritas
415 1139 462 1201 bis
484 1139 582 1202 verbis
604 1140 710 1202 docetc
729 1140 848 1203 Mittam
869 1141 953 1204 cobis
975 1138 1182 1208 Ριιιιιιιιιιι,
1205 1139 1277 1218 Spa·-

41 1246 148 1310 rtitam
168 1239 317 1314 caritatis,
340 1245 394 1322 qna·
412 1261 440 1302 o·
453 1240 546 1304 Potae
564 1241 712 1321 procedit,
735 1259 821 1321 quent
841 1241 972 1304 mandor
995 1259 1057 1303 noa
1076 1250 1177 1320 potest
1198 1243 1278 1301 occi-

39 1361 139 1426 pere,
167 1343 225 1404 boc
251 1351 299 1403 est
326 1342 377 1420 qui
405 1358 473 1403 eum
500 1361 536 1404 ex
558 1341 645 1404 Patre
672 1341 704 1404 in
725 1341 801 1404 iilic
831 1359 901 1404 esse
928 1349 1046 1422 negant
1097 1341 1156 1415 Qui
1186 1341 1277 1420 igitur

42 1446 202 1508 voluerint
222 1461 311 1506 veros
334 1431 443 1506 imitari
466 1444 656 1516 adoratores,
679 1461 733 1505 eos
755 1443 910 1507 veritatem
923 1444 1068 1506 'confiteri
1090 1451 1121 1506 et
1141 1442 1278 1523 amplecti

44 1565 179 1638 necesse
200 1545 322 1608 omnino
345 1555 400 1608 eat.
446 1546 591 1618 Quocirca
613 1545 671 1619 iub,
700 1563 776 1626 quos
804 1546 853 1609 bio
881 1545 1059 1608 refellendos
1087 1544 1221 1624 suscepi,
1251 1543 1278 1605 si

44 1665 107 1709 nec
127 1656 201 1727 post
221 1647 295 1708 baec
315 1645 406 1709 relint
427 1646 508 1728 quod
529 1665 630 1740 aarum
654 1656 701 1708 est
722 1647 853 1720 discere,
888 1667 943 1710 nee
963 1647 1127 1727 intelligere
1147 1645 1277 1726 possint,

47 1749 157 1812 saltem
179 1749 270 1828 impia
291 1749 427 1828 proferre
451 1747 607 1823 desinant,
635 1767 696 1812 nec·
712 1748 885 1810 Trinitatem
908 1747 1035 1810 audeant
1056 1763 1211 1827 separare,
1240 1763 1278 1808 oe

46 1851 110 1931 ipsi
132 1869 149 1912 a
171 1849 229 1912 rita
251 1857 439 1930 separentur,
462 1869 518 1912 nec
539 1850 683 1930 Spiritum
710 1857 844 1912 sanctum
867 1849 947 1911 iuter
964 1868 1014 1912 res
1036 1856 1149 1911 creans
1171 1866 1278 1910 nume·

47 1960 129 2025 rent,
151 1969 190 2012 ne
211 1951 462 2031 quemadmodum
485 1951 579 2012 saneti
602 1951 730 2032 Spiritus
753 1969 844 2031 opera
859 1951 1009 2013 Pharisaei
1029 1951 1098 2012 olim
1113 1948 1278 2011 Beelzebuli

49 2051 261 2126 attribuebant,
283 2052 328 2114 sic
349 2060 379 2114 et
399 2051 440 2114 ilii
462 2051 542 2131 paris
564 2051 702 2114 audaciae
724 2052 768 2114 rei
790 2053 840 2114 bic
861 2061 892 2114 et
913 2049 943 2114 in
967 2047 1062 2114 futura
1084 2051 1142 2113 rita
1157 2057 1277 2112 aeterno

50 2152 198 2235 supplicio
223 2146 287 2215 sine
310 2153 367 2216 niia
389 2171 443 2232 spe
465 2151 568 2214 reniae
590 2171 657 2214 cum
680 2151 739 2214 illis
762 2151 935 2214 afficiantur.
1070 2139 1073 2146 ¹

593 2503 741 2563 brustans!

223 2621 272 2675 Ab
302 2623 485 2674 EUNDEM
517 2621 782 2674 nutscoaun
813 2622 1108 2674 sanctaenon

282 2727 397 2776 aduersos
415 2740 457 2776 eos
476 2725 517 2790 qni
535 2725 611 2774 iiiiom
630 2738 682 2774 rern
700 2733 804 2774 creatam
824 2739 878 2774 esse
897 2723 1051 2776 contendant.

141 2861 169 2920 1.
212 2855 276 2936 Ego
298 2857 417 2937 quidem
438 2875 530 2937 pauca
552 2875 600 2919 me
622 2857 662 2920 ita
685 2857 843 2938 scripsisse
866 2857 1080 2938 existimabam,
1104 2865 1190 2937 atque
1205 2857 1280 2919 adeo

55 2977 102 3019 mc
123 2957 188 3036 ipae
214 2957 359 3020 maximae
387 2957 595 3020 imbecillitatis
626 2959 815 3033 acnrsabam,
844 2959 894 3039 qui
922 2977 979 3021 nec
1006 2965 1118 3019 tantum
1148 2956 1279 3018 scribere

1 3069 2 3072 ’
54 3057 230 3140 potuissem,
253 3065 395 3138 quantum
418 3059 561 3122 adversus
584 3078 648 3134 eoa,
671 3059 722 3141 qui
744 3061 774 3122 in
789 3060 933 3140 Spiritum
951 3067 1084 3122 sanctum
1100 3057 1183 3138 impii
1198 3067 1277 3130 suot,

54 3161 122 3222 licet
142 3159 312 3222 bominibus
327 3157 446 3234 dicere.
491 3160 617 3233 Quando
639 3179 722 3235 neco,
745 3171 777 3224 ut
798 3160 914 3234 scribis,
942 3160 1059 3240 qnidam
1082 3179 1116 3222 es
1139 3157 1280 3246 iratribus

55 3261 287 3343 postulaverunt,
309 3269 343 3324 ut
364 3262 438 3324 baec
459 3262 491 3324 io
513 3263 720 3342 compendium
743 3263 958 3343 redigerentur,
980 3279 1039 3342 quo
1060 3260 1224 3342 paratiores
1243 3277 1281 3322 ac

89 3461 110 3510 ρ.
128 3449 167 3498 Sic
185 3448 266 3498 Ottob.
302 3448 328 3498 ln
347 3447 419 3498 basil.
447 3456 470 3498 et
487 3449 578 3512 Angiic.
604 3450 642 3500 iu·
693 3450 826 3500 cedentem.
867 3449 894 3499 in
918 3448 988 3498 editis
1019 3456 1097 3499 autern
1121 3447 1200 3512 primo
1226 3446 1304 3498 ioco·

56 3516 165 3566 scribitur
184 3517 239 3564 item
257 3507 384 3575 ἐπιστολὴ
402 3509 471 3581 πρὸς
490 3509 540 3564 τὸν
556 3506 642 3564 adrev
692 3519 741 3568 cire
760 3525 813 3566 ante
833 3517 1016 3582 praecedentem
1034 3517 1140 3582 ponitur,
1161 3529 1214 3564 curn
1235 3515 1280 3567 bn·
1334 3546 1339 3554 -

56 3577 216 3648 Σεραπίωνα
232 3576 302 3630 κατὰ
319 3581 376 3630 τῶν
393 3575 601 3648 λεγόντωνιιτίι
623 3599 641 3632 α
692 3585 798 3634 ioamodi
822 3584 905 3635 titulo:
929 3582 979 3632 τιῦ
996 3577 1026 3632 ἐν
1049 3575 1139 3648 ἁγίοις
1156 3589 1201 3632 etc.
1224 3575 1280 3629 ἐπι·
1303 3629 1308 3640 ,

55 3645 104 3698 τὸν
120 3642 180 3698 oia‘r
198 3657 222 3699 et
238 3651 267 3699 ad
286 3651 419 3712 marginem
436 3645 563 3711 ἐπιστολὴ
583 3599 641 3702 diia-
692 3646 773 3712 canii
792 3646 862 3718 aspir
879 3651 1043 3716 Σεραπίωνα
1067 3645 1116 3700 τὸν
1133 3643 1280 3700 ἐπίσκοπον

56 3713 126 3786 τέρα.
161 3717 248 3779 ιιιρίιι
266 3725 362 3778 autam,
381 3717 480 3779 Seguer.
500 3721 597 3771 Gobier.
617 3728 641 3770 et
690 3714 761 3768 κατὰ
778 3719 835 3768 aoir
851 3713 988 3784 λεγόντων
1009 3711 1053 3768 ὅτι
1071 3712 1085 3767 ὃ
1102 3711 1162 3771 cibe
1177 3717 1280 3782 ιιιιμιι

56 3787 156 3836 iaicim.
179 3785 200 3834 i.
219 3798 263 3847 pro
282 3784 351 3834 titoio
370 3783 429 3834 boae
447 3788 536 3838 babent
554 3789 639 3839 rerba:
691 3781 774 3837 toro.
809 3789 888 3840 Sancti
904 3789 978 3838 Petris
996 3796 1041 3838 etc.
1059 3788 1164 3851 Epicteto
1187 3787 1218 3835 ad
1238 3786 1280 3835 Sc*-

56 3851 139 3902 ταῦτα
155 3845 185 3900 dx
201 3850 258 3898 τῶν
280 3847 486 3934 προειρημένων
507 3846 564 3901 κατ’
584 3847 640 3902 ἐπι·
690 3857 809 3919 cepionem
820 3856 966 3920 Episcopum,
987 3861 1124 3908 coetaneos
1142 3853 1281 3918 qoidicsnt

56 3915 141 3986 τιμὴν
154 3911 264 3987 ἐγράφη
287 3910 344 3968 κατ’
370 3918 462 3968 curua
484 3913 567 3968 neto
584 3920 641 3970 τῶν
690 3923 776 3973 Filium
794 3938 908 3972 cesarem
926 3929 1032 3973 creatam.
1068 3917 1124 3972 Vide
1134 3921 1279 3972 admonitio·

57 3981 188 4068 ιιγόνιων
209 3981 312 4054 κτίσμα
337 3973 409 4037 εἶναι
433 3981 466 4036 τὸ
483 3985 591 4054 πνεῦμα
608 3981 640 4037 τὸ
692 4003 747 4039 nem
766 4004 790 4053 p.
805 3989 864 4040 dte.
890 3985 995 4107 spitii.
1014 3987 1153 4052 boimond]
1172 3987 1279 4038 oorn.2.

58 4071 141 4122 αγιιν.
176 4056 203 4106 id
221 4064 258 4106 est
269 4056 330 4108 Haec
346 4071 376 4106 aa
389 4059 517 4121 praedictis
535 4072 642 4120 compen-
727 4057 750 4106 b.
768 4057 898 4107 tetram·

59 4126 95 4174 dio
111 4127 195 4190 scripto
217 4131 269 4174 auat
293 4131 373 4176 ιοιιιιι
397 4125 488 4174 eosdem
505 4125 546 4190 ριι
564 4127 643 4174 dicuat
693 4124 783 4184 anglic.
802 4134 825 4174 et
842 4125 946 4176 Feicim.
960 4125 984 4175 2.
1008 4133 1032 4176 ιι
1056 4126 1114 4176 editi
1139 4137 1225 4190 γεγρα
1253 4135 1280 4179 ι·

58 4193 163 4256 Spiritum
180 4197 283 4244 sonetum
299 4203 347 4242 ιιιιι
364 4194 463 4244 creatam
481 4203 538 4242 ιιιι.
575 4193 642 4251 Quae
691 4187 774 4243 κέναι.
815 4191 876 4242 ibid.
900 4193 997 4244 Gobior.
1016 4201 1040 4244 et
1058 4193 1161 4242 Fateim.
1183 4192 1204 4241 Ι.
1234 4200 1281 4236 κα-

57 4261 110 4308 item
128 4267 220 4308 arctant
237 4261 261 4308 in
273 4261 381 4321 merciae
393 4260 483 4311 codicis
492 4259 644 4310 basiliensis.
692 4252 836 4324 ιργόριωι.
870 4261 930 4313 item
956 4261 1046 4310 ibidem
1064 4261 1156 4321 daglic.
1179 4248 1280 4313 noffi'

59 4327 84 4374 tn
101 4327 210 4376 omnibus
227 4337 301 4391 porro
320 4339 378 4377 man
403 4329 475 4378 etiam
494 4329 518 4378 io
536 4328 641 4378 ietoiaa.
693 4317 847 4376 danuam.
897 4327 971 4380 Panic
990 4337 1046 4391 post
1064 4329 1121 4387 fleg.
1139 4333 1163 4376 et
1180 4326 1280 4389 Segasa.

60 4391 83 4440 2.
100 4401 134 4441 ιιι
150 4405 250 4444 numero
267 4396 552 4460 secoodaaiveaeqoitor
568 4411 641 4461 prae·
691 4387 810 4462 γράψαι.
846 4395 892 4448 alii
911 4405 934 4448 et
952 4397 1009 4446 editi
1025 4387 1156 4458 γράφειν.

909 4095 915 4106 .
938 4052 986 4106 ani
1007 4059 1102 4108 omittit.
1138 4058 1190 4107 nox
1208 4055 1282 4105 Baait.
1364 4081 1369 4089 ·
