3014 5050
468 259 610 302 sersaoni
626 261 645 302 r.
661 262 697 303 nn
715 260 911 304 summoneri.
1206 232 1211 242 ’
1242 249 1302 308 747

419 327 429 350 .

65 435 130 497 que
154 415 185 478 iu
207 413 257 476 illo
280 410 472 480 reconciliare
501 410 641 489 cupiens,
668 412 835 493 pacificans
864 415 927 474 siae
955 429 1031 493 quoe
1059 415 1092 472 r'n
1120 411 1210 474 caelis
1241 416 1385 474 aa'oenaar.

63 535 148 600 quoe
171 519 319 579 interris
342 522 424 575 sunt.
834 513 840 524 '
923 513 930 522 '
1159 515 1164 523 ’

159 620 209 682 32.
254 615 355 696 ltaque
377 631 413 674 ex
435 612 599 672 divinarum
613 611 831 692 seripturarum
854 632 1004 677 consensu
1026 615 1146 677 evidens
1170 625 1215 678 est
1231 615 1300 697 Spi-
1362 627 1370 636 ·

63 720 163 781 ritum
192 725 326 779 sanctum
353 733 417 776 rem
446 721 573 774 creatam
604 729 665 772 uon
693 731 776 786 esse,
812 713 864 773 sed
892 716 1045 794 proprium
1068 736 1137 778 esse
1161 717 1247 780 Verbi
1271 725 1300 778 et

62 819 171 882 Patris
194 817 366 880 divinitatis.
411 815 461 876 Sic
483 813 560 875 eninr
577 813 753 875 Sanctorum
771 813 903 876 doctrina
926 817 961 877 ad
984 828 1114 880 sanctam
1138 827 1168 880 et
1189 819 1298 882 indivi-

65 923 161 982 duam
184 918 358 980 Trinitatem
381 916 590 978 adstruendam
613 915 775 994 conspirat,
799 931 891 994 eaque
912 933 969 976 una
992 926 1038 977 est
1059 917 1223 982 Catholicae
1239 921 1297 982 lle·
1330 905 1333 912 ⁴

66 1021 180 1082 clesiae
201 1019 285 1081 fides.
312 1019 364 1080 dt
387 1017 533 1079 absurdae
557 1017 752 1096 Tropicorum
774 1015 888 1078 fabulae
911 1035 927 1076 a
950 1016 1109 1095 Scripturis
1131 1022 1213 1083 valde
1232 1023 1297 1084 dis-

67 1121 206 1184 sentiunt
227 1108 476 1198 consentiuntque
501 1117 623 1180 omuino
646 1137 712 1180 oum
734 1117 910 1180 brianorum
932 1117 1068 1191 haeresi3
1091 1121 1168 1182 unde
1189 1123 1296 1206 rerisif

65 1223 140 1284 mile
163 1223 218 1296 sit,
246 1221 314 1283 illos
343 1238 402 1281 nou
426 1219 481 1282 alia
504 1220 652 1282 de-causa
673 1219 713 1280 ita
735 1218 924 1281 dissimulare
945 1218 1005 1280 nisi
1034 1227 1066 1280 ut
1088 1220 1200 1280 lacilius
1224 1221 1296 1282 siru-

63 1323 162 1404 plices
191 1322 372 1402 deciperent.
425 1321 484 1382 Sed
506 1320 617 1400 gratiae
645 1320 766 1382 domino
794 1319 964 1394 habendae,
998 1320 1092 1398 quod,
1122 1327 1153 1382 ut
1181 1321 1297 1396 scribis,

64 1427 167 1486 fictam
191 1442 274 1486 snam
305 1441 372 1484 cum
394 1422 510 1483 briania
533 1422 755 1484 contentionem
785 1420 925 1500 obtegere
952 1439 1012 1483 non
1042 1423 1203 1501 potuerint
1248 1422 1296 1483 Si-

66 1526 190 1606 quidem
218 1533 248 1586 et
275 1524 394 1585 illorum
423 1523 580 1586 odiumin
609 1543 643 1585 se
674 1524 759 1604 ipsos
789 1523 1026 1595 concitaverunt,
1058 1532 1093 1584 ut
1120 1523 1170 1603 qui
1200 1523 1297 1586 solum

65 1627 213 1707 Spiritum
240 1643 301 1688 non
330 1631 427 1688 autem
449 1624 577 1688 Verbum
605 1643 668 1686 rem
698 1633 824 1687 creatam
858 1643 925 1686 esse
954 1624 1068 1696 dicant,
1103 1633 1133 1686 et
1164 1624 1201 1686 ab
1233 1624 1296 1688 aliis

65 1727 208 1789 omuibus
231 1725 445 1808 reprobantur,
476 1726 555 1806 quod
588 1726 699 1806 liqueat
725 1745 795 1788 rere
824 1744 877 1788 eos
906 1726 1015 1788 bellum
1038 1733 1140 1788 contra
1162 1733 1297 1789 sanctum

65 1829 211 1910 Spiritum
234 1847 337 1908 gerere
359 1847 393 1890 aa
414 1829 541 1915 proinde
560 1826 644 1890 brevi
666 1829 729 1890 lore
746 1834 906 1901 ,mortuos
929 1819 1032 1907 utpote
1054 1827 1166 1908 Spiritu
1188 1845 1296 1890 vacuos

65 1941 97 1992 et
120 1931 290 1994 destitutos.
334 1930 447 2010 Nempe
469 1930 537 2010 quia
559 1938 630 1992 sunt
652 1930 791 1992 animales
814 1930 963 2004 homines,
985 1948 1046 1992 non
1068 1937 1241 2010 potuerunt,
1265 1937 1297 1992 ut

65 2033 157 2093 docet
176 2032 283 2096 beatus
305 2031 482 2112 Apostolus,
511 2031 665 2110 percipere
688 2048 763 2111 qnae
787 2039 856 2093 suut
877 2031 1006 2110 Spiritus
1030 2031 1098 2105 llei,
1120 2039 1223 2111 utpote
1246 2031 1296 2110 qui
1325 2033 1351 2098 ';-

65 2133 262 2212 spiritualiter
283 2133 524 2196 diiudicareutur.
569 2131 605 2192 lt
626 2131 675 2210 qui
704 2151 754 2204 ea,
787 2151 861 2210 quae
891 2140 961 2193 suut
987 2131 1136 2206 veritatis,
1160 2129 1296 2212 sapiunt,

65 2236 167 2296 omnia
189 2235 308 2314 quidem
332 2233 501 2304 diiudicant,
524 2231 583 2312 ipsi
604 2251 675 2292 vero
698 2250 714 2292 a
737 2231 855 2292 nemine
878 2229 1084 2306 diiudicentur,
1107 2233 1293 2312 quandoqui-

65 2336 134 2398 dem
157 2336 316 2397 Dominum
338 2333 368 2394 in
392 2333 502 2413 seipsis
526 2332 651 2406 habeut,
675 2331 724 2411 qui
748 2330 806 2392 illis
829 2340 859 2393 et
881 2331 1013 2410 seipsum
1036 2339 1066 2394 et
1086 2351 1141 2412 per
1163 2333 1294 2414 seipsum

63 2437 184 2498 Patrem
207 2435 236 2497 iu
260 2409 371 2514 Spiritu
392 2433 540 2514 patefacit.

152 2539 202 2602 33.
246 2536 309 2617 Ego
332 2534 430 2616 itaque
451 2535 571 2598 tametsi
594 2534 624 2596 in
648 2533 809 2596 solitudine
831 2532 953 2613 degens,
979 2543 1077 2598 umen
1099 2545 1223 2616 propter
1237 2551 1376 2598 eo-resr.

63 2657 132 2700 rum
153 2638 376 2718 impudentiam,
399 2636 449 2718 qui
471 2655 487 2700 a
509 2637 632 2699 veritate
653 2636 845 2708 deflexerunt,
868 2634 1086 2722 nihilomnino
1108 2637 1145 2698 de
1166 2637 1223 2700 illis
1239 2657 1292 2700 cu·

62 2757 144 2812 rans,
167 2740 273 2820 quibus
295 2742 373 2802 lorte
395 2757 478 2802 meae
500 2737 740 2801 ratiocinationes
757 2735 890 2798 infirmae
905 2736 1084 2822 et·humiles
1107 2743 1195 2818 atque
1217 2739 1291 2801 adeo

63 2841 232 2902 irridendae
253 2841 441 2914 videbuntur,
464 2841 537 2900 haec
558 2857 660 2919 pauca,
683 2857 758 2918 quae
782 2838 899 2917 scripsi,
922 2838 1055 2911 adtuam
1070 2839 1209 2919 pietatem
1224 2839 1291 2920 pla·

63 2939 124 3002 cuit
145 2941 279 3014 mittere,
308 2949 397 3020 teque
418 2942 610 3002 vehementer
631 2957 723 3019 rogo,
755 2947 787 3001 nt
813 2940 844 3001 in
870 2940 918 3002 his
939 2939 1072 3019 legendis
1095 2939 1150 3002 alia
1173 2941 1291 3021 quidem

63 3039 216 3114 emendes,
239 3040 294 3102 alia
316 3059 397 3114 reru,
421 3059 496 3120 quae
517 3041 631 3102 infirma
649 3049 823 3113 occurrent·
837 3039 910 3100 mibi
932 3039 1094 3102 condones.
1138 3040 1291 3120 Siquidem

62 3141 137 3204 nihil
158 3141 222 3221 ipse
247 3141 354 3203 tradidi
376 3141 436 3224 nisi
460 3140 621 3203 secundum
643 3140 842 3220 Apostolioam
864 3140 967 3214 fidem,
997 3148 1088 3220 prout
1109 3159 1143 3202 ea
1164 3139 1291 3203 nobisa

62 3241 199 3324 patribus
222 3242 328 3306 tradita
351 3249 407 3316 est,
431 3241 562 3322 nihilque
585 3251 737 3304 externum
761 3261 826 3305 sum
850 3249 1048 3315 commentus,
1071 3243 1125 3302 sed
1140 3242 1220 3322 qnod
1242 3243 1289 3305 di·

62 3343 136 3417 dici,
164 3344 244 3406 iuxta
273 3351 403 3405 mentem
433 3351 601 3406 sanctarum
624 3343 842 3424 Scripturarum
872 3343 919 3405 his
948 3343 1055 3404 litteris
1087 3344 1211 3406 exaravi.
1256 3344 1289 3407 ld

63 3446 140 3507 enim
164 3445 276 3526 optime
305 3464 372 3508 eum
398 3445 446 3508 bis
476 3446 629 3525 congruit,
657 3465 732 3525 quae
762 3446 799 3507 ad
821 3444 953 3507 veritatis
976 3445 1230 3508 confirmationem
1254 3467 1289 3509 ex

53 3547 171 3627 „sanctis
194 3546 359 3627 Scripturis
382 3546 569 3609 adduximus.
613 3546 681 3607 Non
704 3564 775 3626 ergo
797 3547 982 3608 extrinsecos
998 3547 1140 3609 accersita
1157 3549 1290 3612 esthaec
1371 3617 1376 3628 ,

62 3655 161 3709 nostra
184 3647 330 3723 doctrina,
353 3649 405 3710 sed
428 3649 492 3729 ipse
515 3648 659 3711 Dominus
674 3648 759 3711 lesus
777 3649 914 3711 Christus
937 3649 1146 3729 perseipsum
1169 3651 1288 3730 quidem

62 3749 274 3836 Samaritenam
298 3767 332 3810 aa
353 3767 410 3810 nos
432 3748 586 3828 perillam
609 3749 716 3812 deinde
738 3749 855 3825 docuit,
885 3769 972 3830 quam
993 3753 1122 3830 perlecta
1146 3760 1176 3812 et
1197 3751 1287 3814 abso-

61 3852 118 3913 luta
142 3842 182 3912 si't
203 3857 305 3912 sancta
328 3848 480 3923 Trinitas,
504 3870 627 3932 eamque
650 3851 829 3913 individuam
852 3869 886 3912 ac
908 3870 996 3913 unam
1017 3852 1200 3914 divinitatem
1223 3855 1286 3916 exi-

62 3960 149 4013 stere.
186 3950 226 4013 ld
257 3950 376 4030 inquam
407 3949 470 4030 ipsa
493 3960 619 4015 testatur
640 3954 765 4025 veritas,
797 3951 848 4014 ubi
875 3953 1075 4016 Samaritanae
1104 3954 1158 4015 ait:
1195 3953 1288 4018 Crede

61 4052 139 4125 mihi,
161 4052 283 4129 mulier,
307 4055 377 4132 quio
398 4056 479 4114 uenit
503 4052 579 4114 horo
601 4066 630 4116 et
652 4073 733 4117 nune
756 4064 811 4137 eat,
834 4073 900 4116 cunt
922 4059 989 4116 veri
1008 4055 1188 4118 adoratores
1212 4058 1295 4118 odo-1

63 4205 115 4266 Rea.
136 4204 156 4254 l.
174 4205 315 4266 Sequerian
334 4203 430 4256 Gobler.
457 4213 480 4255 et
496 4204 601 4255 Felclm.
623 4205 645 4255 l.
697 4221 745 4257 non
765 4208 821 4269 fleg.
837 4206 876 4264 2,
901 4209 940 4270 qui
965 4215 1044 4257 tamen
1069 4205 1102 4274 τῇ
1127 4218 1177 4255 σου
1205 4207 1284 4256 habet.

61 4272 86 4320 ln
105 4271 155 4320 aliis
173 4281 196 4320 et
214 4273 283 4348 editis
301 4275 388 4322 desunt
405 4263 448 4320 ὅτι
462 4264 553 4339 μόνον
570 4288 645 4338 nsque
697 4275 776 4325 Ceteri
794 4283 818 4324 et
835 4275 891 4324 editi
904 4273 937 4341 τῇ
953 4273 987 4342 σῇ
1000 4283 1023 4325 et
1041 4273 1073 4341 τῇ
1091 4287 1141 4323 σου
1159 4281 1182 4324 et
1198 4263 1284 4320 πολλά

62 4339 90 4388 ad
106 4339 343 4403 κατιγνωσθησαν.
696 4343 815 4392 omittunt.
852 4355 857 4363 ·

95 4405 116 4454 d.
134 4407 233 4468 Sequar.
251 4407 322 4456 Basil.
342 4414 366 4457 et
383 4407 473 4470 buglis.
491 4404 643 4474 γενόμενοι.
730 4410 746 4458 l.
766 4409 820 4471 nep
834 4410 856 4460 1.
871 4401 1131 4472 usqueadeone
1146 4396 1284 4470 ωοιᾶπερ.

94 4485 114 4520 e.
131 4473 169 4522 Sic
188 4474 242 4536 lleg.
263 4475 284 4523 l.
307 4475 420 4525 ottobon.
440 4484 463 4526 et
481 4477 580 4540 segnes.
599 4491 645 4526 nec
729 4492 752 4539 g.
770 4479 826 4541 hog.
839 4477 862 4528 2.
880 4476 914 4544 τῇ
929 4477 982 4544 μιᾷ
999 4473 1120 4534 astruet.
