3220 5046
571 275 1022 325 mnemommnnes.
1327 267 1388 332 tdl

159 428 269 494 Filium
291 445 353 492 non
376 445 445 492 asae
461 433 571 490 natura
592 425 623 489 ot
650 427 816 492 muntia
843 439 990 506 mmmm,
1019 431 1074 495 sed
1093 424 1225 514 'proprie
1245 453 1281 497 ex
1304 435 1476 500 Patronem

158 531 305 626 genitum,
328 532 454 610 eiusque
474 547 545 592 esee
565 530 738 610 uniendam
761 539 792 594 et
812 531 940 596 Verbum
961 551 1081 610 rerum,
1110 553 1166 616 per
1187 536 1267 615 quod
1290 537 1390 598 omnia

161 633 239 696 laeta
261 641 341 706 sunt,
365 639 396 694 et
416 631 482 693 sine
503 649 563 710 quo
585 633 693 694 laetum
714 633 866 696 estnihil.

454 883 656 948 EIUSDEM
688 883 870 948 contus
901 883 1100 950 antenus

650 1005 764 1058 onano
789 1007 906 1058 ranrn.

157 1169 161 1180 ¹
252 1146 280 1206 1.
325 1140 573 1220 Quandoquidem
591 1140 688 1202 semel
710 1139 824 1213 Ariani,
847 1147 881 1202 ut
902 1138 1035 1214 ridetur,
1059 1138 1189 1202 animum
1210 1141 1390 1208 induxerunt

160 1261 179 1309 a
201 1243 325 1334 ueritate
347 1241 530 1314 desumere,
558 1241 590 1302 in
611 1243 732 1322 seipsos
753 1242 902 1304 attrahere
922 1241 1107 1304 contendunt
1129 1242 1202 1303 liaeo
1222 1243 1390 1323 Scripturas

160 1345 268 1408 runa:
290 1345 407 1426 Impius
423 1363 489 1406 eum
503 1349 537 1406 tte
554 1345 748 1425 profundunt
760 1344 913 1408 malornm
935 1348 1061 1420 uenerit,
1086 1349 1256 1408 contemnit.
1289 1343 1391 1425 Neque

164 1447 244 1508 enirn
266 1445 392 1508 eonvioti
413 1446 578 1526 quiescunt,
601 1464 657 1508 nee
678 1447 837 1518 haerentes
859 1447 1053 1519 erubeseunt,
1076 1445 1131 1508 aed
1152 1443 1241 1510 veluti
1262 1447 1391 1510 frontem

163 1555 302 1628 gerentes
323 1547 488 1614 meretrieis
503 1565 622 1610 ornnem
636 1549 783 1629 pudorem
799 1558 956 1620 exuerunt,
978 1558 1011 1610 ut
1025 1566 1110 1610 suam
1126 1547 1268 1611 aduersus
1284 1565 1391 1612 omnes

164 1648 324 1712 detentam
345 1649 536 1730 impietatem.
569 1649 730 1729 Postquam
753 1648 832 1712 enim
854 1651 1012 1730 probatum
1034 1669 1051 1712 a
1073 1648 1160 1710 nobis
1185 1657 1247 1724 eat,
1271 1649 1390 1718 illerum

162 1749 334 1831 scriptume
355 1751 500 1824 locorum,
522 1765 630 1832 nempe
642 1751 792 1815 Dominus
816 1757 934 1816 ereoor't
953 1771 999 1814 nae
1016 1760 1047 1812 et
1064 1749 1158 1812 Toeto
1177 1755 1390 1830 praestantior

162 1839 267 1932 sotter
289 1853 412 1935 Angelis
438 1863 469 1916 et
494 1855 715 1933 prt‘tttogtttt'ttta
744 1861 774 1914 et
799 1853 863 1926 Qui
886 1851 988 1934 fidelia
1015 1863 1061 1914 eat
1083 1856 1112 1914 er·
1136 1857 1189 1932 qua·
1216 1845 1389 1931 sen‘t'eunr,

159 1963 270 2021 motam
298 1973 367 2016 esse
395 1955 656 2035 significationem,
690 1955 868 2034 iisdemque
884 1971 982 2016 reram
1010 1953 1040 2014 in
1070 1951 1221 2014 Christum
1248 1953 1388 2033 pietatem

161 2056 295 2130 edoceri3
322 2056 424 2120 neseio
451 2075 580 2138 qaenam
608 2065 696 2138 paeto
724 2056 765 2120 illi
794 2065 932 2136 tauquam
955 2053 1103 2136 serpentis
1125 2071 1240 2117 veneno
1262 2053 1387 2134 delusi,

160 2175 217 2222 nee
236 2158 372 2220 videntes
394 2177 470 2239 quae
490 2159 616 2221 ridenda
645 2167 732 2228 sunt,
764 2177 819 2220 nee
847 2177 899 2230 aa,
928 2176 1003 2238 quae
1032 2157 1148 2237 legunt,
1179 2157 1388 2237 intelligentes,

160 2261 215 2322 sed
237 2268 376 2340 tanquam
399 2279 433 2322 er
456 2261 540 2340 impii
561 2259 609 2323 sui
631 2261 901 2346 cordisprelundo
924 2267 1087 2333 metantes,
1109 2259 1167 2321 iam
1182 2259 1256 2321 haee
1269 2258 1388 2320 Domini

70 2345 74 2351 ²
158 2359 266 2424 verba:
288 2362 350 2440 qu
372 2365 405 2422 tn
428 2361 522 2425 Putre
543 2373 574 2424 et
596 2359 742 2424 Peterin
762 2381 809 2424 me
830 2372 883 2434 eet,
907 2360 1052 2440 exagitare
1074 2369 1245 2441 coeperunt.
1279 2362 1388 2435 „Que-

52 2545 62 2556 ·
161 2462 289 2534 „mede
312 2463 459 2542 inquiunt,
482 2463 541 2526 ista
563 2463 594 2525 in
615 2461 666 2524 illo
689 2471 718 2524 et
738 2463 788 2524 ille
809 2463 839 2524 in
861 2463 920 2525 isto
943 2462 1089 2526 eontineri
1110 2461 1237 2542 potest?
1258 2463 1308 2524 Vel
1331 2479 1388 2543 qua

162 2609 182 2636 „
190 2581 318 2642 prorsus
340 2561 455 2628 ratione
475 2564 573 2639 Pater,
597 2563 648 2645 qui
669 2566 764 2626 maior
785 2575 841 2638 eat,
864 2565 893 2626 in
910 2564 996 2642 Filio,
1019 2563 1068 2643 qui
1091 2563 1190 2626 minor
1210 2570 1265 2637 est,
1288 2571 1390 2643 potest

161 2664 428 2746 ‚memprolrendit
470 2667 528 2729 Aut
549 2666 619 2746 quid
641 2667 749 2730 mirum
773 2673 820 2730 eet
840 2665 948 2728 Filium
970 2667 1000 2728 in
1023 2666 1111 2728 Patre
1133 2685 1221 2739 esse,
1251 2667 1387 2746 quando-

160 2767 306 2848 „quidem
331 2768 418 2831 mam
440 2769 477 2831 de
495 2767 583 2831 nobis
607 2769 751 2849 seriptum
775 2777 838 2831 eata
871 2769 909 2831 ln
930 2774 998 2850 tpeo
1019 2773 1101 2832 enim
1121 2773 1250 2832 utemur
1272 2777 1302 2830 et
1322 2787 1389 2830 uro-

53 2919 67 2938 ,
160 2887 294 2943 „nemer
316 2881 345 2932 et
366 2868 519 2934 aemuaP“
543 2869 622 2932 Sane
643 2870 703 2934 hec
724 2869 781 2932 illis
799 2869 906 2932 merito
921 2889 976 2949 pro
992 2887 1047 2932 sua
1061 2869 1256 2950 peruersitate
1272 2867 1387 2942 occidit,

158 2977 194 3031 nt
214 2969 308 3030 Deum
330 2987 438 3048 eorpus
460 2989 528 3032 essa
550 2971 728 3044 existiment,
751 2989 807 3033 neo
828 2970 1008 3050 intelligant,
1036 2971 1106 3052 quid
1130 2971 1278 3034 tituenus
1300 2971 1388 3032 Pater

162 3077 193 3132 et
221 3085 309 3134 veros
341 3071 448 3146 Filius,
482 3073 553 3152 quid
585 3073 634 3136 lux
668 3071 826 3136 invisibilia
856 3081 887 3134 et
918 3079 1038 3134 aeterna
1071 3073 1197 3153 eiusque
1229 3071 1385 3136 invisibilis

161 3169 319 3251 splendor,
348 3174 418 3254 quid
446 3173 603 3238 inuisibilis
629 3175 699 3238 itern
729 3175 908 3247 substantia,
941 3171 1012 3252 quid
1039 3172 1131 3253 flgur'a
1154 3182 1184 3235 et
1206 3173 1302 3253 image
1325 3191 1471 3236 nonnum.

160 3291 313 3354 remores.
351 3274 483 3354 Namque
506 3275 533 3338 si
555 3284 780 3356 cognoscerent,
803 3293 865 3338 uon
887 3275 1021 3355 prolecto
1044 3281 1101 3337 tarn
1124 3275 1214 3355 impie
1228 3275 1385 3338 Dominum

161 3425 212 3474 lior
236 3427 335 3489 Seguer.
359 3421 464 3486 καὶτὸ,
489 3424 677 3498 πρωτότοκος·
701 3423 747 3478 καὶ
797 3425 923 3480 νοοῦντες
945 3421 986 3482 τίς
1009 3421 1084 3476 ἐστιν
1107 3436 1151 3478 etc.
1189 3427 1278 3478 ibidum
1299 3429 1385 3490 Regius

160 3486 202 3548 τὸ,
220 3487 328 3542 nante.
798 3497 891 3562 primus
916 3505 940 3546 et
963 3497 1062 3558 Seguer.
1085 3488 1155 3561 μήτε
1177 3491 1207 3543 τί
1229 3488 1288 3544 ἐστι
1314 3494 1383 3561 φώς.

195 3576 215 3612 ο.
234 3563 320 3624 flegioa
338 3557 436 3628 primo?
450 3573 473 3615 et
490 3566 591 3628 Seguer.
611 3559 748 3614 daturuo'u-
798 3565 875 3614 Ceteri
895 3573 918 3614 et
936 3565 992 3614 editi
1009 3556 1079 3629 μήτε
1097 3567 1137 3618 τίς
1155 3555 1215 3612 ἐστι
1232 3562 1302 3629 φῶς.
1331 3565 1383 3614 lter

160 3642 222 3679 τιον.
259 3631 348 3681 ibidem
374 3631 475 3694 Seguer,
493 3625 599 3692 τὴνεῖς
621 3627 748 3699 Χριστὸν
798 3633 884 3696 Regius
902 3633 1004 3696 primus,
1023 3635 1122 3690 Seguer.
1141 3633 1230 3692 luglie
1250 3631 1386 3684 Goliam-t

160 3689 293 3760 uisitator.
329 3699 380 3749 llor
405 3701 461 3760 lleg.
482 3701 503 3749 1.
523 3703 622 3764 Segosa.
647 3703 744 3753 Gobler.
797 3701 902 3750 l'elcltm.
916 3700 937 3749 1.
950 3689 1041 3748 ἀΐδιον
1057 3693 1103 3746 aral
1120 3691 1298 3765 ἀπαύγασμα.
1324 3701 1385 3750 Edit.

160 3772 182 3814 et
200 3765 304 3818 letatum.
325 3767 347 3816 1.
362 3759 447 3816 πάλιν
464 3758 551 3818 αὑτοὶ.
582 3769 628 3820 sut
647 3777 670 3820 et
688 3769 745 3820 editi
797 3769 914 3820 commo,
934 3759 1005 3816 ἴδιον
1022 3758 1200 3833 ἀπαύγασμα.

159 3824 241 3882 πάλιν
258 3817 342 3882 οὗτοι.
831 3838 846 3885 i.
865 3837 906 3886 Sic
924 3836 979 3897 llag.
1002 3835 1021 3884 1.
1041 3834 1139 3897 Srguer.
1159 3836 1228 3886 Gobl.
1244 3843 1266 3886 et
1278 3835 1385 3886 Felclm.

192 3901 208 3950 1.
226 3901 282 3963 neg.
297 3903 319 3953 l.
332 3903 432 3964 Seguer.
449 3900 546 3952 Gubler.
564 3910 588 3951 et
605 3903 708 3952 Felclm.
723 3903 745 3953 1.
799 3903 820 3951 1.
839 3911 865 3952 ot
883 3909 906 3953 et
924 3903 945 3951 le
964 3905 981 3952 it
998 3903 1112 3952 Nanuius.
1149 3905 1175 3952 ,11
1199 3906 1239 3954 alii
1264 3913 1287 3953 et
1311 3904 1384 3954 editio

156 3964 277 4034 καρδίας.
312 3969 356 4019 atii
372 3974 396 4018 et
408 3969 465 4017 editi
482 3963 582 4022 κακίας.
619 3971 744 4032 lbid.llag.
795 3971 913 4020 domaret.
939 3917 1093 4036 Xooiporor.
1130 3971 1181 4020 lton
1204 3973 1291 4032 Regius
1320 3971 1340 4020 1.
1362 3972 1385 4021 el
1470 4003 1480 4015 .

160 4035 180 4084 1.
200 4044 223 4087 et
240 4039 339 4100 Sequar.
357 4029 454 4084 λοιπὸν
471 4030 516 4082 καὶ
534 4029 681 4103 διασύρειν.
717 4039 743 4087 ln
795 4037 894 4099 Seguer.
922 4029 1002 4086 eleale
1027 4028 1181 4103 ἀσώματος.
1208 4031 1234 4087 et'
1258 4030 1313 4103 γάρ
1339 4045 1383 4088 eto.

157 4104 211 4154 aliie
229 4113 253 4156 et
271 4107 341 4156 editis
359 4106 428 4154 deest
443 4097 498 4153 τοτ’.
794 4105 857 4155 Editi
874 4097 955 4154 εἰκῶν
977 4097 1066 4165 αὐτῆς.
1091 4097 1118 4154 al
1131 4099 1187 4185 γάρ
1205 4117 1251 4158 etr.
1286 4107 1383 4156 Gobler.

190 4186 213 4233 g.
230 4173 317 4235 llogiua
335 4173 429 4237 primun
442 4181 466 4222 at
478 4173 578 4234 Seguer.
597 4162 612 4230 ἢ
630 4165 660 4218 τί
675 4169 743 4218 deu·
793 4187 849 4222 uero
868 4174 1210 4241 ε11ο1ο1ω.1.χοροοιτηρ
1228 4165 1383 4239 ἀσώματος.
1455 4183 1457 4188 ’

156 4231 271 4303 μαστόν.
305 4243 334 4290 tt
351 4241 391 4290 alii
410 4247 433 4290 ot
451 4239 508 4290 editi
524 4233 616 4287 καίτοι
632 4233 661 4286 τί
677 4237 745 4288 dav-
796 4232 820 4288 el
836 4235 922 4308 γάρ,1
1180 4299 1183 4306 ,

156 4299 272 4370 μαστόν.
346 4305 350 4313 ’
830 4310 852 4358 1.
876 4309 963 4370 Regius
1006 4310 1096 4368 rimus,
1120 4310 1219 4370 Seguer.
1244 4307 1341 4360 Goller.
1360 4315 1384 4354 et

191 4375 212 4422 ln
232 4375 273 4423 Sie
296 4375 382 4437 Regius
399 4377 502 4439 primns,
526 4377 625 4437 Segosr.
643 4375 743 4426 Gobler.
795 4373 899 4424 Feltlan.
913 4377 934 4424 1.
953 4323 1033 4434 δόξης
1048 4371 1118 4442 μετὰ
1134 4373 1252 4442 γέλωτος
1268 4368 1328 4424 ldae
1355 4366 1384 4430 n'·

158 4440 344 4492 anteirent.
381 4447 408 4493 tt
425 4443 498 4493 dasii.
521 4451 545 4492 et
567 4443 656 4505 lnglie
670 4435 744 4522 μήτε
793 4455 875 4508 pon»,
901 4434 970 4492 οὔτε.
1008 4445 1069 4494 Editi
1096 4444 1184 4507 aliique
1208 4437 1287 4498 δόξης
1310 4453 1325 4486 ο
1345 4451 1383 4486 τω

159 4499 199 4556 tle
224 4498 306 4557 razo.
349 4510 394 4560 atii
421 4525 476 4561 reru
502 4519 526 4561 et
552 4510 608 4561 editi
632 4523 679 4558 τοι
703 4503 742 4575 μὴ
793 4503 864 4576 parti
880 4505 999 4583 γέλωτος
1015 4505 1199 4578 ἔδοςφῆμοον,
1216 4499 1287 4558 οὐδὲ.
