3176 5058
427 317 572 362 sersroea
587 317 624 360 os
640 316 782 360 oscasrrs
798 317 943 360 namanes
959 317 1076 362 srnoor.
1171 377 1177 387 ,
1324 303 1365 368 89

131 475 243 546 ctione,
266 467 464 532 conversione
486 476 536 530 aut
557 465 720 530 mutatione
742 466 924 530 substantiae
946 475 976 529 ct
997 467 1114 530 virtutis
1129 467 1237 544 Patris,
1260 470 1296 532 ab
1315 470 1362 532 his
1372 483 1449 528 rma.

130 576 212 640 enim
236 569 377 636 omnibus
399 569 524 631 alienam
546 587 615 630 esse
635 571 833 631 non-laetam
854 568 950 630 Patris
972 577 1125 642 naturam3
1155 589 1258 632 verum
1280 571 1363 634 hisce

130 677 232 740 verbis
256 671 547 737 coomteronuuteo
569 670 659 732 Petri
678 669 812 744 indicari,
835 669 943 732 nullam
965 669 1039 732 Filio
1060 669 1113 732 Dei
1136 689 1203 732 eum
1224 670 1309 733 lactis
1333 681 1363 733 et

130 777 240 842 creans
270 775 362 836 rebus
391 791 459 836 esse
489 771 729 844 similitudinem,
757 771 810 833 sed
838 771 893 832 soli
914 771 1010 846 Patri,
1044 772 1093 852 qui
1123 771 1220 852 ipsum
1248 772 1360 852 genuit,
1370 785 1446 830 retr.

133 880 216 943 omui
239 877 330 940 modo
354 873 480 938 similem
503 891 588 947 esse,
620 891 719 953 neque
740 891 776 934 ex
797 872 852 934 elia
874 891 961 952 quam
984 891 1019 934 ex
1039 872 1135 935 Patris
1157 874 1311 955 hypostasi
1333 881 1362 936 et

122 979 302 1044 substantia
325 995 404 1040 esse.
449 975 501 1038 Cui
523 977 589 1037 roci
610 975 669 1037 huc
689 974 779 1038 modo
803 973 962 1054 explicatae
984 973 1121 1036 assentiri
1139 984 1251 1038 rectum
1274 974 1362 1038 nobis

136 1082 233 1144 visum
255 1089 316 1146 est.
345 1077 583 1159 quandoquidem
606 1075 790 1156 exploratum
812 1075 964 1150 habemus,
988 1083 1103 1136 veteres
1126 1077 1267 1154 quosdam
1290 1095 1360 1138 eru-

136 1181 219 1245 ditos
241 1191 271 1243 et
291 1181 421 1242 illustres
443 1179 611 1260 Episcopus
634 1197 668 1240 ac
689 1178 869 1258 Scriptores,
893 1195 959 1238 cum
983 1176 1019 1238 de
1041 1176 1127 1238 Patre
1150 1185 1179 1238 ct
1200 1177 1273 1238 Filio
1296 1177 1361 1238 dis-

135 1291 284 1358 sererent,
305 1301 376 1344 voce
399 1279 666 1344 cousulstootr'olr'a
689 1299 761 1342 usos
784 1281 888 1342 luisse.

222 1589 251 1652 8.
296 1587 375 1648 llaec
396 1586 494 1665 itaque
518 1583 555 1646 de
577 1565 653 1646 adita
676 1583 732 1644 tide
756 1583 816 1644 sint
831 1581 918 1656 dicta,
942 1581 987 1642 cui
1004 1581 1121 1661 quidem
1139 1600 1242 1644 omnes
1258 1600 1361 1644 sumus

132 1690 261 1764 assensi,
286 1689 339 1750 sed
362 1685 483 1748 nonnisi
504 1695 661 1765 postquam
677 1703 740 1746 rem
756 1692 889 1746 accurate
904 1683 1127 1764 perpendimus,
1150 1701 1244 1762 eoque
1260 1701 1361 1757 sensu,

133 1793 185 1874 qui
207 1790 368 1870 explicatus
392 1797 437 1850 est
459 1805 559 1850 coram
576 1779 802 1865 religiosissimo
818 1785 1010 1865 Imperatore,
1034 1785 1142 1866 quique
1164 1785 1257 1846 allatis
1272 1803 1362 1866 supra

134 1891 304 1954 rationibus
327 1889 380 1951 luit
401 1888 592 1970 approbatus
637 1887 915 1949 inathematismum
937 1906 1040 1967 porro,
1063 1888 1113 1966 rpui
1135 1895 1204 1966 post
1218 1886 1304 1948 fldem
1325 1886 1361 1948 ab

137 1993 197 2056 illis
221 1993 350 2054 adiectus
373 2001 434 2064 cst,
457 1991 532 2088 nihil
554 2009 642 2070 grave
665 1997 694 2050 et
715 1989 872 2050 molestum
896 1987 1005 2050 habere
1028 1988 1272 2061 existimavimus,
1296 2007 1363 2050 cum

66 2143 69 2148 .
135 2095 301 2175 prohibeat,
325 2113 362 2156 ne
384 2113 483 2165 voces,
507 2111 582 2173 quae
604 2109 664 2152 non
688 2098 805 2152 exstent
828 2089 857 2150 in
873 2089 1045 2168 Scripturis,
1069 2098 1265 2168 usurpentur,
1288 2107 1363 2168 quac

134 2197 248 2258 scilicet
275 2215 362 2258 causa
392 2195 447 2258 luit
475 2191 584 2254 oranis'
601 2194 664 2254 lere
687 2189 885 2253 dissensionis
909 2199 938 2252 at
958 2189 1206 2271 perturbationis,
1236 2189 1363 2268 quaein

131 2299 266 2360 Ecclesia
289 2305 355 2358 orta
380 2305 434 2356 est
481 2295 553 2356 Cum
577 2294 666 2374 igitur
687 2291 765 2356 narlla
788 2291 928 2353 divinitus
942 2289 1082 2370 inspirata
1097 2291 1246 2368 Scriptura
1260 2309 1311 2350 usa
1326 2291 1365 2350 sit

132 2399 259 2459 vocibus
282 2415 322 2458 ec
343 2415 406 2458 nou
427 2396 633 2472 existentibus,
656 2396 718 2474 suit
736 2394 899 2475 olr'quuorlo
916 2411 982 2454 cum
997 2411 1059 2453 uon
1074 2403 1161 2461 esset,
1184 2389 1309 2469 aliisque
1323 2389 1364 2451 ihi

139 2495 293 2569 subiectis,
316 2495 411 2558 visum
435 2505 481 2558 est
502 2497 607 2558 rationi
630 2505 864 2558 consentaneum
887 2512 947 2555 noo
971 2513 1038 2554 esse
1054 2493 1126 2554 lracc
1147 2492 1190 2553 vel
1206 2492 1303 2554 dicere
1318 2491 1364 2554 rel

139 2597 256 2672 docere,
281 2596 359 2678 quod
383 2615 447 2658 cum
470 2607 581 2659 rectum
605 2617 724 2678 quaeque
746 2615 814 2659 esse
837 2595 1102 2668 intellexissemus,
1125 2593 1362 2674 approbavimus,

137 2699 375 2781 quandoquidem
397 2719 454 2762 nec
476 2719 531 2761 nos
554 2706 639 2760 antea
662 2698 832 2762 huiusmodi
849 2697 934 2760 rerba
950 2715 1092 2777 usurpare
1108 2695 1186 2758 soliti
1203 2691 1362 2759 fueramus.

221 2805 252 2866 9.
296 2801 357 2862 Nec
378 2802 447 2863 item
470 2799 631 2862 absurdum
652 2801 836 2879 putarimus,
869 2799 916 2860 his
946 2799 1067 2860 uocibus
1097 2817 1158 2860 noo
1188 2812 1255 2862 erut
1276 2808 1363 2860 oute-

142 2921 228 2982 puom
249 2907 367 2982 penitus
392 2912 437 2962 eat
466 2900 622 2960 anathema
650 2901 762 2975 dicere,
792 2920 857 2962 cunr
892 2881 995 2962 omncs
1018 2899 1287 2962 saturantur'l‘ilium
1310 2897 1362 2960 [lei

142 3001 245 3074 lauisse,
267 3001 440 3078 priusquam
463 2998 625 3072 secundum
651 3019 768 3062 carnem
789 3003 966 3083 gigneretur.
1467 3061 1471 3069 .

229 3103 279 3164 10.
325 3099 401 3161 'l'um
423 3119 494 3160 veru
516 3099 670 3180 piissimus
693 3111 795 3164 noster
809 3104 974 3184 Imperator
991 3123 1042 3164 sua
1059 3103 1123 3182 ipse
1140 3103 1273 3162 oratione
1289 3120 1361 3182 pro·
1452 3151 1461 3168 .

136 3201 241 3274 habat,
272 3200 361 3264 etiam
383 3201 465 3264 illum
487 3201 582 3264 luisse
604 3203 763 3266 seeundum
786 3207 913 3267 divinam
936 3205 1000 3268 aius
1023 3203 1258 3283 generationem,
1289 3221 1362 3282 (puae

135 3312 274 3366 estante
297 3302 395 3366 omnia
418 3303 549 3378 saccula,
579 3305 817 3386 quandoquidem
845 3307 1016 3386 priusquam
1045 3305 1149 3367 ellectu
1172 3303 1282 3366 luisset
1310 3323 1361 3382 gc-

130 3405 232 3479 nitus,
262 3405 328 3485 ipse
350 3407 484 3486 potentii
506 3413 571 3467 erat
591 3407 621 3468 in
644 3407 747 3480 Patre,
776 3407 844 3471 licet
864 3427 925 3470 non
953 3410 1137 3487 pigneratum
1166 3405 1274 3488 quippe
1296 3425 1363 3467 cum

131 3508 225 3568 Pater
246 3524 366 3584 semper
387 3508 475 3569 luerit
495 3515 595 3587 pater,
624 3518 657 3570 ut
679 3518 707 3570 et
730 3528 849 3588 semper
870 3511 925 3571 luit
947 3519 976 3570 et
997 3529 1049 3570 rex
1072 3519 1100 3571 et
1122 3508 1268 3581 salrator,
1291 3525 1362 3568 rrec-

133 3623 201 3670 nun
225 3605 322 3667 omnia
343 3607 485 3686 potentia,
505 3627 682 3689 semperque
705 3611 809 3673 eodem
833 3611 920 3694 muplu
944 3620 973 3672 et
995 3611 1129 3674 similiter
1150 3629 1183 3671 se
1204 3609 1319 3670 habeat.

131 3717 191 3776 τὸν
212 3716 273 3804 uitia
298 3724 346 3774 τοῦ
369 3726 436 3776 θεοῦ
461 3719 507 3774 καὶ
529 3721 583 3792 πρὸ
609 3727 656 3788 τῆς
680 3738 725 3781 etc.
780 3731 893 3790 refertur,
912 3737 938 3779 ut
956 3729 1243 3794 tpudl'heorlor.Gelas.
1263 3736 1287 3778 et
1305 3729 1361 3779 edit.

129 3793 218 3848 Gelas.
246 3789 445 3858 opoloyeioolca
473 3781 554 3842 eluet.
572 3785 657 3842 αὐτόν
680 3807 726 3847 etc.
780 3795 977 3848 Commelianam.
1013 3797 1071 3847 llam
1091 3797 1364 3858 reconsecratum,

125 3859 217 3942 Epitio
237 3861 354 3909 Commel.
375 3853 573 3926 ὁμολογεῖσθαι
590 3850 659 3912 eluat
677 3858 727 3912 τὸν
780 3873 906 3929 antequam
925 3873 979 3914 ectu
998 3872 1024 3914 ut
1041 3866 1107 3914 aiunt
1122 3873 1188 3942 ‚esset
1206 3866 1309 3943 penitus,
1327 3866 1364 3915 lu·

124 3940 201 3980 uror
218 3935 264 3976 etc.
426 3947 459 4006 ·,
539 3989 547 4006 1
780 3933 829 3981 isse
854 3933 959 3995 potentia
985 3933 1008 3981 in
1028 3933 1097 3982 Patre
1116 3945 1269 3996 αγεννητως
1286 3932 1310 3982 id
1328 3942 1366 3984 est

168 3995 337 4045 nascentem
357 3994 425 4044 rerba
444 4007 485 4043 ere
507 4011 564 4062 μην
589 4006 611 4046 et
638 4007 726 4060 cetera,
780 4002 866 4064 utrque
883 4003 921 4050 aui
938 4002 1093 4062 procreatione,
1106 4001 1169 4064 quod
1180 4001 1364 4066 commodepu-

123 4076 202 4152 quae
228 4071 364 4126 sequuntur
390 4077 465 4128 usqne
499 4065 527 4114 ed
554 4057 632 4113 ταῦθ’
661 4058 727 4132 ὑμῖν
780 4075 858 4116 tamus
884 4069 1036 4130 expressisse
1061 4067 1098 4115 his
1122 4069 1215 4118 verbis:
1242 4069 1295 4120 licet
1317 4085 1365 4120 ooo

123 4129 363 4194 arenosorum.
388 4131 475 4182 desunt
500 4133 563 4196 apud
591 4134 726 4194 Socratem,
779 4139 918 4198 pipoeretur.
957 4132 1000 4183 llil
1020 4141 1127 4185 vertunt:
1145 4137 1246 4200 iupeoito
1265 4138 1365 4203 quodum

122 4213 199 4271 quse
219 4199 282 4248 lorta
301 4199 405 4258 reticuit,
424 4214 454 4248 ne
473 4199 586 4260 Eusehii,
606 4215 677 4264 quem
697 4202 727 4250 ab
778 4203 863 4263 modo;
882 4203 938 4251 elii:
956 4203 1059 4266 inperito
1076 4205 1176 4268 quodum
1192 4207 1290 4266 rotiooe,
1302 4219 1363 4268 quac

121 4271 223 4325 Ariana
243 4267 338 4315 haeresi
357 4279 385 4316 ex
403 4267 727 4332 haeepistolapargandum
780 4283 828 4318 non
855 4271 885 4320 its
912 4269 976 4320 clare
994 4285 1045 4320 rem
1065 4271 1142 4336 ipsam
1161 4271 1270 4322 ridentur
1288 4272 1363 4334 signi·

122 4341 288 4398 susceperat,
307 4347 403 4383 causam
422 4342 505 4398 aperte
523 4335 647 4399 proderet.
778 4337 860 4386 neure.

165 4418 203 4454 m.
223 4401 343 4482 Tireodpr.
354 4393 460 4478 ²⁴⁸²,an
478 4393 600 4449 πάντων.
639 4403 690 4453 ltux
703 4405 726 4454 in
813 4419 836 4454 o.
855 4403 999 4456 Theodoret.
1017 4399 1063 4456 eoi
1082 4405 1206 4484 σωτῆρος
1221 4400 1267 4454 καὶ
1284 4397 1364 4452 δυνά-

122 4489 179 4528 ωι.
204 4469 278 4529 Remo
289 4481 453 4545 'oyarrocwr
466 4470 571 4530 iungitur
584 4464 727 4526 cuminos
776 4484 823 4539 μει
842 4479 887 4522 etc.
923 4473 974 4524 ttox
993 4490 1038 4538 pro
1057 4469 1128 4523 κατὰ
1146 4488 1180 4522 τα
1198 4465 1268 4520 uiro
1285 4472 1363 4523 Editio

123 4537 183 4595 τοῦ
204 4547 311 4605 norpor
328 4546 373 4588 etc.
409 4536 726 4590 lteliustamenadiilium
779 4539 896 4590 Commel.
907 4541 1020 4594 eructes.
1040 4542 1129 4594 habent
1146 4535 1216 4590 κατὰ
1227 4531 1362 4590 tociaci.
