3220 5046
558 263 846 308 ommonoeurm
859 263 997 310 uusos.
1311 249 1374 314 tto

147 415 187 480 rb
209 414 349 478 omuibus
372 432 443 476 erse
465 411 603 487 dederet,
625 433 692 478 cnm
713 433 751 476 es
770 433 863 496 snprru
877 413 965 476 dietis
980 421 1108 488 constet,
1130 413 1238 476 nubem
1254 433 1270 476 e
1286 413 1465 478 rebusm

148 517 258 580 meotis
280 517 365 598 prius
388 516 479 581 attero
500 514 606 576 tarum
629 534 714 592 esse,
743 515 799 580 sed
818 535 868 578 res
891 534 995 578 omnes
1017 516 1111 578 tedas
1129 533 1190 578 uno
1213 516 1377 596 eodemque

148 617 288 682 modste
317 617 407 684 simui
439 615 584 679 extitisse.
602 617 703 700 flino
730 637 787 680 nee
814 618 916 680 endem
946 616 1082 680 rdiuncts
1105 625 1176 678 sunt
1196 615 1377 682 dictionibus

149 725 266 784 oeeosit
288 727 319 780 et
338 722 434 800 yipsr't
454 737 515 787 sne.
538 717 592 780 sed
615 727 685 798 post
707 723 825 782 neeric
846 718 962 782 additur
980 721 1167 800 prrircopioer
1188 721 1326 792 oinrsm
1349 729 1380 780 st

147 839 212 882 non
241 819 328 882 dixit:
350 817 541 899 principium
566 818 660 901 gignit
686 837 752 894 me,
778 820 832 882 sed
861 831 932 882 onte
954 837 1057 884 eorm
1078 823 1173 900 pipnr‘t
1192 837 1248 882 oro.
1292 819 1379 900 dtqtti

147 923 188 995 is,
212 921 262 1001 qui
285 929 354 982 ente
375 938 481 982 omnes
504 927 562 993 est,
584 939 647 982 non
669 929 716 984 est
737 922 871 984 omnium
893 921 1084 1002 principium,
1106 919 1160 984 sed
1182 921 1257 984 eiius
1280 919 1378 1008 estob

149 1022 303 1084 omnibus.
347 1022 434 1096 Quod
462 1021 489 1084 si
519 1021 594 1084 eiius
621 1031 669 1085 eet
698 1022 735 1086 sb
757 1023 911 1094 omnibus,
942 1023 1023 1084 inter
1043 1041 1118 1102 qous
1139 1021 1239 1102 ipsum
1260 1041 1379 1103 quoque

147 1121 328 1220 priocipimu
350 1123 486 1186 omniurn
507 1123 784 1204 comprehenditur,
810 1123 892 1186 hond
913 1123 1037 1186 dubium
1059 1131 1122 1198 est,
1143 1123 1221 1214 'quin
1242 1121 1317 1185 nibus
1339 1123 1379 1186 sit

148 1245 167 1288 s
189 1226 280 1288 rebus
302 1226 420 1288 orestis.
463 1225 502 1287 Et
522 1226 647 1306 proinde
669 1245 735 1288 eum
756 1225 887 1288 Verbum
907 1223 988 1288 eliud
1008 1224 1049 1286 sit
1069 1224 1107 1286 ab
1128 1223 1268 1304 omnibus
1289 1232 1463 1305 euoenon.

145 1336 218 1400 *unm
241 1327 340 1388 omnio
360 1327 480 1400 exient,
504 1328 625 1389 evidens
648 1335 703 1402 est,
726 1327 828 1410 ipsum
847 1335 954 1408 posteo
976 1327 1105 1391 humone
1126 1335 1259 1408 essumtu
1274 1335 1378 1392 nuturr

148 1428 246 1492 creari
267 1428 444 1509 principium
466 1427 579 1490 riorum
600 1429 631 1490 in
654 1447 760 1509 opero,
789 1436 839 1506 ut,
868 1429 1119 1510 quemudmodune
1145 1427 1188 1490 oit
1205 1429 1377 1510 Apostolus,

150 1529 302 1618 ille‚'·qui
332 1529 510 1611 principium
537 1541 567 1594 et
593 1531 810 1612 primogenitos
840 1539 887 1594 est
908 1550 944 1594 ex
971 1531 1113 1606 mortuis,
1145 1529 1225 1594 idem
1252 1531 1318 1611 ipse
1347 1531 1378 1594 iu

149 1630 291 1694 omnibus
313 1631 470 1711 primatum
494 1641 601 1696 teum

112 1833 114 1839 ’
235 1835 288 1898 61.
332 1834 522 1916 Quapropter
542 1835 621 1917 :cunr
647 1835 676 1896 id
705 1833 885 1898 discriminis
912 1834 1078 1900 intercedet
1105 1835 1185 1903 iuter
1212 1840 1327 1901 crearit
1349 1844 1380 1900 et

148 1941 244 2018 pipoit
262 1955 310 2000 ore
331 1944 418 2016 utque
436 1941 627 2018 principium
648 1939 769 1999 nicrum
790 1945 821 1999 et
842 1948 912 2000 oete
936 1941 1048 2012 omnis,
1071 1937 1305 2004 wouuuenuun
1320 1945 1377 2014 ost,

150 2037 262 2110 Deum,
292 2038 343 2117 qui
370 2039 524 2100 bominum
552 2046 669 2101 cremor
694 2048 755 2114 est,
787 2058 842 2119 per
871 2058 958 2102 suum
987 2039 1132 2112 Verbum,
1165 2039 1245 2118 quod
1267 2040 1297 2102 in
1319 2041 1377 2104 illis

150 2139 278 2210 bobini,
311 2140 473 2202 eorundem
505 2149 619 2220 putrem
650 2148 757 2219 posteo
784 2140 858 2202 beri.
901 2140 945 2202 De
974 2139 1073 2202 Verbo
1104 2148 1203 2202 eutem
1230 2140 1378 2202 contrarie

151 2241 273 2304 omniuo
296 2249 345 2303 est
364 2242 450 2303 ratio.
495 2241 646 2321 Siquidem
669 2241 765 2314 Deus,
797 2240 846 2319 qui
869 2239 958 2302 Verbi
984 2239 1073 2300 Peter
1095 2242 1200 2302 noturd
1223 2250 1284 2313 est,
1313 2239 1378 2302 eius

150 2350 222 2423 post
242 2343 314 2404 boec
335 2351 451 2404 mentor
472 2351 502 2404 et
523 2343 646 2404 effector
667 2342 760 2404 iectus
783 2349 845 2412 est,
876 2357 943 2402 cum
966 2337 1079 2400 seilicet
1100 2338 1230 2402 Verbum
1251 2349 1379 2404 menum

152 2452 182 2505 et
208 2445 313 2506 tarum
340 2463 459 2506 murm
491 2444 585 2506 induit
615 2452 646 2505 et
676 2442 767 2504 bomo
799 2443 893 2504 tuctus
925 2449 983 2504 est.
1025 2440 1099 2504 Nom
1134 2441 1209 2504 sicut
1241 2441 1379 2508 homines
1413 2453 1419 2464 '

153 2542 261 2624 spiritu
281 2544 347 2608 Filii
368 2553 490 2626 accepto
513 2545 565 2607 tilii
590 2563 645 2627 per
672 2543 772 2624 ipsum
800 2543 985 2618 effluentum
1016 2543 1056 2608 ito
1085 2543 1137 2607 Dei
1160 2543 1290 2610 Verbum
1311 2565 1378 2612 euru

150 2645 308 2710 bumourm
330 2667 449 2710 errorem
470 2647 575 2722 induit,
599 2657 670 2710 tunc
691 2655 722 2708 et
743 2645 837 2708 creari
860 2657 890 2709 ot
911 2648 1019 2710 iactum
1035 2666 1103 2712 esse
1118 2647 1236 2712 dieitur.
1273 2649 1379 2732 itaque·

150 2747 254 2812 einos
276 2753 381 2812 murt
402 2749 454 2811 uui
481 2769 602 2824 sumus,
636 2749 788 2811 fotendum
820 2767 940 2829 quoquo
967 2757 1030 2823 est,
1063 2750 1192 2812 Verbum
1221 2755 1326 2814 neturt
1349 2759 1379 2812 et

152 2859 283 2912 ereetum
312 2858 343 2910 et
370 2851 478 2912 tonum
508 2869 585 2911 esse.
631 2849 691 2910 Sed
713 2849 739 2910 si
761 2867 819 2910 nos
842 2850 1001 2928 adoptione
1024 2857 1138 2912 tenurm
1161 2859 1191 2912 et
1211 2852 1305 2933 gretie
1326 2851 1378 2914 dlii

151 2943 306 3019 efficimur,
329 2947 439 3008 olerum
460 2949 572 3026 pariter
594 2959 650 3019 est,
673 2947 802 3008 Verbum
823 2958 946 3028 propter
968 2948 1091 3026 gratiam
1108 2949 1196 3010 nobis
1212 2952 1377 3014 donandam

116 3123 120 3128 Ι
152 3049 261 3109 fanum
283 3045 435 3108 bominem
455 3047 751 3130 eurimedontem
774 3052 888 3112 creoor't
908 3065 963 3110 me.
1009 3047 1120 3108 Deinde
1141 3049 1379 3126 quondoquidem

152 3155 252 3210 cresto
281 3165 407 3226 corpore
435 3157 569 3210 assumto
600 3147 696 3210 nostri
725 3147 887 3210 seeundum
916 3165 1026 3226 eorpus
1057 3147 1163 3210 similis
1197 3149 1291 3212 fndus
1321 3157 1377 3224 est,

151 3251 222 3314 ideo
248 3269 311 3312 non
343 3249 491 3312 immerito
521 3259 550 3312 et
578 3252 669 3312 trater
697 3257 801 3310 noster
828 3259 858 3312 et
884 3247 1101 3330 primogenitus
1131 3249 1293 3330 appellatus
1322 3259 1378 3312 eet

151 3353 225 3416 um
247 3353 366 3418 tametsi
388 3361 460 3433 post
480 3371 542 3414 nos
559 3353 651 3415 bomo
673 3361 798 3434 propter
820 3371 877 3414 nos
899 3353 994 3414 sectus
1018 3359 1074 3427 est,
1097 3371 1132 3414 sc
1145 3351 1271 3433 proinde
1287 3353 1379 3416 fretu
1412 3427 1421 3442 ·

152 3464 255 3518 noster
283 3455 322 3516 ob
350 3455 486 3536 corporis
519 3455 759 3528 similitudinem
792 3473 893 3518 verum
927 3473 962 3516 ee
990 3454 1106 3516 ratione
1138 3455 1246 3518 dicitur
1273 3463 1304 3518 et
1330 3465 1376 3519 est

48 3553 66 3580 ⁰
152 3565 255 3618 noster
276 3557 507 3637 primogenitus,
536 3566 681 3638 quatenus
711 3557 849 3620 omnibus
872 3555 1042 3620 bominibus
1064 3557 1142 3620 Adae
1164 3565 1283 3637 peoouto
1304 3575 1377 3637 per·

153 3656 222 3720 ditis
251 3659 326 3746 eiust
344 3677 412 3720 coro
435 3669 467 3722 ut
488 3667 560 3738 pote
582 3659 669 3722 Verbi
692 3677 802 3740 corpus
824 3659 899 3722 iente
921 3659 1017 3739 primu
1040 3659 1171 3722 omnium
1194 3665 1309 3722 servate
1331 3667 1378 3722 est

153 3769 183 3821 et
202 3758 336 3833 liberato,
359 3759 488 3840 indeque
509 3779 575 3834 uos,
599 3765 630 3824 ut
651 3762 702 3842 qui
725 3781 792 3824 cum
814 3761 912 3824 Verbo
935 3765 1063 3840 corpore
1087 3778 1193 3824 sumus
1215 3759 1375 3833 coniuncti,

151 3861 303 3940 peridem
326 3859 392 3922 eius
413 3877 524 3940 corpus
540 3861 618 3922 solvi
640 3862 792 3926 efficimur.
836 3863 871 3924 Iu
892 3861 943 3924 illo
965 3861 1113 3942 siquidem
1127 3861 1217 3924 uobis
1232 3860 1376 3924 Dominus

185 4073 738 4144 tfflffiufflfflmbfflmmffiw
822 4079 1376 4144 nffimfflefflmfflmmtot

150 4141 305 4263 {portorium
341 4149 394 4199 iios
416 4149 516 4211 Seguer:
541 4157 565 4198 et
582 4149 639 4211 fleg.
657 4141 739 4207 odoro
788 4145 834 4198 stit
851 4163 906 4224 reru
926 4155 950 4200 et
966 4149 1024 4200 editi
1047 4147 1128 4216 oripo
1145 4147 1237 4204 corito,
1257 4139 1374 4200 εἰκότως.

171 4229 298 4270 wem

185 4231 265 4345 gnie
284 4299 341 4334 mss.
376 4286 405 4333 tt
422 4283 479 4332 editi
497 4265 584 4337 odero.

185 4353 208 4398 b.
226 4351 266 4400 Sic
283 4353 383 4413 Segoer.
402 4353 500 4402 Gobter.
518 4353 624 4402 Fetetm.
645 4352 665 4404 l.
677 4359 702 4404 et

112 4411 593 4485 ,dmmufflMQmmt
824 4404 1376 4483 QOfflmssfflmbwffl

187 4483 204 4532 i.
221 4484 320 4554 berner.
338 4480 463 4552 φανερὸν
479 4479 530 4538 ὅτι.
789 4499 876 4541 rosor.
913 4489 993 4540 Ceteri
1011 4497 1034 4540 et
1052 4489 1109 4540 editi
1125 4486 1240 4553 operer.
1365 4519 1368 4531 ,

825 4251 839 4299 Ι.
863 4251 904 4300 Sic
921 4253 1019 4312 Segoer.
1039 4253 1095 4315 iieg.
1115 4251 1213 4303 Gobior.
1232 4249 1334 4299 Feictm.
1355 4247 1377 4296 i.

713 4351 737 4403 4·
788 4319 817 4368 bt
834 4319 874 4368 ulii
893 4327 916 4368 et
934 4320 989 4369 editi
1008 4319 1121 4370 omittunt
1137 4309 1171 4366 dl
1191 4310 1269 4384 ἡμᾶς.
