3214 5048
561 295 669 342 omrro
687 297 718 372 n.
735 295 853 341 conrnr
864 293 1001 340 'lemnos
1324 277 1387 346 S'lS

153 475 213 520 nec
234 473 301 519 cum
321 451 499 523 Dominum,
534 467 622 528 mem
644 457 840 529 negaverunt,
863 447 894 510 in
915 446 1024 510 throno
1044 430 1142 512 Patris
1165 447 1212 510 sui
1234 449 1387 516 sedentem
1396 475 1471 522 ron.

156 557 286 621 uiderint
299 555 443 634 virosque
458 571 493 614 ac
506 559 642 612 mortuos
659 549 847 625 iudicantem,
871 549 996 630 aliquem
1018 549 1148 624 illorum,
1171 551 1311 633 aquibus
1325 556 1386 618 oir-
1396 578 1473 624 eurr.

157 658 305 722 cumventi
329 663 409 728 sunt,
432 651 533 717 insui
556 649 695 714 auxilium
717 651 818 736 lioelplt
839 651 883 713 eis
906 651 1059 715 advocare.
1095 653 1169 716 Num
1184 653 1251 717 illos
1268 673 1387 738 quoque

157 759 280 824 iudicari
303 766 334 822 et
355 753 505 828 omnium,
528 771 604 834 quae
624 751 726 832 inique
748 761 778 814 et
799 751 889 832 impie
910 753 1039 831 egerint,
1060 754 1202 820 ridebunt
1222 759 1387 838 poenitere.
1470 784 1475 799 r

243 865 296 926 44.
341 859 420 920 llaec
449 873 542 938 porro
574 855 633 918 loci
664 852 896 916 Proverblorum
929 853 1090 932 explicandi
1122 859 1212 936 gratia
1244 861 1387 924 huctenns

99 999 101 1007 ·
157 961 383 1045 praemisimus,
406 958 604 1037 absurdisque
627 955 745 1018 illorum
766 953 936 1018 refellendis
959 957 1134 1018 commentis
1155 959 1332 1038 institimus,
1356 973 1388 1026 ut
1481 1033 1493 1048 ⁸

158 1071 349 1145 perspectum
370 1060 526 1132 habentes,
548 1057 655 1120 Filium
669 1057 724 1119 Dei
739 1057 797 1121 dici
812 1063 946 1120 creatum
969 1073 1030 1117 non
1052 1055 1171 1131 debere,
1193 1069 1273 1125 recte
1287 1065 1387 1144 legere

161 1165 275 1228 discunt
308 1163 390 1226 illum
419 1159 651 1224 Proverbiorum
684 1159 799 1234 locum,
832 1159 917 1222 cuius
946 1175 1017 1221 sana
1040 1157 1141 1238 utique
1164 1169 1210 1220 est
1232 1165 1387 1226 sententia.

159 1267 262 1347 ltaque
296 1265 441 1344 scriptum
472 1261 591 1343 quidem
625 1269 687 1324 est:
732 1261 879 1324 Domitius
912 1263 1028 1324 creauit
1053 1277 1101 1322 are
1128 1263 1250 1323 initium
1270 1268 1391 1328 uturum

161 1385 291 1430 suamne
320 1369 352 1428 in
383 1383 478 1446 opero
501 1382 574 1436 auur
603 1379 708 1425 rerum
731 1361 799 1442 quia
821 1361 977 1443 proverbia
998 1361 1047 1423 illa
1069 1369 1156 1436 sunt,
1185 1362 1274 1444 idque
1295 1364 1391 1428 instar

161 1467 311 1549 proverbii
339 1473 387 1528 est
415 1464 544 1538 dictum,
577 1463 651 1526 hacc
672 1463 782 1526 idcirco
805 1463 994 1537 remonon,
1023 1472 1057 1527 nt
1077 1464 1156 1526 uude
1178 1465 1291 1542 iacent,
1321 1475 1392 1530 snut

162 1567 346 1648 explicanda,
381 1567 435 1628 sed
467 1565 680 1628 attendendum
711 1575 759 1627 est
785 1565 821 1627 ad
849 1583 1028 1646 personam,
1060 1565 1159 1646 ithue
1193 1577 1391 1648 congruenter

159 1669 261 1750 pietati
285 1686 318 1730 ea
339 1685 394 1748 par
415 1677 463 1729 est
483 1665 658 1747 intelligere.
693 1666 767 1730 Nam
789 1685 865 1747 quae
886 1666 1113 1748 proverbiorum
1132 1667 1227 1730 instar
1240 1670 1389 1746 dicuntur,

158 1789 219 1832 non
247 1767 324 1831 clare
355 1775 384 1832 et
412 1777 529 1850 aperta,
564 1770 617 1831 sed
652 1767 781 1832 obscure
806 1769 1017 1844 enuncientur,
1051 1778 1082 1832 ut
1103 1769 1168 1850 ipse
1189 1769 1335 1836 Dominus
1357 1773 1388 1835 in

157 1871 315 1952 Evangelio
346 1870 511 1934 secundum
543 1870 683 1932 loannem
711 1870 760 1933 his
787 1871 885 1934 verbis
907 1871 1008 1934 docet:
1052 1870 1190 1934 Haecin
1211 1871 1387 1939 Proverbiis

160 1971 280 2035 locatur
296 1961 300 1966 ’
314 1991 380 2035 rum
397 1969 507 2035 'nodia
552 1971 613 2035 Sed
645 1976 728 2035 venit
760 1972 853 2046 doro,
889 1991 956 2036 cum
982 1978 1043 2036 ium
1071 1991 1133 2036 non
1159 1978 1192 2037 in
1211 1979 1388 2057 precordiis

138 2061 272 2156 ‘loquor
292 2074 377 2137 colia
399 2077 451 2138 aed
469 2075 582 2154 putam.
626 2073 729 2154 ltaque
758 2092 833 2154 opus
863 2083 925 2148 est,
954 2083 986 2136 ul
1015 2075 1085 2137 dicti
1116 2074 1195 2136 illius
1218 2079 1387 2140 evolvamus

156 2184 330 2238 sensum-et
353 2184 491 2256 tanquam
514 2175 646 2238 abditum
673 2175 904 2254 investigemus,
936 2193 993 2236 nec
1021 2175 1111 2237 rerba
1139 2175 1188 2236 illa
1211 2177 1295 2254 quasi
1317 2195 1386 2257 per·

53 2261 58 2268 ¹
159 2277 261 2358 spicue
292 2277 463 2352 enunciata,
497 2277 541 2340 uti
569 2277 681 2350 iacent,
715 2278 858 2339 debemus
891 2275 1043 2354 excipere,
1073 2295 1112 2336 ne
1134 2293 1151 2335 a
1172 2275 1295 2337 veritate
1317 2276 1388 2338 laisa

159 2380 403 2460 interpretatione
436 2380 619 2441 aberremus.
663 2377 756 2456 lgitur
785 2379 811 2440 si
840 2377 877 2438 de
899 2375 1011 2454 Angelo
1033 2374 1079 2436 rel
1102 2373 1140 2435 de
1161 2374 1257 2456 aliqua
1280 2377 1335 2440 alia
1356 2395 1390 2440 re

161 2483 252 2553 lacta,
281 2483 324 2544 uti
345 2501 403 2544 nos
427 2499 548 2555 sumus,
581 2477 691 2560 scripta
721 2486 804 2551 sunt,
833 2479 907 2539 haec
928 2475 1018 2539 dictio
1042 2479 1156 2540 creavit
1177 2495 1231 2559 per
1252 2479 1390 2542 melleet

159 2584 282 2664 proprie
314 2591 486 2667 usurpetur.
531 2581 590 2644 Sed
623 2582 650 2644 si
679 2571 822 2661 sapientia
848 2579 919 2653 liei,
954 2577 984 2640 in
1016 2597 1072 2660 qua
1095 2597 1144 2642 res
1167 2580 1259 2643 laetae
1282 2599 1388 2646 omncs

158 2685 319 2767 productae
348 2695 434 2759 sunt,
467 2685 516 2747 hio
544 2685 581 2746 de
603 2684 703 2763 seipsa
725 2682 871 2762 loquitur,
900 2681 970 2762 quid
993 2681 1121 2761 cogitare
1142 2683 1280 2746 convenit
1301 2701 1389 2764 quam

160 2807 239 2862 eam,
275 2807 342 2850 cum
374 2787 465 2850 verbo
499 2791 615 2850 creauit
641 2804 694 2848 usa
723 2793 786 2862 est,
818 2783 890 2847 nihil
919 2785 1099 2847 contrarium
1121 2784 1263 2847 uocabulo
1285 2788 1390 2865 penult

159 2889 275 2960 dicere,
298 2906 394 2967 neque
417 2887 539 2949 oblitam
561 2905 594 2950 se
616 2887 788 2948 creatricem
811 2895 840 2948 et
863 2885 1041 2948 effectricem
1064 2904 1150 2959 esse,
1174 2894 1225 2949 ant
1246 2887 1388 2966 ignaram,

160 2989 230 3070 quid
253 2987 330 3049 inter
352 2993 501 3048 creantem
524 2997 553 3050 et
574 2996 672 3050 creata
699 2987 835 3062 intersit,
869 2986 999 3065 seipsam
1027 2985 1106 3047 lnter
1126 3003 1176 3046 res
1198 2995 1311 3048 creatas
1334 3005 1388 3048 an-

162 3105 353 3174 numerasse,
384 3087 438 3148 sed
461 3105 581 3149 sensnm
605 3087 732 3168 aliquem
754 3105 815 3150 non
838 3094 973 3168 apertum
996 3086 1049 3148 sed
1071 3085 1242 3148 abstrusum
1263 3103 1390 3166 prover·

161 3189 279 3270 iliorum
312 3207 397 3251 more
430 3189 613 3269 significare,
647 3190 811 3252 seeundum
842 3207 929 3270 quem
960 3189 1084 3251 Sanctos
1114 3187 1150 3250 ad
1173 3186 1389 3250 raticinandum

160 3291 310 3366 excitarit,
333 3292 457 3372 ipsaque
478 3291 662 3372 paulopost
684 3291 786 3354 eadem
809 3291 1026 3372 significatione
1047 3309 1150 3352 vocem
1175 3294 1289 3355 creavit
1309 3289 1390 3352 hisce

160 3393 225 3457 aliis
249 3393 396 3456 denotarit
417 3393 531 3457 verbis:
562 3394 722 3476 Sapientia
743 3395 917 3476 aedificarit
936 3395 995 3458 ribi
1014 3397 1077 3475 ipat
1097 3389 1240 3457 domatio?
1271 3392 1390 3456 Certum

161 3503 207 3557 est
235 3505 348 3568 autem,
383 3495 552 3576 Sapientiae
581 3496 703 3559 domurn
736 3505 874 3559 nostrum
902 3513 971 3558 esse
993 3499 1119 3577 corpus}
1152 3513 1211 3576 quo
1234 3501 1388 3575 assumpto

160 3597 253 3659 lactus
282 3597 373 3657 homo
403 3604 465 3671 est;
497 3596 576 3660 unde
605 3598 669 3660 iure
697 3597 804 3659 merito
828 3617 843 3659 a
867 3597 977 3659 loanne
999 3595 1121 3658 dicitur:
1169 3595 1294 3660 Verbum
1317 3613 1389 3660 caro

159 3699 275 3778 sactum
303 3709 364 3769 eat,
397 3705 426 3758 et
454 3697 604 3778 Sapientia
630 3699 695 3780 ipsa
718 3700 755 3762 de
777 3717 811 3763 se
832 3717 887 3781 per
909 3698 1098 3762 Salomonem
1121 3697 1199 3760 houd
1221 3696 1388 3760 inconsulte

111 3923 120 3940 ⁸
159 3912 306 3985 εὐαγγελίῳ
323 3911 417 3982 λέγων.
453 3915 515 3968 Editi
534 3918 614 3969 etalii
633 3920 747 3969 omittunt
831 3934 854 3982 g.
873 3919 972 3981 Seguor.
998 3919 1071 3970 Basti.
1091 3925 1114 3968 et
1139 3917 1229 3982 lnglie.
1255 3909 1322 3980 adel
1347 3911 1385 3967 dt.

158 3981 252 4051 λέγων.
290 3985 342 4036 lion
361 3987 461 4048 Seguer.
479 3993 504 4034 et
521 3979 746 4036 Felelm.l.ltlci-
796 3987 875 4037 Editio
889 3986 1006 4037 Commel.
1021 3977 1107 4046 αὐτὴν
1119 3981 1162 4035 dt·
1182 3987 1306 4037 mendose.
1336 3985 1388 4036 llus

158 4049 225 4114 quu
241 4045 355 4121 epiri
389 4065 458 4104 erat.
797 4055 897 4115 Seguer.
921 4045 1057 4103 tramittit
1075 4061 1129 4104 unte
1147 4023 1259 4120 lrlpotr.
1295 4053 1386 4105 lhidem

136 4120 139 4129 “
192 4136 215 4172 e.
233 4121 339 4173 Felclm.
376 4117 546 4186 ,γεννηιῶκ
574 4119 626 4169 llos
645 4120 745 4183 sepner.
798 4121 902 4172 l'elclm.
921 4122 946 4172 5.
964 4112 1140 4188 ᾠκοδόμησεν
1157 4114 1225 4189 αὐτῇ
1244 4109 1327 4172 altor.

159 4189 215 4252 ling.
233 4189 324 4251 loglic.
344 4189 416 4240 llrsil.
429 4189 527 4241 Guiler.
540 4186 644 4238 Felclm.
659 4189 679 4237 l.
690 4188 746 4238 etl.
832 4189 857 4238 h.
874 4191 1013 4254 Segoerinn
1038 4190 1137 4244 Sublar.
1154 4191 1260 4241 Fatetur.
1281 4189 1303 4250 l,
1322 4195 1345 4238 et
1362 4188 1387 4238 t.

158 4249 237 4324 ἡμῶν
253 4253 311 4304 τῶν
321 4249 491 4323 ποιημάτων.
509 4255 553 4307 stit
568 4265 592 4305 et
602 4255 658 4306 editi
669 4247 749 4323 ἡμῶν
798 4252 968 4323 Σολομῶνος.
994 4257 1073 4310 Ceteri
1090 4267 1114 4311 at
1131 4259 1188 4310 editi
1197 4251 1385 4323 Σολομῶντος.

157 4317 329 4442 ἲοιηιμᾶζων.
343 4401 352 4443 t
366 4325 458 4440 Ιῖὴίἀοσω
483 4328 505 4376 in
530 4323 629 4388 Saguer.
647 4333 672 4376 et
689 4327 746 4388 ling.
799 4325 873 4441 Ριὲιὲο
891 4334 948 4441 posit
963 4325 1113 4445 ῗοκιιιξςὲιυὲ
1124 4327 1180 4389 lter.
1197 4320 1388 4439 effitientia&

178 4407 219 4507 οἵ.
257 4405 557 4512 οὴΙΞῗΕοῗοτὶιωῗ’1.ει4.
576 4453 638 4526 περὶ
655 4451 746 4522 αὐτῆς.
797 4404 961 4526 ἔξιζῖριεοὲ
975 4408 1220 4512 ΙΕοΙοΙΙιῖιι.ἵμῖλτῇὰ
1236 4401 1327 4523 μόνομν
1344 4445 1389 4503 ὅτι

159 4523 237 4577 Panlo
254 4535 312 4591 post
328 4527 426 4592 Serum.
445 4517 509 4578 οὐδὲ
525 4519 717 4596 ἐπιλαθομένη.
799 4520 926 4599 deletor.
965 4529 1021 4594 lter.
1043 4519 1096 4577 ἀλλ’
1117 4520 1161 4576 ὅτι
1178 4517 1279 4592 κύριος.
