3174 5082
604 321 762 366 amostrro
779 321 870 364 eruar.
1331 315 1349 376 7

124 476 187 538 aba
210 475 277 554 quia
298 466 483 540 enarrabit?
504 468 583 548 quod
605 469 684 533 idem
705 480 752 536 est
772 491 805 534 ac
827 471 853 532 si
869 471 1016 534 diceretur
1037 471 1153 536 nullan
1200 475 1259 550 Qut
1275 476 1423 542 idemus.
1472 481 1476 486 '

124 593 190 638 oum
222 573 260 635 iu·
284 573 343 636 line
376 570 563 634 saeculorum
596 590 632 634 ex
660 571 756 636 Patris
790 573 858 636 sinu
892 574 1113 650 descendisset,
1149 595 1185 638 ex
1213 577 1354 644 inviolata

123 675 244 753 Virgine
258 673 349 736 liaris
372 681 509 734 nostrum
531 673 676 736 assumsit
696 673 857 746 bominem,
881 675 978 738 lesum
994 676 1154 748 Christum,
1177 679 1263 740 cuius
1278 698 1353 759 pro·

124 776 208 856 prise
236 773 379 836 voluntati
406 770 544 850 reliquit,
577 781 611 834 ut
633 775 797 850 pronubis
820 782 985 852 pateretur,
1016 779 1264 858 quemadmodum
1286 782 1354 862 ipse
1456 839 1460 848 .

126 877 168 940 ait
191 874 352 939 Dominus:
375 871 468 934 Nemo
491 869 574 935 tollit
597 876 727 934 animum
749 891 843 934 meam
864 895 882 936 a
902 896 964 940 me:
985 890 1163 959 potestatem
1186 884 1279 946 babeo
1289 903 1352 964 po-

128 977 222 1038 rtandi
243 993 315 1046 eom,
339 985 367 1037 et
386 983 570 1054 potestatem
593 971 685 1034 tutas
709 977 818 1035 iterum
840 979 978 1038 sumendi
997 998 1068 1042 eom.
1098 983 1132 1044 ln
1154 1003 1213 1063 quo
1228 984 1352 1048 bomine

130 1075 286 1138 mucimus
314 1085 343 1136 et
371 1081 506 1136 mortuus
528 1091 584 1152 pro
608 1071 710 1146 nobis,
740 1074 903 1136 resurrexit
931 1081 1110 1154 amortuis,
1138 1093 1168 1146 at
1195 1085 1225 1146 in
1253 1087 1351 1150 caelos

129 1185 280 1240 assumtus
308 1183 364 1240 est.
410 1175 490 1236 ldem
516 1173 695 1254 principium
723 1175 837 1238 viarum
860 1176 947 1238 nobis
969 1187 1102 1253 creatus,
1135 1201 1200 1244 cum
1221 1187 1251 1248 in
1272 1197 1436 1252 temneret.

129 1287 308 1350 uersaretur,
330 1277 417 1338 nubis
440 1295 473 1336 ex
497 1275 628 1336 tenebris
650 1275 751 1338 lumen
775 1277 917 1350 exhibuit,
940 1279 1065 1340 salutem
1080 1300 1114 1342 ex
1131 1301 1243 1358 errore,
1263 1290 1353 1352 vitam

83 1385 87 1396 '
129 1399 164 1444 ex
188 1378 314 1441 mortuis
337 1396 392 1440 nec
412 1395 472 1438 non
494 1377 665 1455 ingressum
687 1378 717 1440 in
733 1379 915 1458 paradisum,
931 1399 967 1442 ex
981 1399 1041 1460 quo
1056 1381 1148 1444 bdam
1163 1385 1274 1448 eiectus
1288 1391 1354 1450 lue-

129 1491 186 1554 rat,
210 1491 239 1542 et
259 1481 290 1545 in
313 1497 399 1560 quem
416 1478 493 1540 idem
508 1497 612 1540 rursus
628 1479 842 1559 perlationem
859 1480 1014 1560 ingressus
1031 1493 1084 1556 est,
1108 1486 1355 1564 quemadmodum

128 1583 169 1644 ait
179 1581 338 1644 Dominus:
355 1579 452 1643 Hodie
465 1598 578 1642 raecum
594 1586 656 1642 err‘s
673 1586 705 1642 iu
717 1583 875 1662 paradiso,
892 1581 923 1644 in
939 1601 1027 1663 quem
1042 1586 1130 1646 etiam
1144 1586 1278 1650 introivit
1290 1591 1356 1669 ipae

125 1683 242 1748 Paulus.
287 1683 452 1744 Ascensum
475 1699 593 1762 qunque
615 1681 646 1742 in
662 1682 773 1744 caelum
790 1681 878 1744 nobis
893 1685 1016 1762 pararit,
1031 1703 1090 1764 quo
1104 1705 1283 1766 praecursor
1297 1709 1354 1770 pro

126 1786 213 1848 nobis
228 1784 347 1847 intrarit
361 1781 534 1844 [dominicus
557 1783 660 1855 bomo,
681 1783 711 1844 in
728 1803 787 1863 quo
804 1785 885 1848 vivos
900 1797 930 1846 et
945 1795 1081 1848 mortuos
1097 1797 1143 1849 est
1158 1789 1352 1854 iudicaturus.

213 1889 243 1950 2.
277 1884 433 1948 Credimus
457 1882 594 1946 similiter
617 1884 646 1945 in
670 1883 812 1964 Spiritum
828 1886 976 1959 Sancum,
1000 1887 1049 1967 qui
1073 1889 1172 1952 omnia
1193 1901 1352 1967 serutatur,

127 1988 215 2050 etiam
237 1987 382 2068 profunda
405 1985 469 2048 Dei.
500 1985 653 2064 Dogmatis
677 1997 775 2050 autem
798 1989 947 2061 omnibus,
969 2007 1043 2068 quae
1059 1991 1105 2052 bis
1120 1994 1268 2056 coenaria
1284 1995 1351 2057 lue-

128 2091 205 2162 rint,
234 2089 388 2150 anatbema
416 2087 552 2148 dicimus.
597 2088 698 2167 Neque
726 2089 804 2150 enirn
827 2089 1046 2170 Filio-patrem
1075 2095 1280 2172 agnoscimus,
1303 2099 1353 2175 qui

127 2192 215 2256 unirrs
237 2193 276 2256 sit
296 2190 498 2262 substantiae,
521 2207 581 2250 uon
606 2208 677 2251 vero
701 2190 978 2264 consubstantialis,
1008 2201 1041 2254 ut
1062 2194 1163 2256 solunt
1184 2197 1354 2271 Sabelliani,

126 2294 175 2374 qui
204 2294 262 2354 lroc
289 2300 376 2371 pacto
399 2289 503 2352 Filium
535 2291 654 2370 penitus
684 2291 800 2382 tqllunt.
843 2291 946 2372 Neque
975 2293 1061 2356 eliam
1091 2297 1210 2375 patibile
1233 2317 1354 2378 corpus,

126 2396 207 2476 qnod
229 2402 352 2474 propter
374 2395 465 2456 totius
487 2393 590 2456 mnndi
613 2393 738 2454 salntem
761 2395 904 2471 gestarit,
926 2395 1114 2456 attribuimus
1135 2396 1232 2470 Patri,
1258 2391 1380 2476 neque¹

127 2505 189 2558 tres
212 2497 387 2576 hypostases
410 2515 462 2574 per
485 2495 599 2574 seipsas
622 2493 749 2568 divisas,
779 2501 812 2556 ut
833 2495 863 2556 in
887 2493 1057 2558 bominibus
1079 2513 1135 2576 pro
1157 2505 1262 2560 natura
1283 2517 1354 2560 eor·

125 2615 232 2677 porum
266 2596 387 2671 accidit,
420 2597 465 2658 las
488 2605 534 2658 est
556 2596 585 2658 in
607 2597 669 2658 lieo
692 2597 839 2675 cogitare,
863 2613 901 2658 ne
924 2605 957 2658 ut
977 2605 1080 2676 gentes
1103 2597 1228 2661 deorum
1251 2601 1353 2664 multi·

127 2699 260 2762 tudinem
282 2699 474 2772 inducamus3
497 2699 551 2760 sed
574 2699 651 2761 sicut
672 2699 787 2770 ilarius,
811 2698 861 2778 qni
884 2717 919 2760 ex
941 2700 1023 2762 lonte
1044 2701 1162 2780 genitus
1184 2701 1221 2762 ab
1247 2703 1353 2764 eodem

125 2819 187 2864 non
211 2809 382 2880 separatur,
405 2801 540 2879 quamuis
563 2799 638 2862 duae
660 2799 722 2862 sint
744 2800 859 2862 illorum
882 2801 992 2878 figurae
1014 2801 1109 2863 duove
1131 2803 1262 2864 nomina.
1301 2803 1353 2866 Si·

129 2901 248 2978 qnidem
276 2919 374 2977 neque
395 2901 484 2960 Pater
512 2908 559 2958 est
580 2900 688 2970 Filius,
717 2917 813 2977 neque
842 2900 934 2960 Filius
962 2910 1010 2962 est
1030 2902 1137 2974 Pater3
1165 2921 1233 2964 nam
1265 2903 1354 2966 Pater

129 2999 198 3058 Filii
219 2998 307 3058 Pater
335 3006 399 3068 est,
426 3006 458 3054 et
478 2996 571 3056 Filius
598 2998 695 3058 Patris
724 3009 771 3056 est
797 2998 901 3058 Filius.
941 3001 981 3066 ,Ut
1009 3003 1088 3062 enim
1116 3005 1185 3062 lons
1214 3021 1276 3064 non
1309 3013 1355 3064 est

133 3095 261 3167 durius,
291 3112 387 3170 neque
415 3093 525 3154 durius
548 3103 593 3154 est
612 3095 697 3166 lons,
726 3095 779 3154 sed
800 3104 925 3174 uterque
947 3115 1005 3158 una
1026 3109 1056 3160 et
1077 3099 1180 3160 eadem
1203 3113 1249 3162 est
1270 3121 1356 3178 aqua,

132 3215 209 3278 quae
238 3214 275 3258 ex
302 3196 385 3256 sonte
412 3203 568 3274 permanat
589 3194 617 3256 in
641 3193 778 3268 durium,
810 3194 854 3256 sie
875 3195 1011 3258 divinitas
1034 3215 1068 3260 ex
1091 3199 1178 3260 Patre
1199 3199 1228 3260 in
1252 3199 1357 3284 Filium

129 3299 244 3378 absque
265 3296 396 3360 llnxione
419 3305 449 3356 et
470 3295 616 3356 divisione
638 3295 824 3358 diffunditur.
867 3296 944 3358 llino
965 3296 1036 3358 dicit
1049 3299 1210 3364 Dominus:
1231 3303 1282 3366 Bar
1296 3303 1356 3364 tu-

130 3411 177 3464 tre
206 3403 291 3462 enini
318 3408 347 3460 et
375 3401 472 3460 versio.
515 3397 599 3475 Apud
622 3396 741 3458 Patrem
768 3405 865 3458 numm
892 3415 1013 3477 semper
1039 3400 1065 3462 is
1088 3409 1151 3474 est,
1185 3401 1234 3480 qui
1257 3409 1304 3464 est
1325 3399 1356 3462 in

131 3501 199 3564 sinu
220 3498 331 3573 Patris,
362 3517 416 3560 nec
444 3515 581 3576 nmquam
610 3499 695 3565 sinus
717 3498 813 3560 Patris
842 3498 908 3560 Filii
935 3500 1084 3563 divinitate
1107 3511 1155 3564 cst
1176 3503 1354 3566 exinanitus.

130 3601 263 3680 Namque
290 3599 355 3662 ait:¹
375 3599 437 3680 Boo
467 3617 552 3660 erum
579 3602 661 3678 oprrd
689 3619 756 3660 cem
784 3618 973 3681 componens.
1018 3602 1079 3664 Nec
1107 3621 1177 3666 vero
1207 3606 1353 3666 sentimus

131 3707 260 3771 masuam
282 3709 334 3762 aut
354 3700 472 3772 lactum,
495 3706 546 3761 aut
566 3719 600 3760 ex
616 3697 709 3760 nibilo
725 3717 794 3760 esse
808 3719 907 3762 rernm
923 3702 1054 3764 omnium
1071 3713 1234 3767 creatorem
1248 3705 1354 3778 Deum,

131 3800 185 3863 liei
207 3801 323 3873 Filium,
347 3819 382 3862 ex
405 3801 550 3862 existente
574 3801 760 3874 existentem,
783 3819 819 3862 ex
841 3802 906 3863 solo
929 3801 1036 3875 solum,
1058 3803 1106 3864 eui
1128 3803 1165 3864 ab
1182 3805 1355 3866 aeternitate

133 3989 210 4048 bomo,
229 3989 255 4036 lu
272 4001 317 4050 quo
335 3987 480 4036 inducturus
499 3993 532 4036 ast
549 3987 644 4038 oborn
658 4001 722 4038 arar·
773 3993 797 4034 et
814 3985 913 4046 sepner.
932 3979 1086 4052 υἶοπάτορα
1104 3987 1201 4038 babeat.
1237 3988 1281 4038 tttt
1299 4001 1357 4038 aare

132 4061 195 4104 tuor.
772 4060 797 4102 et
814 4053 870 4102 editi
889 4045 1002 4104 attunt
1020 4067 1047 4102 rr.

165 4170 190 4218 b.
209 4169 310 4232 Sequar.
329 4159 480 4232 inmisso.
517 4168 570 4218 idox
589 4169 721 4220 Gabiensi
771 4121 945 4251 rswfaef·
969 4135 988 4168 π
1022 4120 1126 4168 udam.
1170 4121 1204 4170 ld.
1232 4135 1286 4172 mox
1313 4131 1356 4182 yr-

131 4235 237 4290 milm-
257 4235 274 4286 ¹·
293 4249 365 4286 ⁸⁰⁰⁰·
384 4227 421 4289 ὥς
437 4227 492 4302 ἔφη
512 4227 526 4280 ⁶
543 4226 644 4302 sdpm.
806 4255 823 4304 l.
842 4245 903 4302 irat
919 4253 959 4304 bic
976 4262 1001 4304 st
1017 4268 1072 4304 mox
1089 4253 1159 4304 abeat
1177 4269 1191 4306 a
1210 4251 1358 4304 Gobleriaaa

167 4369 187 4402 c
198 4346 246 4401 καί
256 4353 326 4402 abest
336 4367 348 4402 a
358 4351 458 4414 Segosa.
472 4351 569 4402 Goblar.
582 4359 605 4402 et
615 4353 720 4404 latrina.
772 4330 797 4374 ⁸⁸
806 4320 1165 4452 ἱᾞῖτὲςξὶᾞᾟζ

132 4419 150 4472 ¹¹
170 4435 243 4470 ’Μ’
806 4455 831 4506 δ,
850 4455 877 4506 lar
896 4468 954 4506 naa.
967 4453 1162 4515 dementiae.
1173 4446 1292 4514 undula
1303 4435 1360 4496 aad·

165 4521 190 4574 d.
208 4519 308 4575 cottas
327 4517 572 4574 alestanum«.
598 4519 651 4574 lior
662 4521 720 4583 llas.
773 4535 845 4585 quan
864 4521 904 4572 bic
921 4521 963 4572 alli
979 4527 1005 4572 et
1020 4520 1079 4572 editt
1095 4517 1197 4576 addunt,
1215 4511 1283 4564 nulla
1301 4513 1347 4558 ul·
