3214 5048
567 279 676 324 enarro
693 279 725 323 ιι.
742 281 858 324 conani
873 283 1008 326 annuos.
1326 267 1390 336 345

151 455 224 500 ease
245 445 386 498 etonem
408 449 426 494 e
449 430 534 492 lactis
562 429 670 504 rebus,
699 431 753 492 sed
781 439 874 494 artem
903 433 1021 496 meandi
1043 423 1180 514 tauquam
1203 455 1221 498 a
1243 437 1385 515 magistro
1399 451 1476 496 enos

153 547 188 600 et
207 538 319 599 arulioe
341 535 500 604 didurime,
530 541 617 611 atquc
638 533 677 596 ita
700 533 757 613 ipsi
781 535 856 608 lieo,
880 555 969 616 quern
992 538 1166 616 magistrum
1190 537 1307 610 habuit,
1330 539 1390 600 uri·

153 639 314 702 nistresse.
377 636 456 696 llaec
488 633 735 724 enimnsterius
770 636 928 715 Sophiste,
960 645 1065 716 utpote
1097 639 1249 702 Christum
1283 639 1391 705 doetus
1492 636 1501 656 ⁸

153 759 277 819 negare,
299 755 390 799 ausus
412 743 461 796 est
482 735 624 806 turbere,
649 737 772 796 minime
793 737 830 797 ad
854 755 887 796 ea
908 755 982 816 quae
997 740 1247 820 indepeqouutar
1261 741 1391 806 absurda

156 839 327 902 attendens.
372 837 444 898 Naro
469 836 495 898 si
516 853 567 896 ars
590 835 709 898 creandi
733 845 832 915 potest
846 837 964 908 doceri,
985 839 1103 904 rideant
1125 860 1163 903 ne
1183 843 1281 922 ipsum
1300 841 1389 907 etiam

156 942 255 1002 Deum
284 957 344 1001 uon
373 948 477 1000 natura
506 937 559 998 aed
589 946 652 999 arte
682 937 818 1018 opiticum
849 955 919 998 esse
941 937 1055 1012 dicant,
1083 941 1123 1002 ita
1145 949 1232 1004 utaa
1255 945 1391 1008 facultate

35 1037 58 1062 ⁸
157 1042 270 1122 privari
291 1041 399 1121 possit.
445 1039 572 1111 Deinde,
602 1040 628 1100 ai
657 1039 710 1100 Dei
738 1039 890 1119 Sapientia
919 1039 1086 1102 facultatem
1109 1045 1227 1106 creandi
1250 1046 1390 1111 discendo

160 1143 352 1224 compararit,
376 1143 527 1222 quomodo
551 1142 695 1220 sapientia
712 1141 853 1222 appellari
870 1152 977 1222 potest,
999 1159 1074 1222 quae
1089 1143 1224 1207 doctrina
1239 1145 1391 1226 indigent

144 1246 241 1320 outo
263 1264 336 1306 uero
360 1245 424 1324 ipsa
448 1251 509 1304 erat
532 1253 688 1321 antequam
710 1241 863 1305 disceret?
884 1242 1038 1304 Necenim
1055 1243 1201 1324 sapientia
1224 1257 1295 1318 erat,
1318 1265 1394 1326 quae

160 1345 297 1408 doctrina
327 1361 403 1424 opus
431 1343 543 1406 habuit.
588 1345 687 1405 lrrnrais
717 1363 824 1426 nempe
852 1353 882 1407 et
909 1363 998 1406 vacua
1026 1363 1076 1406 res
1105 1343 1202 1425 aliqua
1229 1347 1299 1419 luit,
1333 1366 1395 1408 nou

164 1453 263 1508 autem
287 1444 490 1506 substantialis
514 1446 674 1522 sapientia,
706 1447 759 1506 sed
791 1445 953 1526 sapientiae
974 1465 1084 1508 nomen
1106 1449 1289 1526 proficiendo
1313 1449 1393 1510 olati-¹

164 1547 244 1620 nuit,
269 1565 343 1626 quae
366 1547 476 1610 muralia
498 1549 596 1608 littura
619 1556 663 1610 est
687 1549 849 1627 sapientia,
882 1549 1020 1628 quamdiu
1042 1549 1121 1627 quod
1144 1549 1246 1612 didicit
1267 1569 1393 1612 couscr-

162 1658 263 1710 vatura
294 1657 349 1708 est.
393 1649 466 1710 llam
496 1650 577 1728 qnod
600 1649 706 1728 aliquia
728 1669 790 1710 non
813 1655 918 1711 natura
940 1651 993 1712 sed
1015 1650 1114 1712 sttrdio
1136 1659 1314 1738 consecptue
1337 1659 1392 1726 est,

158 1749 191 1810 id
212 1749 371 1828 aliquando
392 1758 496 1829 potest
514 1751 678 1812 dediscere.
722 1751 803 1814 llaec
823 1761 920 1814 autem
944 1753 983 1813 de
1002 1752 1056 1824 Dei
1080 1751 1175 1813 Verbo
1197 1754 1306 1826 dicere,
1329 1771 1392 1815 noo
1426 1789 1434 1808 ι

158 1853 294 1930 proiecto
319 1851 557 1919 Christianorum
580 1853 632 1914 sed
654 1851 815 1916 Gentilium
838 1863 894 1915 est.
1366 1842 1369 1854 ’

247 2056 300 2118 29.
343 2053 459 2116 Etenim
488 2055 514 2115 ei
544 2053 665 2116 laeultas
694 2055 813 2116 creandi
837 2056 968 2116 doctrina
991 2056 1157 2134 comparari
1179 2065 1281 2134 queat,
1310 2057 1390 2118 iuvi·

161 2156 240 2218 diam
259 2158 303 2216 vel
321 2155 407 2220 etiem
425 2155 656 2218 imbecillitatem
672 2158 761 2218 stulte
776 2158 807 2216 in
822 2157 915 2216 Deum
932 2156 1084 2228 inducunt,
1107 2155 1246 2216 invidiam
1262 2157 1391 2233 quidem,

162 2258 231 2339 quia
254 2277 315 2320 noa
338 2259 448 2319 multos
470 2257 607 2319 docuerit
628 2258 746 2318 creandi
768 2267 874 2328 artem,
898 2266 929 2316 ut
951 2255 1198 2334 quemadmodum
1220 2256 1303 2316 multi
1317 2257 1393 2318 circa

164 2359 246 2420 illum
270 2367 340 2420 sunt
362 2357 535 2436 Archangeli
559 2367 588 2418 et
602 2359 715 2436 Angeli,
738 2359 778 2418 ita
801 2365 830 2418 et
851 2357 935 2418 multi
957 2364 1059 2417 essent
1080 2365 1239 2429 creatores,
1262 2357 1395 2418 imbecil-

165 2460 277 2522 litatem
299 2478 389 2532 vero,
412 2458 480 2538 qnia
505 2477 563 2519 nou
588 2459 671 2520 solue
694 2477 744 2520 res
767 2457 900 2538 potuerit
920 2461 1035 2531 lacere,
1059 2457 1112 2519 sed
1135 2457 1269 2520 adiutore
1291 2467 1321 2520 et
1342 2457 1397 2518 ad*-

91 2633 100 2642 ,
164 2561 304 2624 ministro
332 2579 409 2640 opus
432 2561 592 2634 ‚habuerim
625 2579 801 2640 quamquam
830 2561 935 2621 factam
962 2567 1098 2620 naturam
1121 2577 1138 2620 a
1160 2558 1226 2618 solo
1248 2558 1309 2619 Deo
1333 2559 1397 2625 lieri

163 2682 258 2745 posse
270 2672 434 2752 ⁸ostensum
458 2662 514 2724 iam
534 2673 590 2736 est,
614 2663 851 2742 quandoquidem
867 2661 970 2734 Filius,
993 2659 1042 2740 qui
1061 2667 1093 2721 ut
1108 2667 1213 2741 patant
1228 2669 1276 2720 est
1291 2661 1396 2734 lautus,

164 2783 181 2828 a
204 2767 269 2829 sule
284 2765 345 2828 lieo
369 2766 467 2845 potuit
487 2766 562 2826 lieri.
608 2765 715 2826 Varum
739 2764 816 2828 nulla
839 2782 872 2825 re
895 2772 974 2825 certe
992 2781 1068 2842 opus
1085 2761 1175 2824 habet
1190 2761 1286 2832 lleus;
1308 2759 1396 2824 absit.

167 2865 235 2946 lpse
257 2867 335 2930 eninr
357 2868 446 2928 dixit:
480 2867 591 2928 Planus
615 2886 692 2928 anm.
737 2867 799 2958 Nec
824 2865 895 2926 item
918 2865 1046 2926 Verbum
1069 2861 1211 2924 discendo
1235 2865 1328 2925 lactus
1352 2869 1399 2923 eet

168 2975 301 3038 mentor,
325 2967 383 3028 sed
413 2983 480 3028 cum
509 2967 557 3026 sit.
577 2969 673 3042 imago
695 2975 727 3028 ct
748 2967 891 3044 sapientia
914 2965 1028 3039 Patris,
1057 2983 1091 3026 ea
1113 2983 1189 3043 quae
1211 2974 1281 3026 sunt
1302 2959 1486 3026 Patris-ntor.

170 3065 269 3128 elllcit.
314 3067 375 3127 Nec
397 3066 484 3126 etiarn
507 3065 611 3128 Filium
635 3067 744 3128 creauit
765 3085 864 3128 rarum
886 3068 1030 3128 laetarum
1054 3065 1272 3126 efficiendarum
1294 3081 1399 3140 causac

168 3161 296 3247 namque
317 3168 452 3246 quamvis
476 3167 582 3228 existat
604 3167 713 3238 Pilius,
735 3169 823 3228 Pater
845 3167 1037 3229 nihilominus
1059 3167 1128 3246 agit,
1152 3175 1185 3228 ut
1206 3167 1271 3246 ipso
1293 3166 1396 3230 Domi·
1474 3179 1477 3194 ·

168 3287 227 3332 nus
249 3269 296 3332 lais
307 3268 417 3332 serbis
435 3271 537 3330 docet:
564 3269 657 3332 Pater
671 3289 751 3330 inens
767 3271 964 3350 usquemodo
982 3279 1138 3349 operatur,
1163 3280 1191 3331 et
1205 3287 1257 3348 eqo
1273 3285 1396 3350 operor.

169 3371 320 3445 Quodsi,
349 3378 384 3432 ut
405 3371 533 3450 putatis,
557 3370 667 3432 idcirco
690 3369 782 3432 Filius
804 3373 899 3432 lactus
923 3379 983 3442 est,
1008 3378 1039 3432 ut
1061 3389 1103 3442 ea,
1127 3389 1201 3450 quae
1222 3379 1293 3451 post
1314 3370 1395 3432 illum

169 3473 308 3544 existunt,
331 3473 521 3551 produceret,
545 3467 575 3533 et
597 3473 661 3552 ipse
684 3481 781 3534 tamen
805 3473 892 3534 Pater
913 3481 983 3552 post
1000 3469 1109 3534 editum
1124 3473 1230 3534 Filium
1247 3481 1397 3552 operatur,

171 3591 351 3653 supervacua
373 3593 444 3634 sane
467 3583 514 3634 eat
536 3574 705 3636 huiuamodi
725 3575 788 3636 Filii
812 3574 991 3654 procreatio.
1036 3573 1192 3636 Praeterea
1209 3593 1262 3634 cur
1277 3589 1399 3652 quaeso,

172 3693 238 3736 aum
268 3693 324 3735 nos
352 3691 453 3736 creare
479 3675 581 3744 vellet,
618 3675 824 3738 intermedium
853 3676 979 3756 aliquem
1008 3676 1155 3756 quaesivit
1182 3674 1400 3748 administrum,

173 3776 257 3856 quasi
280 3776 392 3837 seilicet
414 3793 472 3836 non
495 3779 644 3838 sullieeret
666 3798 729 3838 erus
753 3780 888 3840 voluntas
911 3780 947 3840 ad
978 3798 1012 3839 ea
1040 3777 1209 3850 efficienda,
1240 3795 1315 3856 quae
1330 3775 1401 3855 ‘ipse

172 3875 323 3938 uoluerit?
344 3877 475 3938 Chmaot
496 3879 605 3958 quippe
622 3878 809 3958 Scripturae:
834 3882 944 3942 Omnia
965 3898 1167 3962 quaecamque
1195 3879 1293 3941 uoluit
1313 3879 1396 3959 secel,

172 4031 267 4082 Golden.
294 4030 398 4080 Felrlrn.
421 4029 442 4080 l.
461 4039 482 4079 et
502 4032 525 4082 d.
543 4026 638 4089 πολλοὶ
657 4022 759 4098 ἇρχᾶγ-
845 4049 868 4094 g.
886 4035 985 4092 Sequor.
1004 4027 1118 4094 γέγονεν
1134 4024 1200 4084 ntor.

169 4088 438 4164 yelrraaiciyyalot.
474 4100 758 4151 ‚tliietedniot'onnn
846 4093 1168 4158 nulorlnoestnblnpllc.
1197 4099 1401 4152 llorlelelmd.
1437 4153 1439 4161 ,

170 4160 264 4214 πολλοὶ
281 4157 399 4228 ἄγγελοι.
812 4175 835 4215 et
854 4171 952 4231 sepino.
973 4160 1062 4212 attor
1085 4159 1157 4234 ἡμᾶς
1179 4165 1277 4218 κτίσαι.
1316 4171 1360 4219 llil
1379 4175 1402 4214 et

204 4249 225 4282 e.
245 4237 335 4294 §egino
369 4237 423 4294 ltep.
449 4234 546 4284 anter.
568 4235 674 4284 letetur.
696 4235 716 4283 l.
736 4231 770 4283 l.-
812 4229 1086 4284 ediridtlmvartuua'

170 4309 196 4351 et
206 4302 229 4350 5.
241 4295 376 4364 γίνεσθαι.
406 4302 485 4352 Ceteri
504 4312 526 4350 et
545 4304 604 4350 enm
621 4297 759 4364 γενέσθαι.
847 4303 862 4350 i.
888 4305 988 4360 augurer.
1014 4303 1069 4364 ltrg.
1096 4305 1194 4356 Gobler.
1214 4311 1237 4352 et
1253 4303 1358 4352 Felclun.
1378 4297 1400 4344 1.

163 4369 245 4418 J'anlo
271 4371 601 4431 persuaseruntque
622 4367 760 4418 l'elelrn.l.
814 4359 849 4414 ἂν
867 4359 948 4432 αιἰιῷ.
986 4369 1131 4420 Editietnlii
1149 4363 1199 4419 dlv
1217 4361 1297 4432 αὐτῷ.
1326 4363 1400 4412 Paulo

171 4425 253 4488 :dete
267 4430 324 4504 γὰρ
341 4425 405 4485 alae.
434 4437 477 4484 alii
493 4445 515 4484 et
528 4426 679 4500 intnqulric
696 4421 760 4482 alne.
831 4443 868 4484 nst
888 4441 985 4498 sepner.
1006 4429 1130 4498 lneque
1147 4431 1193 4482 καὶ
1212 4434 1250 4496 τῷ
1267 4427 1321 4494 γὰρ
1340 4431 1401 4492 dou·

201 4505 221 4553 l.
239 4507 339 4566 Seguer·
358 4515 382 4554 et
397 4504 505 4553 Felelm.
526 4503 547 4552 l.
566 4495 701 4560 lnotqrer.
811 4451 920 4568 ilaiptmn
949 4503 1046 4553 Gublcr.
1057 4505 1161 4552 l'rlclm.
1175 4502 1196 4551 l.
1208 4499 1263 4548 etl.
1276 4489 1399 4558 laetique·
