3176 5058
258 306 298 370 58
654 317 680 360 s.
695 316 849 360 ιτεευιειι
864 315 1086 360 mammaeam

170 486 321 556 επερον.
366 475 505 534 σκοπεῖν
539 465 575 530 δέ
606 463 704 530 τοῦτό
727 487 764 532 σε
790 465 850 547 μέν
872 462 1014 542 ἔξεστιν,
1050 458 1192 542 ἐκείνους
1221 463 1258 528 δέ
1284 461 1490 531 κατακούειν

252 571 330 650 τοὺς
352 563 585 643 ἀπαιδεύτους.
631 565 793 632 δέδεικται
815 564 849 631 έν
871 575 943 642 τοῖς
966 565 1176 650 έμπροσθεν,
1199 565 1252 630 καί
1275 558 1361 628 τοῦτ’
1388 562 1489 630 ἔστιν

253 665 380 756 ἀληθές
400 664 579 744 πιστεύειν,
601 663 658 732 τόν
680 665 776 753 λόγον
798 665 833 734 ἐκ
853 669 912 732 τοῦ
934 664 1062 750 πατρὸς
1085 659 1170 731 εἶναι
1189 667 1244 730 καί
1265 662 1368 748 μόνον
1390 665 1489 732 ἰ’διον

254 766 356 838 αὐτοῦ
388 770 442 834 καί
477 766 576 855 φύσει
596 772 755 854 γέννημα.
800 765 911 834 πόθεν
938 765 1000 852 γὰρ
1029 763 1174 834 ἄλλοθεν
1197 765 1325 850 νοήσειέ
1346 791 1400 844 τις
1421 765 1488 832 τὸν

254 870 337 950 υἱόν,
361 865 398 948 ὅς
421 867 510 936 ίστιν
530 864 550 955 ἡ
573 874 676 955 σοφία
698 869 749 934 καί
774 863 793 934 5
814 867 921 954 λόγος,
944 867 978 934 έν
1001 855 1028 952 ᾧ
1049 865 1092 934 τά
1112 865 1223 934 πάντα
1244 871 1383 952 γέγονεν,
1408 861 1490 952 ἢέξ

255 965 356 1038 αὐτοῦ
378 973 437 1036 τοῦ
458 972 541 1037 θεοῦ
548 997 559 1050 ,·
593 964 682 1054 ύμιος
711 969 747 1036 δὲ
767 973 866 1036 τοῦτο
887 971 941 1035 καὶ
963 967 1058 1054 παρὰ
1077 970 1145 1036 τῶν
1165 971 1302 1054 γραφῶν
1322 967 1487 1054 μεμαθή-

254 1096 365 1156 καμεν,
388 1074 445 1138 τοῦ
465 1071 526 1155 μὲν
547 1068 676 1154 πατρὸς
691 1070 748 1138 διὰ
763 1074 822 1137 τοῦ
837 1070 949 1156 Δαβίδ
963 1071 1131 1155 λέγοντος·
1154 1067 1346 1157 δξηρεύξατο
1362 1063 1382 1156 ἦ
1399 1093 1485 1154 καρ-

255 1173 311 1238 δία
330 1195 394 1256 μου
416 1169 512 1258 λόγον
535 1168 703 1258 ἀγαθόν’),
727 1177 796 1238 καί·
820 1171 855 1238 ἐκ
875 1169 1017 1257 γαστρὸς
1038 1168 1110 1256 πρὸ
1133 1168 1303 1257 έιοςφόρου
1319 1168 1482 1256 ἐγέννησα

254 1275 330 1354 σε’),
352 1277 410 1339 τοῦ
434 1274 469 1341 δέ
491 1273 564 1340 υίοῦ
586 1271 666 1360 περὶ
687 1272 804 1340 ἑαυτοῦ
820 1271 1003 1352 δεικνύντος
1017 1281 1089 1350 τοῖς
1107 1266 1293 1351 Ἰουδαίοις·
1317 1269 1347 1338 εί
1363 1265 1380 1336 5
1396 1270 1484 1349 θεὸς

252 1371 362 1461 πατὴρ
377 1370 469 1459 ύμῶν
483 1363 532 1461 ἦν,
555 1369 706 1464 ἠγαπᾶτε
721 1368 761 1440 άν
777 1373 849 1458 έμέ·
872 1373 935 1460 ἐγὼ
949 1371 1011 1460 γάρ
1027 1373 1061 1440 ἐκ
1075 1376 1135 1440 τοῦ
1149 1371 1279 1460 πατρὸς
1293 1371 1437 1460 ἐξῆλθον
1444 1375 1481 1452 ³),

251 1479 305 1544 καί
333 1474 453 1543 πάλιν·
484 1471 542 1560 οῦχ
570 1471 624 1542 ότι
650 1474 725 1542 ’τὸν
747 1481 876 1562 πατέρα
896 1501 949 1554 τις
970 1474 1126 1561 ἑώρακεν,
1157 1473 1251 1560 εἰμὴ
1275 1469 1293 1540 5
1316 1468 1363 1540 ιῦν
1384 1473 1483 1557 παρὰ

251 1581 310 1644 τοῦ
330 1581 426 1658 θεοῦ,
450 1566 547 1658 οὗτος
569 1577 691 1663 ἑώρακε
712 1575 771 1644 τὸν
793 1580 961 1663 πατέρα’),
984 1579 1038 1643 καὶ
1059 1575 1124 1663 μὴν
1146 1574 1203 1642 καὶ
1222 1574 1276 1641 τό·
1300 1574 1363 1660 ἐγὼ
1386 1571 1479 1641 καὶὸ

251 1677 362 1766 πατὴρ
386 1679 420 1745 έν
443 1677 583 1762 ἐσμεν),
606 1683 663 1744 καί
671 1699 678 1712 ·
702 1676 764 1763 ἒγὼ
788 1676 822 1744 έν
843 1682 890 1764 τῷ
912 1684 1032 1762 πατρί,
1054 1681 1109 1745 καί
1132 1673 1151 1744 5
1172 1675 1282 1765 πατὴρ
1306 1675 1339 1743 έν
1362 1675 1479 1768 έμοίὸ),

253 1773 326 1846 ἶσόν
349 1778 422 1846 έστι
442 1782 489 1865 τῷ
512 1780 633 1866 λέγειν·
657 1779 719 1864 ἐγὼ
742 1779 777 1846 ἐκ
790 1782 849 1844 τοῦ
865 1777 992 1864 πατρός
1008 1777 1077 1863 είμι
1090 1781 1144 1846 καί
1160 1775 1349 1864 ἀδιαίρετος
1364 1771 1479 1843 αὐτοῦ.

251 1882 305 1946 καί
329 1875 347 1946 5
366 1875 515 1966 Ἰωάννης
538 1879 574 1945 δέ
596 1881 713 1964 λέγων·
744 1875 762 1946 ό
783 1879 960 1967 μονογενὴς
982 1878 1068 1960 υἱός,
1093 1875 1111 1945 5
1134 1875 1180 1946 νῦν
1203 1879 1251 1958 είς
1271 1877 1329 1946 τὸν
1351 1877 1478 1944 κόλπον

251 1983 310 2047 τοῦ
332 1978 470 2067 πατρός,
494 1979 616 2061 ἐκεῖνος
637 1980 817 2069 ἐξηγήσατο
825 1984 858 2061 7),
880 1979 1003 2065 μαθὼν
1025 1983 1130 2048 ταῦτα
1151 1980 1245 2066 παρὰ
1265 1982 1324 2046 τοῦ
1349 1983 1479 2064 Ι’συντη-

251 2105 309 2168 ρος
332 2083 446 2170 ε’ίρηκε.
491 2088 525 2148 τέ
551 2081 612 2168 γάρ
642 2079 724 2149 ἄλλο
745 2081 784 2148 τό
808 2081 842 2149 έν
863 2081 1004 2161 κόλποις
1027 2087 1196 2170 σημαίνει,
1218 2075 1240 2168 ἢ
1260 2079 1320 2167 τὴν
1341 2087 1479 2168 γνησίαν

252 2183 287 2250 iu
308 2187 366 2250 τοῦ
388 2181 516 2268 πατρὸς
536 2186 595 2248 τοῦ
619 2183 691 2250 υίοῦ
713 2190 861 2270 γέννησιν
868 2211 879 2264 ,·

337 2289 388 2351 22.
433 2283 475 2350 Εί
495 2285 555 2368 μὲν
579 2273 635 2349 οῦν
657 2283 715 2350 τὸν
736 2284 820 2352 θεὸν
841 2279 970 2369 ἡγεῖταί
990 2308 1042 2362 τις
1064 2277 1150 2350 εἶναι
1171 2282 1334 2350 σύνθετον
1341 2333 1351 2362 ,
1376 2277 1422 2360 ιύς
1444 2281 1478 2348 ἐν

250 2388 290 2472 τῇ
313 2380 411 2473 ούσίη
436 2384 476 2451 τὸ
496 2386 713 2473 συμβεβηκός,
744 2379 765 2471 ἢ
787 2386 913 2464 ἔξωθέν
934 2410 1010 2452 τινα
1032 2383 1213 2472 περιβολὴν
1236 2383 1320 2466 έχειν
1342 2385 1396 2449 καὶ
1420 2409 1475 2449 κα-

170 2551 173 2554 .
251 2484 451 2564 λύπτεσθαι,
474 2482 494 2569 ἢ
518 2482 602 2552 εἶναί
623 2511 698 2552 τινα
720 2488 797 2570 περί
822 2482 922 2550 αὐτὸν
945 2485 987 2552 τά
1008 2488 1265 2574 συμπληροῦντα
1285 2483 1345 2570 τὴν
1360 2479 1477 2550 οῦσίαν

253 2579 353 2649 αὐτοῦ
360 2635 369 2662 ,
394 2581 475 2662 ιύςτε
497 2573 651 2670 λέγοντας
672 2581 757 2672 ἡμᾶς
778 2583 862 2652 θεὸν
884 2581 906 2672 ἢ
929 2580 1148 2670 ὀνομάζοντας
1169 2593 1300 2674 πατέρα
1314 2584 1358 2672 μὴ
1374 2579 1476 2670 αῦτην

252 2681 311 2770 τήν
326 2679 468 2768 ἀόρατον
491 2680 591 2750 αὐτοῦ
613 2689 667 2751 καί
683 2682 915 2773 ἀκατάληπτον
931 2681 1048 2756 ούσίαν
1064 2695 1244 2777 σημαίνειν,
1268 2682 1349 2754 ἀλλά
1360 2709 1392 2748 τι
1404 2687 1475 2748 τῶν

252 2787 329 2872 περὶ
352 2779 484 2870 οαῦτήν·
506 2791 758 2874 μεμφέσθιοσαν,
778 2789 838 2871 μέν
860 2787 918 2876 τὴν
941 2788 1080 2856 σύνοδον
1101 2788 1280 2876 γράψασαν
1300 2787 1401 2872 έκτῆς
1416 2777 1476 2850 οῦ-

253 2892 328 2965 σέας
350 2881 436 2954 εἶναι
456 2890 515 2954 τοῦ
537 2892 621 2956 θεοῦ
642 2887 701 2956 τὸν
722 2888 810 2970 υἱόν,
838 2897 1102 2958 κατανοείτωσαν
1133 2891 1184 2970 δέ,
1216 2885 1269 2958 ότι
1289 2887 1350 2962 ,δύο
1371 2888 1474 2954 ταῦτα
1563 2945 1564 2948 ,

250 2989 500 3078 μλαςφημοῦσιν
534 2987 621 3058 οῦτοι
650 2990 887 3077 διανοούμενοι.
939 2992 997 3059 τόν
1025 3018 1061 3060 τε
1088 2991 1149 3078 γάρ
1178 2990 1260 3058 θεὸν
1290 2985 1474 3074 σωματικόν

249 3117 324 3158 τινα
347 3091 526 3179 είςάγουσι,
555 3096 608 3162 καὶ
631 3093 689 3160 τὸν
710 3093 822 3181 κύριον
846 3087 902 3159 οῦκ
925 3088 1025 3159 αὐτοῦ
1048 3096 1106 3158 τοῦ
1129 3092 1273 3180 πατρός,
1304 3087 1388 3158 ἀλλὰ
1409 3093 1473 3156 τῶν

249 3197 326 3280 περὶ
356 3190 454 3262 αι’ντὸν
485 3191 570 3264 εἶναι
599 3195 670 3263 υίόν
698 3193 976 3280 καταψεύδονται.
1022 3193 1051 3260 εἰ
1080 3194 1116 3260 δέ
1139 3191 1266 3260 ἁπλοῦν
1288 3200 1322 3260 τί
1344 3185 1472 3264 έστινό

248 3295 347 3375 θεός,
371 3293 481 3381 ὥςπερ
504 3287 561 3362 οῦν
583 3299 637 3362 καί
662 3297 748 3374 ἔστι,
773 3296 872 3378 δῆλον
896 3290 949 3360 ότι
970 3294 1118 3379 λέγοντες
1139 3294 1197 3361 τὸν
1218 3293 1302 3363 θεὸν
1324 3296 1378 3361 καί
1402 3287 1472 3360 όνο-
1563 3339 1564 3386 5

250 3395 407 3476 μάξαντες
428 3395 487 3460 τόν
508 3400 638 3477 πατέρα
661 3391 756 3460 οὐδέν
771 3419 805 3458 τι
826 3389 871 3471 ὥς
886 3397 963 3480 περὶ
980 3389 1080 3462 αύτὸν
1097 3391 1307 3481 ὀνομάζομεν,
1331 3389 1400 3462 ἄλλ’
1417 3389 1473 3460 αῦ-
1563 3391 1564 3432 ·

196 3530 199 3536 ·
250 3493 309 3580 τὴν
330 3493 388 3578 τὴν
411 3489 528 3559 οὐσίαν
551 3489 650 3559 αὐτοῦ
673 3499 882 3580 σημαίνομεν.
927 3489 987 3582 κᾷν
1008 3494 1070 3580 γὰρ
1091 3499 1299 3582 καταλαβεῖν,
1323 3491 1378 3562 ὅτι
1392 3499 1472 3562 ποτέ

251 3592 341 3660 ἐστιν
363 3589 383 3679 ἡ
404 3596 465 3658 τοῦ
486 3596 570 3660 θεοῦ
593 3587 698 3674 οὐσία,
721 3592 766 3682 μὴ
787 3584 808 3682 ᾗ
831 3594 979 3676 δυνατόν,
1003 3591 1087 3664 ἀλλά
1107 3598 1209 3682 μόνον
1224 3600 1375 3676 νοοῦντες
1391 3591 1473 3664 εἶναι
1563 3621 1564 3636 ¹

250 3693 422 3776 τὸνθεόν,
444 3697 499 3761 καί
520 3698 578 3784 τῆς
598 3699 728 3783 γραφῆς
750 3695 784 3764 ἐν
805 3695 936 3776 τούτοις
958 3692 1057 3766 αὐτὸν
1081 3699 1312 3788 σημαινούσης,
1337 3693 1395 3766 οὐκ
1415 3694 1472 3764 άλ-

168 3809 172 3816 ’
250 3797 308 3864 λον
329 3795 405 3866 τινὰ
433 3799 486 3864 καὶ
507 3791 603 3883 ἡμεῖς
623 3791 644 3885 ἢ
666 3791 765 3864 αὐτὸν
788 3801 933 3886 σημᾶναι
953 3801 1127 3879 θέλοντες,
1157 3801 1294 3886 λέγομεν
1314 3797 1399 3866 θεὸν
1420 3799 1471 3864 καί

250 3903 380 3986 πατέρα
400 3901 454 3965 καὶ
476 3897 597 3986 κύριον.
643 3893 721 3964 ὅταν
743 3903 821 3985 γοῦν
843 3902 935 3988 λέγῃ·
959 3895 1022 3986 ίγιῦ
1045 3900 1113 3986 εἰμι
1137 3896 1154 3969 5
1177 3899 1238 3982 α’ίν,
1273 3902 1327 3968 καί
1350 3897 1389 3966 τὸ
1412 3895 1472 3984 ἐγώ

164 3999 321 4084 metm
341 3999 452 4085 κύριος
474 3995 492 4066 5
512 3998 611 4078 θεός,
634 4001 689 4066 καί
712 3994 799 4067 ὅπου
821 4003 906 4068 ποτέ
927 4003 1014 4087 λέγει
1035 3997 1055 4090 ἡ
1076 4001 1186 4090 γραφὴ
1209 3997 1228 4068 5
1249 4000 1347 4080 θεός,
1379 3993 1472 4086 ἡμεῖς

250 4096 525 4188 ύναγινώσκοντες
547 4095 642 4168 οῦδὲν
665 4101 774 4188 ἕτερον
795 4096 817 4189 ἢ
838 4098 937 4187 αὐτὴν
959 4101 1018 4188 τὴν
1040 4098 1272 4190 ἀκατάληπτον
1294 4096 1395 4168 αὐτοῦ
1418 4095 1471 4166 οῦ·
1563 4143 1564 4146 =

250 4210 325 4272 σίαν
349 4209 587 4291 σημαινομένην
609 4206 756 4288 νοοῦμεν,
779 4206 834 4269 καί
856 4199 910 4270 ὅτι
931 4203 1020 4270 ἐστίν
1041 4199 1144 4289 όνπερ
1159 4205 1319 4289 λέγουσιν.
1358 4196 1471 4267 οῦκοῦν

248 4305 294 4392 μὴ
322 4305 502 4385 ξενιζέσθω
523 4329 575 4383 τις
605 4299 731 4370 ἀκούων
755 4303 789 4372 έκ
809 4306 868 4389 τῆς
890 4297 1006 4381 ούσίας
1026 4306 1085 4370 τοῦ
1107 4307 1192 4372 θεοῦ
1215 4299 1302 4372 εἶναι
1322 4299 1380 4368 τὸν
1402 4297 1471 4366 υίδν
1563 4333 1564 4374 3

321 4459 477 4522 1)ΡεοΙ.45
497 4453 689 4524 [4411112.
769 4454 1183 4526 2)Psa1.110[109.Lxx.],3.
1259 4458 1284 4516 3)
1304 4453 1471 4516 Ιοου.8,4λ.
1563 4475 1564 4518 5

248 4530 275 4590 4)
294 4531 359 4580 ίοεο.
380 4527 404 4590 6,
423 4526 464 4577 46.
535 4526 560 4586 5)
579 4527 645 4576 ίουο.
666 4527 706 4589 10,
723 4525 764 4578 30.
834 4526 860 4588 6)
878 4527 944 4576 Ιοεο.
966 4527 1004 4588 11,
1024 4527 1064 4577 10.
1136 4525 1160 4587 ’1)
1179 4527 1246 4578 loun.
1267 4527 1290 4587 1,
1310 4523 1349 4574 18.
