2872 5046
360 157 560 270 ὶιιιιτιιιι
575 217 611 261 ιιι
626 217 804 262 ιιιιιιιιιιι.
903 171 906 180 Α
1148 207 1244 272 857,
1353 245 1357 250 .

20 389 30 432 r
53 367 98 440 hi,
122 366 173 446 qui
195 365 290 444 legem
314 363 400 428 istam
415 365 609 444 negligerent,
632 366 853 432 multabuntur?
883 368 1034 450 Scriptum
1049 371 1128 434 enim
1146 383 1294 436 ιιιιιιιι.

20 475 43 534 ιι·
65 471 264 532 oontemserit
285 485 340 529 ιιι
361 467 548 540 ostenderit,
567 469 681 550 peribit
704 470 739 532 de
757 471 886 551 populo.
931 471 985 533 Sin
1007 481 1105 536 autem
1127 483 1210 538 recte
1276 493 1279 498 ’

20 571 108 634 ebant
137 575 231 648 ecque
259 567 290 630 iu
319 586 352 629 re
374 567 484 647 accepti
507 578 592 630 erant
612 568 692 644 Deo,
721 589 820 634 annon
843 571 1008 636 sexcenu‘es
1030 575 1108 636 mori
1130 575 1210 657 digni

20 681 50 734 ιι
72 669 214 733 scelerati
229 667 461 748 ‚turpissimique
491 670 624 731 onmium
647 671 865 734 baereticorum
885 672 1000 750 Ariani,
1029 674 1079 754 qui
1102 678 1209 741 veteris

20 772 82 853 puli
106 761 178 851 erga
200 769 355 852 Templum
377 753 572 832 reverentiam
596 770 723 845 laudant,
747 781 776 834 et
796 773 956 836 Dominum
977 775 1008 836 in
1030 794 1118 839 carue
1139 757 1208 840 tan'-

20 893 70 936 am
100 875 133 935 in
161 871 271 952 templo
295 871 473 934 existentem
495 871 619 934 adorare
641 870 795 934 renuunt?
837 873 924 952 Atqui
946 881 1030 938 vetus
1053 878 1210 966 Templpm

39 974 192 1056 lapidibus
221 981 252 1037 ιι
271 993 345 1038 auro
368 973 446 1036 velut
469 973 574 1036 umbra
596 981 799 1036 constructum
822 976 902 1050 erat}
929 983 1210 1056 postquamautem
1304 1005 1309 1010 ·

20 1079 101 1140 renit
122 1077 244 1151 venitm,
265 1077 323 1138 iam
346 1076 465 1146 evanuit
485 1077 587 1156 ligura,
610 1095 673 1138 nec
687 1075 762 1155 lapis
785 1093 877 1156 super
896 1075 1024 1156 lapidem
1046 1082 1210 1146 secrmdum

20 1179 170 1242 minicam
191 1197 294 1240 vocem
315 1179 347 1240 in
369 1197 405 1240 eo
427 1178 544 1252 mansit,
568 1178 618 1257 qui
641 1196 702 1238 non
715 1177 813 1240 ,inerit
834 1195 969 1240 eversus.
1005 1178 1067 1240 Nec
1080 1199 1151 1243 vero
1166 1185 1210 1246 illi

20 1281 143 1360 emplum
171 1299 209 1342 ex
236 1279 383 1360 lapidibus
405 1279 589 1342 aedifreatum
611 1287 785 1341 contuentes
798 1279 907 1358 ipsum
930 1278 1017 1341 edam
1040 1279 1212 1358 Dominum,

21 1383 32 1442 i
65 1381 98 1442 iu
127 1400 165 1443 ec
185 1381 377 1461 loquebatur,
406 1400 470 1443 rem
492 1389 621 1443 creatam
643 1373 785 1460 putabant
808 1399 892 1455 esse,
926 1398 1022 1460 neque
1055 1381 1210 1464 Templum

20 1483 185 1562 spicientes
218 1482 323 1564 procul
352 1482 421 1548 inde
450 1482 600 1545 adoraturi
629 1481 824 1554 recedebant,
857 1481 910 1544 sed
934 1481 964 1543 iu
987 1481 1056 1545 illud
1078 1485 1210 1566 ingressi

20 1603 43 1642 ro
68 1584 189 1646 oracula
211 1603 227 1646 ι
250 1583 374 1664 Templo
397 1585 495 1648 edenti
517 1583 776 1646 riteserviebant.
822 1583 904 1656 Quae
927 1601 994 1645 cum
1015 1584 1056 1648 ita
1077 1587 1148 1662 sint,
1172 1607 1210 1650 au

20 1703 44 1746 »u
79 1685 198 1748 adorari
231 1685 353 1766 dignum
387 1695 432 1748 est
459 1685 683 1748 sanctissimum
711 1703 840 1763 vereque
869 1685 1069 1748 venerandum
1089 1687 1209 1752 Domini

20 1805 110 1866 rpus,
134 1787 214 1867 quod
237 1787 355 1866 quidem
378 1786 414 1850 ab
436 1787 618 1866 Archangolo
642 1786 778 1848 Gabriele
800 1785 1025 1859 annunciatum,
1054 1805 1072 1848 a
1095 1788 1208 1870 Spiritu
1217 1807 1295 1853 rnre.

20 1896 85 1949 uoto
113 1889 274 1950 formatum
301 1907 336 1950 ao
356 1887 445 1950 Verbi
472 1889 582 1950 lactum
613 1897 660 1949 est
681 1883 912 1950 indumentum?
955 1885 1051 1949 lluius
1073 1891 1210 1970 corporis

20 1989 109 2052 rbum
132 2007 223 2052 manu
245 1996 363 2052 extenta
384 1987 539 2050 mulierem
562 1988 635 2050 iebri
660 1989 844 2050 laborantem
866 1988 990 2060 sanarit,
1013 1997 1044 2051 ιι
1063 2009 1136 2054 voce
1151 1993 1209 2056 bu·

20 2109 67 2152 ina
90 2091 203 2154 emissa
223 2091 369 2152 Lazarum
391 2090 541 2150 revocarit
563 2089 599 2152 ad
621 2090 721 2163 vitam,
744 2090 882 2168 idemque
905 2083 1164 2164 manibus'rursus
1178 2094 1210 2156 in

20 2211 69 2252 ιιι
97 2191 232 2254 extensis
260 2190 424 2269 prinoipem
446 2190 603 2268 potestatis
626 2189 722 2262 aeris,
752 2190 803 2268 qui
825 2206 905 2250 nunc
927 2195 1067 2267 operatur
1090 2191 1120 2252 in
1142 2193 1209 2258 liliis

20 2266 173 2367 libentiae,
195 2290 368 2369 prostravit,
390 2307 553 2369 puramque
576 2289 612 2350 ad
634 2290 731 2354 caelus
754 2288 842 2350 uobis
863 2287 939 2357 viam
961 2289 1083 2366 pararit.
1174 2343 1179 2350 .

70 2799 99 2860 8.
144 2797 335 2876 Quapropter
357 2797 407 2876 qui
429 2795 593 2858 contemnit
615 2795 765 2874 templum,
788 2795 958 2868 Dominum,
981 2796 1031 2874 qui
1054 2795 1209 2880 intemplo

23 2904 43 2968 t,
67 2898 237 2970 contemnit,
261 2897 361 2976 etqui
382 2895 515 2957 Verbum·
534 2895 638 2957 dividit
659 2915 675 2957 a
698 2899 834 2978 corpore,
857 2897 978 2976 gratiam
994 2897 1081 2959 nobis
1096 2898 1209 2978 inipso

20 3004 87 3056 ιιιιιι
115 2979 222 3058 reiicit.
265 2997 327 3058 Nec
355 3015 424 3058 vero
447 2997 617 3077 impiissimi
639 2997 757 3071 Ariani,
787 3017 823 3060 eo
846 2998 924 3078 quod
948 3006 1077 3059 creatum
1100 3016 1209 3078 corpus

20 3103 46 3171 ι,
68 3096 196 3160 Verbum
222 3117 341 3178 quoque
364 3105 493 3160 creatum
516 3117 583 3160 esse
605 3098 715 3160 debent
737 3099 924 3172 existimare,
948 3115 1003 3160 nec
1024 3098 1111 3174 item,
1140 3100 1208 3180 quia
1291 3145 1302 3164 .

20 3207 117 3262 ’catum
143 3217 205 3261 non
234 3208 281 3260 est
302 3199 446 3274 Verbum,
475 3199 513 3264 de
542 3199 607 3261 eius
635 3219 761 3280 corpore
783 3199 939 3262 detrahere
960 3198 1018 3261 sibi
1038 3198 1128 3262 licere
1150 3221 1208 3282 pu·

20 3309 60 3362 ut.
103 3301 253 3381 Siquidem
275 3301 405 3382 permira
427 3309 472 3364 est
482 3301 601 3374 mentis
624 3299 741 3382 illorum
761 3301 958 3381 perversitas,
982 3299 1039 3379 qua
1059 3308 1090 3362 et
1109 3303 1208 3365 omnia

20 3401 167 3490 inturbant
185 3404 435 3482 permiscentque,
460 3411 490 3464 et
511 3421 616 3465 causas
638 3397 818 3482 excogitant,
842 3420 900 3481 quo
924 3401 1021 3462 solum
1044 3409 1208 3466 creatorem

23 3511 65 3564 ιιι
91 3522 140 3565 ιιι
168 3513 280 3567 creatas
307 3504 425 3585 possint
451 3503 607 3566 collocare.
657 3504 766 3565 Verum
794 3501 914 3564 audiant
936 3521 1010 3581 quae
1032 3521 1136 3567 sumus
1160 3503 1207 3566 di-

20 3605 85 3664 turi:
113 3603 144 3665 Si
163 3605 293 3668 Verbum
320 3624 370 3667 res
394 3613 491 3668 creata
513 3613 612 3680 esset,
636 3613 764 3668 creatum
787 3622 848 3666 nou
871 3603 1067 3666 assumsisset
1087 3622 1207 3684 corpus,

22 3713 32 3765 ι
60 3705 101 3766 illi
132 3705 218 3768 vitam
245 3706 421 3786 impertiret.
465 3705 576 3786 Ecquid
606 3707 686 3770 euim
713 3705 812 3768 auxilii
835 3725 885 3768 res
908 3715 1005 3768 creata
1026 3703 1070 3766 rei
1093 3711 1208 3768 creatae

20 3825 70 3868 ιιι
91 3807 193 3886 possit,
217 3808 370 3888 cumipse
392 3807 485 3870 salute
507 3807 664 3888 indigenti
708 3808 768 3870 Sed
790 3808 858 3888 quia
873 3807 1011 3882 Verbum,
1034 3825 1100 3868 cum
1122 3825 1207 3870 crea-

20 3959 48 4007 ιιι
65 3952 111 4011 τὰς
127 3953 155 4008 δὲ
167 3959 269 4026 χεῖρας.
304 3961 364 4011 Item
388 3961 487 4040 Seguer.
511 3961 569 4012 ibid.
656 3962 673 4012 l.
692 3961 756 4012 llaec
773 3961 844 4010 rerba
862 3975 938 4025 usqne
955 3960 985 4010 od
998 3951 1149 4020 denarium
1164 3955 1209 4008 do·

20 4020 184 4076 betiniaci
201 4027 322 4095 σταυροῦ
340 4019 571 4094 τινμενᾶρχον-
622 4026 694 4094 νιθῇ
718 4031 821 4080 citantur
843 4044 855 4076 a
880 4028 1032 4078 theodoreto
1061 4028 1160 4089 Dialogo
1179 4029 1208 4078 ll.

20 4107 37 4148 l,
56 4104 78 4142 ιι
96 4111 146 4145 mox
163 4095 223 4148 idem
243 4105 266 4146 et
285 4096 357 4146 basil.
375 4097 569 4158 cum‘bnglr'cano
622 4091 659 4161 [p.
677 4092 741 4162 92.],
758 4097 801 4146 sed
820 4095 882 4146 velut
900 4109 929 4145 ex
945 4095 1052 4159 Epistola
1071 4097 1100 4146 ad
1113 4091 1209 4157 Epicte'-
1307 4155 1312 4163 ,

20 4157 44 4218 'p
60 4155 87 4210 di
104 4155 167 4211 eutr
184 4174 227 4216 etr.
263 4165 307 4214 dlii
330 4178 387 4214 vero
406 4171 429 4213 ιι
446 4163 502 4212 editi
521 4161 570 4212 τοῦ
622 4172 689 4226 tum,
709 4165 753 4214 nisi
773 4165 834 4213 sorte
853 4177 896 4227 pro
915 4153 943 4211 ἐκ
959 4161 1008 4222 τῆς
1025 4153 1109 4222 critic
1126 4161 1209 4221 legen·

20 4224 84 4292 pir
100 4235 219 4292 omittunt,
244 4240 270 4282 ut
294 4240 317 4281 et
335 4231 407 4282 Basil.
426 4239 450 4282 ιι
466 4231 568 4294 buglis,
621 4231 678 4281 dum
697 4233 729 4281 sit
745 4223 774 4286 ἐξ
790 4222 869 4290 ἄλλης
886 4222 1036 4290 ἐπιπολῆς,
1057 4237 1082 4278 ut
1100 4229 1210 4304 obsecrost

20 4296 126 4361 memque
142 4293 186 4348 καὶ
201 4294 252 4362 τὴν
269 4292 343 4348 ὀδόν.
620 4299 804 4349 l’elclunsnnus.
841 4299 899 4348 ibid.
923 4298 1045 4348 lbeodor.
1061 4289 1210 4361 προιειαμ-

32 4376 51 4434 ι.
69 4363 106 4413 Sic
122 4367 214 4430 Seguor.
250 4368 296 4418 lilii
323 4375 347 4418 ιι
373 4369 430 4420 editi
452 4368 525 4418 artic.
552 4360 567 4415 ὁ
619 4367 703 4428 floran
720 4357 763 4414 ἄν.
800 4367 828 4416 Ει
847 4381 902 4416 mox
921 4363 1001 4414 τοῦτο
1021 4359 1148 4442 ζωοξιοιῇ.

20 4435 110 4480 mittunt.
654 4449 676 4496 g.
697 4433 769 4484 ssusii.
788 4442 811 4483 et
828 4433 920 4496 Anglic,
938 4427 1047 4490 κτίστης
1065 4445 1105 4490 ην.
