3102 5042
523 257 630 302 onnrro
648 257 684 300 rr.
702 258 816 302 aonam
833 259 967 305 asianos.
1269 243 1333 310 629

14 443 19 454 ·
104 417 168 480 Deo
192 433 253 494 non
277 419 377 484 esset,
401 410 479 474 baad
501 409 650 472 immerito
672 409 770 490 ipsum
785 401 891 472 Filium
914 429 981 474 εεεε
1003 417 1154 491 negarent
1197 415 1236 476 tt
1255 415 1282 476 si
1297 426 1421 478 exeant.

103 517 168 580 Deo
190 525 252 588 εει,
275 532 329 577 our
350 530 411 574 non
433 510 640 592 perspiciunt,·
657 511 703 586 id,
732 511 810 591 quod
835 511 990 592 exaliqua
1013 511 1128 586 existit,
1156 513 1247 576 tilium
1269 516 1333 580 eius

103 639 193 692 esse,
222 636 259 679 ex
280 633 339 695 quo
362 612 432 676 esti
476 612 589 674 Deinde
616 613 642 674 si
665 612 751 674 Verbi
775 601 854 675 Deus
876 620 962 694 pater
990 621 1052 686 eat,
1082 612 1185 694 quidni
1205 613 1334 678 Verbum

102 721 154 783 sui
176 717 270 802 patris
294 717 371 779 tilius
393 713 505 778 tuerit?
528 715 676 795 siquidem
695 726 777 794 pater
791 715 840 777 iiie
856 723 902 778 εει
917 723 947 777 ει
968 715 1075 778 dieitur
1097 715 1174 788 eius,
1196 716 1247 796 qai
1262 735 1336 779 suus

104 833 156 884 εει
178 821 266 892 fliius,
288 827 318 881 et
340 815 476 880 similitor
498 815 574 878 iilius
597 817 645 877 ilie
668 825 713 878 εει
735 825 764 878 ει
781 813 894 880 'dieitur
917 817 991 890 eius,
1014 818 1066 898 qui
1088 835 1161 879 suus
1180 825 1229 880 est
1241 827 1337 898 pater.

107 927 301 1003 Quapropter
328 921 355 982 si
376 919 457 980 Deus
485 937 546 980 non
575 926 621 980 εει
649 917 759 980 Christi
787 927 885 998 pater,
919 937 975 982 neo
996 919 1123 983 Verbum
1157 919 1236 982 titius
1270 939 1340 983 esse

107 1032 221 1105 potest.
264 1022 322 1085 Sed
345 1023 372 1083 si
394 1030 478 1101 pater
500 1029 547 1082 εει
568 1019 663 1094 Deus,
691 1039 760 1082 vere
789 1029 818 1084 ει
838 1020 967 1083 Verbum
996 1021 1072 1084 iilius
1100 1029 1157 1084 est
1202 1022 1339 1096 Quodsi

108 1135 216 1208 postea
236 1133 321 1206 pater
342 1143 409 1186 εεεε
431 1123 555 1196 dicatur,
577 1142 643 1185 eam
665 1122 792 1202 primum
808 1123 886 1186 Deua
909 1132 1000 1198 esset,
1023 1125 1096 1186 baea
1109 1123 1175 1203 ipsa
1190 1133 1238 1186 εει
1251 1123 1339 1188 Aria·

108 1247 217 1291 aarum
239 1227 383 1290 doctrina.
428 1225 487 1287 Sed
509 1233 662 1304 praeterea
690 1223 862 1287 absurdum'
880 1233 926 1288 εει
946 1225 1040 1288 Deum
1063 1226 1185 1302 mutari,
1215 1244 1285 1288 nam
1306 1227 1338 1289 id

110 1349 291 1411 corporeum
319 1337 374 1389 εει.
429 1326 462 1388 Si
483 1344 554 1388 vero
583 1327 799 1408 respondeant,
833 1336 946 1408 patrem
969 1327 1035 1390 Filii
1057 1329 1271 1403 iaetumesse,
1294 1329 1339 1391 uti

110 1441 216 1512 postea
237 1450 336 1494 rerum
359 1439 521 1492 creatarum
543 1429 637 1490 iaetus
660 1436 706 1491 εει
728 1429 845 1509 opifex,
878 1429 955 1492 seire
984 1447 1093 1510 operae
1120 1429 1248 1522 pretium
1282 1437 1338 1505 εει,

114 1532 302 1597 mutationem
327 1550 387 1595 non
410 1531 447 1592 ad
468 1530 577 1604 Deum,
613 1531 665 1592 sed
694 1531 730 1592 ad
758 1550 808 1605 ea,
842 1550 916 1611 quae
937 1540 1041 1612 posteo
1064 1532 1155 1605 bont,
1177 1531 1338 1613 pertinere.

203 1637 248 1700 16.
293 1635 482 1714 Quapropter
510 1632 536 1693 si
557 1632 649 1694 Filius
680 1641 761 1696 εεεει
788 1652 880 1713 opas,
913 1643 993 1697 reeta
1020 1653 1137 1714 quoque
1165 1633 1254 1698 Pater
1274 1635 1338 1698 eius

110 1745 216 1818 postea
243 1733 432 1799 eiiieeretur.'
464 1733 523 1796 Sed
552 1735 578 1796 si
600 1733 691 1798 Fatus
718 1755 778 1798 non
808 1745 855 1798 est
877 1755 970 1816 opus,
1000 1755 1120 1816 semper
1147 1755 1218 1816 ergo
1241 1736 1338 1808 Pater,

106 1858 230 1919 semper
252 1847 282 1900 et
304 1839 396 1900 Vilius
419 1845 474 1900 εει.
519 1835 552 1898 Si
573 1855 664 1916 porro
688 1857 805 1917 semper
828 1848 877 1900 εει
898 1838 1006 1913 Filius,
1034 1839 1133 1919 ipsum
1157 1857 1230 1900 sane
1251 1839 1341 1901 faerit

107 1943 252 2004 Verbum.
295 1940 359 2001 Nisi
382 1937 461 2002 enirn
476 1937 603 2000 Verbum
621 1939 711 2001 Filius
734 1941 831 2012 tuerit,
856 1941 905 2020 qui
928 1941 957 2002 id
978 1941 1099 2003 audebit
1113 1959 1231 2020 negare,
1254 1943 1339 2004 interi

105 2063 178 2108 eum
202 2061 326 2105 neeesse
349 2049 405 2114 εει,
429 2039 474 2102 rei
488 2039 617 2102 Verbum
632 2041 748 2102 Patrem
768 2061 847 2114 esse,
870 2042 917 2103 vel
931 2042 1036 2104 Filium
1052 2041 1150 2104 Verbo
1166 2059 1235 2102 esse
1249 2061 1338 2120 prae-

105 2145 294 2210 stantiorem.
338 2141 411 2204 Nam
435 2161 502 2204 oum
524 2141 614 2202 Filius
639 2141 679 2201 sit
700 2141 730 2204 in
753 2141 820 2203 sinu
844 2143 950 2216 Patris,
978 2161 1101 2206 neeesse
1124 2149 1172 2202 εει
1192 2141 1239 2202 vel
1260 2143 1336 2204 Ver-

105 2251 179 2311 bum
202 2255 270 2309 ante
293 2244 397 2307 Filium
420 2262 482 2305 non
504 2261 581 2317 esse,
606 2241 678 2303 nibil
701 2242 779 2303 enirn
802 2251 935 2304 estante
958 2261 1036 2316 eum,
1059 2242 1109 2321 qui
1133 2241 1162 2302 in
1178 2241 1265 2303 Patre
1281 2247 1337 2313 est,

21 2370 24 2377 ⁴
51 2415 54 2422 ,
107 2350 155 2412 rel
178 2349 205 2410 ei
226 2345 355 2408 Verbum
378 2345 455 2408 aliud
483 2351 530 2406 εει
551 2352 668 2424 praeter
689 2319 810 2416 biliam,
841 2343 976 2423 sequitur
1001 2353 1035 2405 ut
1055 2341 1183 2404 Verbum
1213 2341 1252 2404 sit
1271 2341 1338 2422 ipse

107 2451 215 2522 Pater,
248 2447 279 2507 in
301 2465 361 2526 quo
384 2457 430 2510 est
449 2447 554 2508 Filius.
600 2445 686 2520 Quod
709 2447 735 2507 si
758 2445 885 2508 Verbum
908 2464 969 2506 non
992 2453 1040 2507 εει
1061 2444 1162 2516 Pater,
1187 2443 1240 2516 aed
1262 2443 1336 2504 Ver·
1371 2463 1374 2478 ·

110 2551 195 2623 bum,
219 2546 308 2626 igitur
328 2546 455 2610 Verbum
477 2557 523 2610 est
545 2556 626 2609 extra
647 2547 775 2620 Patrem,
802 2547 998 2628 quippenam
1013 2547 1112 2612 xFilius
1136 2546 1166 2609 ia
1188 2546 1257 2609 sinu
1279 2545 1338 2606 Pa-

109 2651 168 2714 tris
191 2651 240 2712 sit.
285 2649 346 2712 Neo
374 2651 452 2712 enim
481 2649 583 2723 ambo,
614 2667 720 2730 nempe
743 2649 869 2712 Verbum
898 2658 929 2712 et
951 2648 1060 2724 Filias,
1092 2651 1123 2711 in
1150 2649 1220 2711 sinu
1240 2646 1338 2709 Patris

108 2761 191 2828 sunt,
215 2752 269 2814 sed
291 2771 382 2814 unum
406 2771 474 2814 εεεε
490 2761 608 2832 oportet
629 2771 754 2831 eumque
776 2751 893 2826 Vitium,
916 2753 965 2832 qui
982 2763 1027 2814 est
1042 2751 1223 2832 unigenitus.
1257 2750 1347 2811 Rur-·

109 2875 163 2918 sus
185 2855 211 2918 si
234 2855 313 2916 atiud
336 2863 382 2916 εει
402 2853 530 2917 Verbum
555 2862 584 2916 et
605 2854 680 2916 atius
701 2853 803 2928 Filius,
826 2855 916 2917 Filias
933 2855 1029 2917 Verbo
1050 2853 1250 2934 praestantior
1271 2849 1338 2912 erit.

114 2955 206 3018 Nemo
234 2957 311 3018 eninr
340 2957 456 3018 Patrem
485 2955 637 3035 cognoscit
663 2955 723 3016 nisi
753 2955 865 3030 Filius,
892 2975 952 3018 non
982 2953 1241 3019 autem·Verbum.
1284 2950 1338 3012 Vei

117 3055 204 3134 igitar
224 3057 339 3120 Patrem
361 3077 422 3119 non
445 3059 527 3119 novit
541 3057 679 3130 Verbum,
703 3057 746 3118 uel
769 3057 794 3118 si
818 3059 907 3132 novit,
930 3057 1003 3120 false
1018 3059 1123 3120 dicitur
1137 3075 1224 3118 nemo
1240 3055 1336 3115 novit.

117 3157 203 3231 Qbod
225 3145 300 3222 idem
324 3159 488 3238 urgendum
511 3167 558 3221 εει
580 3160 616 3220 de
638 3159 719 3220 hisee
733 3159 847 3222 verbis:
874 3161 936 3233 Qan'
949 3162 1024 3222 vidit
1038 3135 1092 3230 n‘ae,
1115 3159 1189 3220 vidit
1204 3157 1422 3229 Patremon.

113 3270 143 3322 et
169 3261 231 3342 Epo
260 3274 288 3324 et
312 3261 403 3324 Pater
430 3281 525 3323 annm
546 3281 661 3324 eamne.
711 3259 843 3340 Namque
871 3262 926 3322 bae
954 3279 1041 3323 voees
1063 3257 1129 3321 Filii
1158 3265 1246 3330 sunt,
1274 3273 1337 3316 non

111 3364 211 3438 Verbi,
234 3373 267 3426 ut
288 3371 393 3444 putant
413 3363 464 3436 iiii,
486 3363 575 3444 idque
591 3383 626 3424 ex
641 3363 805 3442 Evangeliis
829 3361 986 3424 dilucidum
1010 3369 1065 3424 εει.
1109 3353 1183 3422 Nam
1197 3357 1337 3429 domino,

110 3474 143 3528 ut
165 3451 268 3528 namet
287 3464 430 3536 Ioannes,
460 3465 589 3527 dicente:
625 3465 685 3545 Epo
709 3475 738 3527 et
758 3465 851 3528 Pater
878 3484 973 3526 annm
994 3482 1114 3536 eamne,
1144 3459 1340 3525 onetnlernnt

108 3568 228 3650 lapideo
251 3567 365 3638 indaei,
387 3576 422 3629 nt
437 3565 610 3648 lapidarent
628 3585 704 3630 enm.
748 3565 915 3648 Respondit
936 3570 978 3660 eie
995 3566 1100 3630 leona:
1125 3561 1222 3626 Malta
1245 3577 1340 3642 opera

109 3671 193 3731 bona
216 3670 336 3730 ostendi
355 3669 437 3731 nobis
461 3687 500 3731 en
521 3667 622 3740 Patre,
641 3679 773 3750 propter
794 3670 873 3750 qnod
888 3663 992 3731 eordan
1015 3685 1089 3747 opas
1104 3685 1149 3728 nae
1162 3659 1340 3743 -iapa‘datisi'

108 3770 346 3852 Responderunt
374 3773 403 3832 ει·
428 3769 549 3832 Iudaei:
580 3769 624 3832 De
654 3771 732 3833 bono
759 3789 849 3852 opere
877 3789 939 3834 non
967 3769 1137 3850 lapidamus
1160 3775 1202 3838 te,
1232 3764 1284 3826 sed
1305 3763 1340 3824 de

108 3871 308 3954 blasphemia,
326 3879 360 3934 'et
382 3876 452 3954 pna'a
475 3883 507 3934 tn
530 3873 615 3934 bomo
641 3853 706 3934 otim
727 3877 770 3934 ειε
791 3875 869 3952 sacis
891 3885 920 3935 te
944 3876 1043 3952 ipsane
1056 3869 1164 3931 Deam.
1201 3865 1341 3946 Respon-

144 4027 161 4076 i.
184 4023 256 4074 Basii.
275 4033 299 4073 ει
315 4023 414 4106 tagiie.¹
425 4017 478 4104 arpi
497 4023 546 4072 roei
563 4017 630 4074 υἱοῦ.
787 4025 869 4102 εκιξιε
887 4025 942 4086 Rea.
961 4025 1058 4102 Segnior.
1078 4021 1161 4102 Rapit..
1177 4029 1201 4071 et
1218 4023 1340 4087 Angiiean.

144 4109 167 4154 g.
190 4093 246 4153 tieg.
261 4093 476 4154 elmanensem
489 4096 608 4142 omittunt.
628 4093 702 4142 didoni
754 4093 780 4141 in
800 4093 852 4141 obn
872 4099 895 4141 et
913 4093 982 4142 editis
1002 4093 1069 4140 deest
1087 4105 1186 4138 αυτειν.

113 4161 202 4215 ibidem
222 4167 245 4209 et
262 4161 334 4210 basii.
353 4168 377 4210 ει
394 4163 461 4220 tagi.
479 4154 525 4208 ani
543 4153 620 4212 ἄλλος
637 4153 701 4212 uida.
789 4161 809 4208 ir.
829 4161 868 4209 Sia
887 4161 942 4222 Reg.
960 4170 983 4210 et
1001 4161 1099 4222 Seguer.
1138 4163 1165 4210 nt
1184 4159 1222 4208 eiii
1242 4166 1266 4208 et
1283 4157 1341 4208 editi

146 4229 168 4278 b.
189 4229 363 4290 Reaseaner.
384 4228 703 4292 basit.itnglican.oddant
753 4222 800 4274 καί
821 4229 939 4278 omittant.
985 4229 1051 4287 Quae
1080 4227 1168 4277 ibidem
1197 4235 1339 4290 aequantur,

111 4289 322 4414 tinient
336 4288 701 4426 'ntatt‘nntnn
754 4297 935 4426 innan
948 4293 1339 4422 transennam

116 4424 491 4495 nngttctfldarooov,tiaooe.
520 4433 598 4482 Ceteri
614 4441 637 4483 ot
650 4433 705 4482 editi
754 4418 827 4478 eina.
865 4431 943 4481 Ceteri
959 4440 982 4480 et
999 4431 1056 4481 editi
1073 4431 1109 4479 aie
1126 4429 1227 4478 babent:
1246 4417 1289 4473 ὅτι
1306 4419 1341 4473 σὺ

115 4489 271 4560 ἐβάστασεν
287 4494 342 4564 γὰρ
360 4496 462 4552 λίθους.
758 4489 904 4566 ἅνθρωπος
916 4491 964 4556 ὢν,
977 4497 1064 4551 ποιεῖς
1074 4489 1189 4545 σεαυτὸν
1197 4486 1270 4546 θεόν.
1294 4488 1342 4544 καὶ
