2872 5046
410 201 556 246 surmont
570 203 606 246 uo
623 203 803 248 rrrcrarnu.
1146 195 1207 259 839

5 354 85 417 :tori
109 360 282 433 exaequant,
306 358 337 412 et
358 349 540 414 arbitrantur
560 371 653 433 posse
668 353 811 416 Deitatcm
827 359 1028 420 accessionem
1045 360 1294 434 admittere,r.oos

6 463 178 536 rotantque
206 470 269 515 non
290 459 415 532 propter
436 462 630 532 'augmentum
654 454 777 518 Deitatis
799 457 929 520 Verbum
957 478 1074 523 carnem
1102 463 1210 524 iactum

5 579 59 632 se,
82 557 136 619 sed
157 565 282 618 ut'caro
305 563 486 634 resurgeret,
509 573 606 634 neque
627 563 661 618 ut
681 559 879 636 praestantius
894 561 1069 624 redderetur
1083 562 1210 624 Verbum

34 641 130 720 Maria
151 655 311 736 prodiisse,
338 655 390 716 sed
414 663 449 718 ut
469 655 629 734 humanum
651 675 745 736 genus
766 659 935 724 redimeret.
980 662 1039 724 Cur
1061 680 1132 742 ergo
1156 681 1209 725 cx·
1311 661 1313 666 ’

6 757 124 832 imant,
147 775 257 836 corpus
279 777 296 818 a
318 755 415 833 Verbo
437 757 602 820 redemtum
625 765 656 819 et
676 759 852 824 vivificatum
873 761 1147 830 Verboriridcanti
1173 766 1210 826 ad

6 859 125 920 ritatem
152 858 366 920 incrementum
399 857 518 938 aliquod
546 857 678 921 addere?
721 859 794 922 Nam
816 863 917 940 potius
938 863 1067 926 hnmano
1090 866 1209 945 corpori

32 959 126 1022 Verbi
155 959 364 1025 communione
394 967 424 1020 et
451 958 659 1022 coniunctione
688 961 896 1046 ingensuiacta
924 965 1140 1042 estaccessio,
1174 985 1211 1030 cx

6 1061 100 1122 ortali
122 1061 201 1122 enim
224 1045 338 1122 laetum
355 1069 402 1122 est
422 1056 600 1135 immortale,
624 1070 743 1124 etcum
765 1062 891 1125 animale
913 1071 1010 1137 esset,
1033 1066 1140 1128 iactum
1163 1075 1211 1128 est

10 1161 152 1237 irituale,
180 1181 305 1242 cumque
328 1165 594 1224 exterminatum
618 1171 715 1236 essct,
746 1163 890 1226 caelestes
911 1172 1014 1244 portas
1037 1167 1211 1244 penetravit.

5 1282 77 1324 erro
101 1262 230 1324 Trinitas
253 1261 341 1324 etiam
362 1261 460 1324 Verbo
484 1283 519 1324 ex
541 1263 631 1326 biario
654 1281 764 1343 corpus
789 1271 925 1326 sumente
940 1264 1071 1326 Trinitas
1093 1283 1213 1346 semper

8 1373 39 1436 t,
73 1381 170 1442 neque
198 1363 401 1426 accessionem
423 1361 582 1426 admittens
603 1382 700 1443 neque
722 1365 966 1440 diminutionem,
1000 1366 1054 1427 sed
1081 1345 1213 1446 perlecta

9 1483 107 1544 mper,
121 1472 187 1538 est,
215 1473 246 1526 et
271 1465 302 1526 in
325 1465 469 1528 Trinitate
498 1483 557 1526 una
578 1465 677 1526 Deitas
700 1465 886 1544 agnoscitur,
918 1464 947 1528 et
968 1465 1012 1526 sic
1033 1485 1110 1528 nnus
1132 1466 1212 1528 Deus

4 1565 70 1627 arbi
92 1565 180 1626 Pater
201 1565 232 1626 in
253 1564 385 1627 Ecclesia
407 1564 606 1644 praedicatur.
714 1617 722 1628 ,

69 1769 120 1830 10.
163 1765 275 1828 Eadem
297 1773 395 1827 autem
410 1767 535 1829 ratione
557 1766 578 1827 ii
600 1783 718 1846 quoquc
741 1766 799 1828 iam
821 1767 960 1842 silebunt,
984 1768 1035 1848 qui
1049 1769 1207 1850 aliquando

4 1887 99 1942 xere,
133 1885 217 1942 eum,
251 1867 300 1946 qui
323 1885 366 1940 ‚ex
386 1867 478 1928 llario
499 1866 626 1946 prodiit,
657 1886 714 1930 nec
736 1866 886 1931 Christum
908 1887 965 1930 nec
984 1869 1145 1933 Dominum
1166 1872 1211 1934 vel

4 1987 74 2030 eum
99 1985 179 2030 esse.
224 1967 256 2028 Si
279 1967 357 2028 enim
379 1966 460 2027 lleus
482 1968 514 2028 iu
537 1986 663 2047 corpore
684 1986 746 2030 non
769 1977 841 2042 erat,
865 1970 1015 2048 quomodo
1039 1973 1140 2032 statim
1161 1980 1209 2033 at-

4 2090 33 2132 rc
59 2087 99 2132 ex
120 2069 211 2156 biario
232 2068 345 2149 prodiit
367 2075 488 2129 vocatus
511 2080 559 2128 est
579 2068 774 2141 Emmanuel,
805 2071 884 2150 guod
906 2080 952 2133 eat
973 2075 1211 2150 interpretatum

4 2173 138 2234 ›dr‘soum
159 2167 268 2232 ileos?
324 2167 383 2228 Cur
416 2167 487 2228 item
509 2167 635 2240 Paulus,
665 2167 692 2228 si
715 2167 842 2229 Verbum
871 2169 901 2229 iu
931 2187 1020 2229 earne
1047 2187 1108 2230 non
1137 2179 1210 2244 erat,

4 2270 126 2332 omanis
150 2251 285 2348 scripsit:
308 2267 357 2328 lice
378 2267 486 2348 quibes
509 2276 556 2360 est
578 2267 721 2352 ¹Cirrlstcs
744 2259 908 2330 sanandum
930 2285 1068 2341 carnem,
1092 2273 1146 2351 gua·
1166 2279 1212 2332 est

4 2391 75 2452 oper
107 2371 206 2430 omnic
228 2367 311 2429 Deus
342 2367 512 2430 benedictus
542 2370 574 2428 in
601 2367 737 2438 soeculo,
771 2364 884 2430 omen?
920 2367 1130 2449 vQuapropter
1160 2369 1212 2450 qui

4 2474 65 2533 ius
91 2468 246 2548 negabant,
270 2485 349 2544 eum,
372 2465 422 2549 qui
444 2467 602 2530 crucifixus
624 2477 687 2542 est,
711 2485 780 2530 esse
803 2468 915 2543 ileum,
938 2487 972 2530 se
995 2487 1113 2532 errasse
1134 2472 1210 2533 late-

4 2581 88 2644 rtur,
112 2588 146 2632 ae
166 2568 274 2631 divinis
297 2568 437 2630 omnibus
462 2567 624 2648 scripturis
646 2569 735 2631 tidem
757 2568 899 2646 habeant,
923 2569 1055 2632 Thomas
1077 2572 1205 2651 potissi-

4 2692 82 2746 nm,
115 2671 165 2752 qui
198 2689 263 2735 curn
297 2671 328 2732 in
355 2670 407 2733 illo
435 2670 586 2732 clarorum
616 2670 739 2750 vestigia
769 2650 995 2752 conspexisset,
1022 2671 1209 2734 exclamarit:

4 2779 133 2837 ‘ominus
161 2792 246 2836 mena
268 2785 297 2835 et
318 2772 401 2834 Deua
422 2791 518 2834 mena.
562 2771 655 2856 Filius
678 2772 758 2833 enim
778 2772 858 2834 Deus
881 2780 912 2832 et
931 2771 1077 2833 Dominus
1100 2757 1211 2850 gloriae

4 2893 47 2935 rm
74 2879 171 2946 esset,
202 2881 266 2934 erat
286 2882 385 2934 tamen
406 2873 438 2934 in
461 2889 588 2952 corpore
609 2873 811 2954 ignominiose
833 2871 920 2934 claris
942 2873 1029 2934 affixo
1053 2880 1082 2934 et
1104 2879 1212 2934 contu·

4 2972 82 3034 teliis
111 2973 229 3034 allecto.
274 2973 517 3054 Corpus'autem
546 2973 577 3034 io
599 2973 680 3053 ligno
703 2973 822 3053 quidem
843 2972 1016 3034 vulneribus
1038 2973 1212 3034 confossum

4 3073 169 3147 otiabatur,
199 3083 229 3134 et
259 3073 296 3136 ab
325 3075 389 3136 eius
418 3073 510 3136 latere
533 3074 657 3152 ‚sanguis
680 3083 710 3136 et
730 3092 805 3153 aqna
827 3072 975 3134 manabat
1019 3073 1092 3134 Cum
1114 3079 1212 3134 autem

8 3176 37 3238 ei
63 3173 220 3256 Templum
242 3186 333 3252 esset,
355 3173 470 3238 Deitato
492 3174 638 3254 repletum
660 3182 731 3236 erat.
777 3173 921 3246 Quocirca
938 3172 985 3233 soi
999 3173 1128 3252 quiderm
1145 3189 1299 3240 carmena.

4 3283 153 3338 reatorem
175 3295 263 3338 suurn
285 3277 316 3338 in
338 3293 466 3356 corpore
489 3275 677 3338 contumeliis
700 3275 806 3336 allecto
823 3274 1000 3336 tolerantem
1016 3273 1137 3348 rideret,
1159 3291 1210 3335 ra-

4 3381 49 3440 ios
82 3378 227 3440 contraxit
255 3387 422 3460 terramque
449 3376 579 3439 tenebris
602 3375 717 3439 oiludit.
761 3376 863 3456 ipsum
886 3393 955 3436 aero
979 3392 1087 3455 eorpus
1108 3379 1213 3439 natura

4 3478 153 3542 raeditum
176 3480 295 3542 mortali
316 3497 405 3560 supra
429 3497 513 3540 suam
535 3486 670 3540 naturam
693 3485 816 3558 propter
831 3475 970 3551 Verbum,
993 3475 1072 3571 guod
1094 3474 1124 3536 in
1146 3473 1213 3556 ipso

4 3590 65 3654 rot,
96 3579 277 3654 resurrexit,
307 3589 337 3640 et
364 3577 465 3662 amisit
487 3577 605 3656 quidem
628 3579 793 3642 naturalem
815 3595 900 3640 suam
923 3574 1212 3656 corruptibilitatem,

4 3681 91 3742 rduto
114 3685 211 3740 autem
235 3678 315 3758 quod
337 3696 426 3758 supra
441 3676 594 3740 bominem
610 3687 673 3740 erat
687 3678 784 3741 Verbo
798 3675 1023 3768 incorruptibile
1037 3676 1145 3737 samum
1159 3681 1215 3736 cst

76 3783 126 3843 11.
172 3778 259 3851 Quod
280 3798 352 3841 vero
375 3779 509 3841 nonnrrili
534 3780 800 3852 comminiscuntur
822 3787 853 3840 et
874 3778 990 3854 dicunt,
1019 3775 1215 3856 quemadmo-

4 4001 44 4054 oic
62 4002 92 4048 «9.
111 3998 209 4050 Gobiar.
228 3997 332 4048 l'alelm.
350 3998 372 4047 1.
397 3998 536 4062 Segoeriac.
555 4006 579 4048 et
627 4005 701 4048 reeta.
737 3997 781 4046 1111
798 4009 815 4044 τ
868 3989 953 4052 ἄνων,
971 3991 1190 4063 πεπληρωμένος.

6 4069 118 4133 iceplror.
662 4066 680 4114 1.
705 4064 794 4114 Tbaod.
814 4079 831 4111 e
850 4065 907 4112 red.
945 4065 1010 4114 inira
1029 4057 1217 4126 segnenoort·

18 4137 42 4184 d.
71 4136 154 4184 Exstat
172 4133 211 4184 iric
230 4134 298 4183 locos
315 4133 379 4197 apud
398 4132 577 4183 theodoretum
629 4126 726 4181 mette
761 4131 821 4182 ibid.
846 4132 938 4182 Tbeod.
962 4124 1100 4180 ἕσκότασε.
1141 4128 1216 4178 Panlo

6 4202 46 4252 iai.
59 4203 100 4251 111.
121 4215 145 4265 p.
163 4201 219 4251 160.
624 4207 684 4263 post
701 4200 800 4260 Seguer.
821 4198 918 4250 Gobler.
937 4198 1041 4248 Falcim.
1052 4199 1081 4247 1.·
1092 4195 1179 4260 Epiplr.
1193 4201 1217 4242 et

18 4285 40 4319 e.
60 4269 102 4319 Sic
125 4269 212 4334 Eplpb.
236 4267 327 4318 rneoa.
347 4267 417 4319 nont.
435 4265 540 4317 Felclm.
556 4266 577 4316 l.
628 4266 718 4316 Tbeod.
737 4257 851 4325 θνητήν.
886 4257 1090 4344 Editiyavntrir.

4 4347 11 4385 t
29 4339 131 4400 Segner.
165 4329 278 4394 Editirb
296 4329 327 4383 di
345 4334 426 4402 σῶμα
438 4331 574 4383 venarer.
663 4347 684 4394 g.
702 4333 720 4382 ll
740 4334 788 4397 ipb.
809 4331 928 4402 φθορᾶς.
952 4325 1056 4395 andepo
1074 4323 1103 4376 δὲ
1119 4322 1217 4393 γέγονε

4 4405 52 4452 ntra
71 4405 172 4465 Seguer.
189 4395 341 4469 τυγχάνον,1
353 4397 576 4472 πεπληρωμένον,
622 4397 678 4458 ,τοῦ
725 4413 785 4466 γον.
