3216 5048
227 264 293 336 290
625 280 1060 327 κιττιιωιιιιτατιτειτοονι

142 446 317 517 ποιτητα,
340 421 410 494 οῦδ
434 421 489 494 ύτι
509 427 676 495 πιστεύων
699 423 873 515 εὐάρεστος
893 434 1048 516 γίγονον,Ι
1062 425 1131 498 ἀλλ’
1156 427 1210 499 ύή
1230 432 1303 514 υἱὸς
1323 428 1374 504 ἀν
1393 439 1455 504 τοῦ

224 524 389 615 ἀληθινοῦ
410 530 496 595 θεοῦ
518 527 639 608 πιστός
660 529 800 597 ἐστικαὶ
815 525 924 611 αῦτύς,
949 526 1094 620 ὀφείλων
1108 531 1336 603 πιστεύεσθαι
1348 534 1385 604 ἐν
1400 531 1456 617 οἱς

223 624 283 698 ’ἀν
304 631 380 717 λίγη
402 628 460 696 καὶ
479 633 572 718 ποιῇ,
595 625 695 709 αύτὸς
717 629 881 718 ἄτρεπτος
900 639 1009 717 μένων
1030 636 1084 700 καί
1106 633 1151 722 μή
1167 630 1403 721 ἀλλαττόμενος
1418 638 1459 706 ἐν

222 733 263 818 τῇ
286 727 487 820 ἀνθρωπίνη
508 731 681 819 οἰκονομίᾳ
701 735 756 799 καί
777 735 817 821 τῇ
840 733 986 821 ίνσάρκᾳι
1009 742 1189 823 παρουσίᾳ.

308 839 337 899 7.
387 828 502 912 Οῦτως
521 835 582 919 μὲν
605 823 662 900 οῦν
685 830 725 902 ἀν
747 859 799 913 τις
819 835 907 921 πρὸς
927 835 986 924 τήν
1010 830 1180 904 ἀναίδειαν
1203 831 1311 904 αύτιῦν
1330 841 1453 924 χωρεῖν

221 934 381 1002 ιδύναται
401 933 458 1001 καὶ
479 934 515 1002 ἐκ
533 933 637 1024 μόνης
657 938 716 1021 τής
737 934 877 1024 ἐποίησε
898 939 1017 1018 λέξεως
1039 937 1213 1024 διελέγχειν
1228 933 1350 1016 αύτούς
1363 940 1455 1007 πλα-

163 1056 168 1065 ·
221 1041 387 1120 νωμύνους
407 1038 461 1103 καί
484 1036 677 1122 νομίζοντας
698 1031 784 1104 εἶναι
798 1043 931 1126 ποίημα
943 1036 1002 1106 τὸν
1014 1042 1075 1105 τοῦ
1090 1042 1175 1107 θεοῦ
1191 1038 1299 1125 λόγον.
1333 1039 1452 1128 ἐπειδή

222 1137 276 1204 “δὲ
307 1139 360 1204 ναὶ
387 1132 407 1223 ή
437 1137 570 1204 διάνοια
590 1140 657 1204 τιῦν
679 1143 910 1224 γεγραμμένων
931 1137 1021 1206 ἐστὶν
1044 1134 1148 1227 ὀρθή,
1177 1139 1371 1210 δεικνύουσα
1392 1142 1455 1228 τήν

144 1269 151 1284 1
223 1237 363 1326 ἐποίησε
381 1239 469 1318 λέξιν
490 1237 576 1306 πότε
596 1241 650 1306 καί
672 1238 759 1326 πρὸς
780 1245 815 1306 τί
836 1241 992 1328 λεγομένη
1015 1248 1227 1329 σημαίνεται,
1251 1236 1454 1329 ’ἀναγκαῖον

136 1342 275 1413 τινικαὶ
298 1339 335 1420 ἐξ
354 1335 456 1426 αῦτής
478 1341 585 1420 δείξαι
605 1345 676 1407 τῶν
695 1341 867 1427 αἱρετικῦν
887 1340 946 1426 τήν
969 1336 1116 1427 ἀλογίαν,
1140 1342 1197 1410 ἐὰν
1218 1342 1381 1426 μάλιστα,
1406 1342 1455 1426 οἱς
1520 1376 1524 1386 ’

222 1441 257 1512 ἐν
277 1451 351 1520 τοῖς
373 1441 567 1528 ἐ’μπροσθεν
589 1441 769 1529 εἰρήκαμεν,
791 1444 846 1509 καὶ
861 1441 980 1508 τούτου
996 1442 1053 1508 τὸν
1067 1442 1182 1530 καιρὸν
1196 1443 1253 1512 καί
1266 1443 1326 1534 τήν
1338 1453 1466 1534 χρείαν

221 1543 410 1630 ’λα’βοιμεν.
437 1538 476 1610 οῦ
497 1550 609 1610 τοίνυν
630 1541 673 1610 τά
693 1541 762 1629 πρὸ
783 1545 842 1629 τῆς
862 1549 1001 1622 κτίσεως
1023 1544 1238 1630 διηγούμενος
1259 1542 1279 1613 6
1301 1541 1455 1616 ἀπόστο-

222 1646 280 1724 λος
300 1647 405 1712 ταῦτα
427 1643 552 1730 εἴρηκεν
559 1691 567 1724 ,
592 1639 661 1712 ἀλλ’
687 1640 743 1712 ύτο
765 1639 783 1709 6
805 1643 903 1730 λόγος
924 1643 1009 1732 σὰρξ
1029 1643 1173 1731 ἐγένετο·
1203 1644 1291 1714 ούτω
1312 1649 1376 1736 γὰρ
1395 1655 1452 1735 γύ-
1491 1666 1503 1684 ·

222 1767 386 1832 γραπται·
409 1741 501 1826 ὅθεν,
526 1740 683 1832 ’ἀδελφοὶ
704 1741 810 1830 ἀγιοι,
833 1744 980 1833 κλήσεως
1001 1745 1204 1833 ἐπουρανίου
1224 1753 1368 1833 μέτοχοι,
1392 1777 1454 1818 κα-

222 1845 405 1934 τανοήσατε
431 1845 489 1914 τὸν
518 1841 709 1913 ἀπόστολον
730 1848 785 1912 καὶ
808 1843 960 1933 ἀρχιερέα
981 1850 1040 1935 τῆς
1061 1843 1240 1936 ὁμολογίας
1261 1845 1354 1936 ήμῶν
1375 1846 1458 1940 ιἸη-

223 1946 456 2034 σοῦν,πιστὸν
479 1944 560 2013 ύντα
580 1949 628 2033 τῷ
650 1945 831 2032 ποιήσαντι
852 1941 991 2028 6616v¹).
1038 1947 1122 2017 πότε
1143 1939 1204 2018 οῦν
1225 1945 1405 2040 ἀπεστάλη,
1429 1947 1455 2039 ἢ

222 2043 364 2137 ὁπηνίκα
391 2047 451 2136 τήν
478 2045 639 2137 ἡμετέραν
666 2047 841 2116 ἐνεδύσατο
870 2047 994 2134 σάρκας
1027 2049 1112 2117 πότε
1141 2051 1177 2117 δὲ
1205 2048 1372 2138 ἀρχιερεύς
1392 2057 1456 2142 τῆς

221 2145 399 2238 ὁμολογίας
429 2146 522 2236 ήμιῦν
553 2154 698 2236 γέγονεν,
732 2142 753 2236 ἢ
781 2146 837 2216 ὅτε
864 2155 1082 2237 προςενέγκας
1112 2150 1228 2218 ἑαυτὸν
1249 2148 1333 2239 ύπὲρ
1355 2149 1452 2239 ήμιῦν

221 2250 348 2341 ήγειρον
377 2251 412 2319 ἐκ
441 2253 562 2337 νεκρῶν
588 2250 629 2317 τὸ
652 2253 764 2336 σῶμα,
794 2251 847 2318 καλ
870 2253 928 2317 νῦν
950 2245 1051 2330 αύτὸς
1072 2251 1150 2330 τοὺς
1170 2258 1453 2338 προςερχομένοος

221 2351 343 2422 ΙΙοεύτοῦ
364 2356 405 2442 τῇ
427 2359 542 2422 πίστει
563 2352 723 2440 προςάγει
743 2355 797 2419 καλ
820 2357 1003 2439 προςφέρει
1023 2357 1072 2440 τῷ
1094 2359 1206 2442 πατρί,
1229 2351 1447 2440 λυτρούμενος

214 2454 426 2532 πάνταςκαὶ
449 2449 534 2539 ὑπὲρ
556 2454 692 2522 πάντων
716 2453 929 2536 ἱλασκόμενος
949 2453 994 2520 τὰ
1015 2454 1101 2540 πρὸς
1122 2454 1180 2522 τὸν
1202 2455 1303 2538 θεόνς
1336 2450 1375 2520 οῦ
1390 2453 1450 2543 τὴν

223 2547 340 2620 οῦσίαν
369 2552 435 2638 ἀρα
455 2557 514 2618 τοῦ
538 2552 637 2638 λόγου
659 2547 736 2620 οῦδὲ
756 2552 816 2638 τήν
835 2552 887 2619 *ln
906 2557 966 2620 τοῦ
988 2553 1115 2638 πατρὸς
1137 2555 1279 2641 φυσικήν
1299 2561 1454 2642 γέννησιν

224 2655 370 2740 σημᾶναι
401 2652 512 2718 θέλων
545 2648 564 2717 6
596 2646 787 2732 ἀπόστολος
819 2653 927 2742 είρηκε
955 2653 1075 2722 πιστὸν
1098 2650 1177 2720 ὄντα
1197 2657 1247 2738 τῷ
1267 2654 1453 2738 ποιήσαντι

223 2749 324 2820 αῦτόν
346 2752 400 2840 (μή
423 2757 561 2838 γένοιτο,
585 2756 695 2820 ποιῶν
715 2752 778 2841 γάρ
794 2754 884 2823 ἐστιν
900 2751 918 2821 6
933 2755 1039 2842 λόγος,
1056 2749 1094 2822 ού
1109 2751 1309 2837 ποιούμενος
1322 2748 1449 2837 αύτός),

224 2849 309 2923 ἀλλά
336 2853 395 2944 τήν
424 2855 471 2935 εἰς
499 2849 704 2942 ἀνθρώπους
726 2850 826 2924 αὐτοῦ
849 2857 999 2926 κάθοδον
1020 2859 1073 2924 καὶ
1097 2851 1335 2943 ἀρχιερωσύνην
1357 2879 1456 2942 γενο-

221 2961 331 3047 μένην,
350 2955 393 3047 ’ἣν
414 2958 523 3039 καλῶς
545 2955 585 3026 ἀν
605 2981 658 3036 τις
679 2957 750 3026 ἰ’δοι
772 2958 806 3026 ἐκ
827 2962 885 3044 τῆς
906 2958 991 3026 κατὰ
1011 2958 1071 3025 τὸν
1085 2957 1187 3042 νόμον
1201 2959 1256 3024 καὶ
1276 2954 1454 3025 ΙιτὸνἈα-

222 3058 290 3150 ριῦν
317 3061 474 3148 ἱστορίας.
520 3056 626 3138 ούτως
643 3053 775 3146 Ἀαρὼν
803 3055 841 3126 ού
863 3065 1053 3148 γεγέννηται
1074 3054 1256 3146 ἀρχιερεύς,
1287 3053 1371 3126 ἀλλὰ
1393 3055 1457 3125 άν-

220 3170 373 3251 θρωπος,
396 3162 556 3248 καλμετά
576 3159 703 3248 χρόνον,
729 3156 785 3229 ὅτε
807 3157 826 3226 ύ
847 3160 931 3240 θεὸς
951 3155 1106 3250 ἠθέλησε,
1129 3167 1259 3248 γέγονεν
1275 3154 1451 3245 ἀρχιερεύς,

219 3269 274 3334 καὶ
295 3272 426 3353 γέγονεν
449 3261 507 3347 ούχ
528 3259 646 3338 ἆπλιῦς
668 3255 745 3327 οῦδὲ
767 3261 802 3329 ἐκ
822 3265 889 3329 τιῦν
913 3265 1069 3349 συνηθῶν
1092 3263 1232 3348 ἱματίων
1254 3259 1456 3348 γνωριζόμε-

220 3389 286 3445 νος,
310 3361 379 3432 ἀλλ’
406 3358 738 3444 Ιίπενδιδυσκόμενος
758 3361 817 3450 τήν
832 3362 996 3448 ἐπωμίδα,
1019 3361 1060 3430 τὸ
1075 3365 1213 3449 λογεῖον,
1237 3362 1295 3428 τὸν
1310 3359 1451 3449 ποδήρη,

221 3461 244 3530 ά
272 3463 308 3528 αἱ
329 3465 478 3547 γυναῖκες
498 3462 559 3543 μὲν
581 3460 775 3546 εἰργάσαντο
797 3462 976 3551 προςτάξει
997 3467 1057 3530 τοῦ
1079 3466 1179 3543 θεοῦ,
1203 3463 1237 3530 ἓν
1259 3461 1390 3540 τούτοις
1412 3462 1475 3529 δύ’

221 3560 444 3648 είςερχύμενος
472 3559 519 3642 είς
546 3558 588 3628 τὰ
616 3557 695 3648 ἀγια
722 3563 781 3651 τήν
810 3560 894 3655 ῦπλρ
922 3568 981 3632 τοῦ
1004 3566 1085 3631 λαοῦ
1107 3569 1233 3631 θυσίαν
1255 3569 1450 3652 προςύφερε.

219 3661 277 3730 καὶ
309 3661 344 3730 ἒν
370 3661 503 3741 τούτοις
535 3657 645 3748 ύὶςπερ
674 3664 840 3748 ἐμεσίτεοε
867 3670 907 3754 τῇ
938 3660 1086 3753 ὀπτασίᾳ
1112 3666 1171 3730 τοῦ
1193 3667 1278 3732 θεοῦ
1300 3667 1454 3743 καὶτοῖς

220 3765 287 3851 τῶν
309 3757 502 3852 ἀνθρώπων
523 3769 671 3846 θυσίαις,
696 3763 783 3834 οῦτω
804 3774 916 3836 τοίνυν
937 3771 991 3836 καὶ
1016 3763 1034 3834 6
1056 3765 1167 3854 κύριος
1190 3763 1224 3832 ἐν
1240 3759 1323 3854 ἀρχή
1337 3767 1397 3852 μὲν
1411 3752 1451 3852 ήν

225 3897 231 3910 ’
289 3919 314 3978 1)
333 3919 405 3970 Hebr.
424 3917 448 3978 3.
470 3919 491 3970 1.
510 3919 533 3972 2.

252 4037 275 4072 τ.
294 4023 395 4084 squar.
413 4015 462 4073 δᾶν
485 4018 557 4090 um.
593 4023 658 4073 ίδεοι
678 4023 767 4074 ibidem
786 4033 811 4075 εί
896 4025 920 4074 δ.
940 4025 1078 4074 ΡεΙεΙιτοοο.
1095 4023 1120 4073 ύ.
1140 4015 1295 4086 ἀναγκαῖον
1311 4013 1341 4078 ἐξ
1358 4011 1453 4080 asnis.

220 4089 317 4141 Gobler.
338 4091 443 4142 Felckm.
464 4095 485 4142 1.
505 4103 528 4142 ει
546 4092 569 4143 4.
590 4082 672 4144 αύτότ
689 4095 808 4142 ominum.
861 4093 939 4142 Editio
967 4093 1085 4142 Commrl.
1110 4082 1265 4155 ἀναγκαῖον
1285 4084 1331 4168 κᾳὶ
1348 4083 1457 4146 ἱαυτῆτ.

252 4158 276 4206 b.
295 4157 433 4208 numerian.
453 4166 476 4207 εί
494 4159 598 4208 feldun.
621 4160 641 4211 Ι.
660 4149 807 4208 δύνασθαι.
860 4161 904 4210 Alii
925 4173 983 4210 τοτε.
1001 4153 1155 4224 ἀναγκαῖον
1171 4153 1218 4206 καλ
1235 4150 1265 4215 ἒξ
1280 4155 1371 4216 αυτής.

219 4222 399 4288 ἱῦίδεὸοᾳαυτ.
420 4223 467 4286 ιήτ
484 4208 523 4286 ἧς,
543 4218 662 4286 ίπυὶησε,
681 4221 782 4282 λέξεως.
894 4242 916 4276 ε.
941 4228 982 4276 Sic
1005 4229 1104 4289 Segner.
1130 4227 1229 4276 Gohler.
1256 4234 1281 4275 ει
1304 4225 1409 4274 ύυΙεΙιοι.
1430 4223 1453 4274 1.

238 4289 350 4358 ,αλεᾳ
370 4288 731 4344 εῑῦιίοίιιο.ῦ.δίυιιιῑιιοιιι.
758 4297 808 4345 Mox
859 4287 1256 4360 ΑιίεΙοΙιιτι.ῦ.λυψβάναιμεν.
1291 4290 1453 4340 Αίύετιδίιί

219 4361 320 4422 θνᾳοετ.
349 4349 448 4412 (ἱοίιίιο.
477 4369 500 4410 ει
528 4361 633 4411 Fen-lun.
656 4361 677 4410 ί.
696 4355 746 4424 τήν
764 4351 806 4422 ήν,
858 4354 993 4428 λάβοιμεν.
1029 4363 1080 4412 Mox
1097 4359 1201 4413 ταῦτα,
1227 4366 1253 4407 ut
1271 4358 1359 4406 Ιιτίνεοι
1376 4355 1452 4404 conari

218 4419 344 4489 ἐποίησε,
367 4424 446 4487 λέξιν.
481 4429 542 4480 ibid.
567 4429 672 4480 ίοίιὶω.
692 4429 716 4480 4.
739 4423 810 4500 πρὸς
860 4445 919 4481 τοτε.
937 4440 962 4481 ει
980 4431 1053 4482 editio
1071 4427 1203 4486 eomes..
1227 4423 1296 4473 ιίιοτι
1313 4436 1326 4472 ι
1344 4421 1453 4474 δείελος.

216 4489 247 4542 τί
261 4491 417 4564 λεγομένου.
861 4497 886 4546 ῦ.
905 4507 930 4549 τί
947 4499 1004 4560 θος.
1461 4517 1464 4524 ⁴
