3174 5082
418 341 562 385 sersaoni
577 343 615 387 as
631 345 773 390 osonarrs
788 349 1065 412 casanatensem.
1318 345 1356 408 lb

103 493 273 567 ludaicae,
296 493 339 556 uti
361 493 420 556 iam
443 492 514 568 dixi,
537 495 683 576 nequitiae
703 498 839 562 imitatio.
884 501 1036 580 Siquidem
1051 503 1164 580 ludaei,
1187 525 1255 570 cum
1270 527 1286 570 a
1304 519 1441 572 re-raos

104 596 216 657 ritate
250 595 377 656 convicii
412 594 515 656 oculos
547 606 648 662 contra
677 619 741 662 eam
769 601 903 664 attollere
924 621 984 665 non
1006 605 1151 680 valerent,
1184 605 1357 674 huiusmodi

106 695 422 775 interrogatiunculis
450 715 484 758 se
511 697 704 778 obtegebant:
740 701 829 774 Quod
850 716 882 767 ιιι
903 685 981 782 locis
1004 711 1120 788 signum
1143 721 1178 772 ot
1200 711 1357 776 oidsoosas

109 810 146 859 er
176 799 338 860 credamur
362 795 440 859 tibi?
487 797 568 870 Qas'd
590 800 756 880 operaria?
799 805 980 882 Quamquam
1007 815 1049 868 tot
1074 809 1157 889 signa
1179 811 1299 886 tierent,
1322 815 1439 874 uteaooss

111 897 218 958 etiam
241 897 299 976 ipsi
321 909 499 977 cogerentur
513 899 628 960 dicere:
655 900 736 973 Quid
750 903 887 980 serenan,
911 910 980 983 quta
995 907 1040 970 lu'c
1055 908 1140 974 homo
1155 912 1251 976 mutto
1267 917 1355 994 signa

113 996 232 1075 facit?
275 998 348 1060 Nam
377 999 486 1061 mortni
510 999 727 1074 excitabantur,
758 1001 851 1074 claudi
874 1003 1074 1080 ambulabant,
1102 1011 1239 1076 videbant
1262 1015 1351 1088 caeci,

113 1097 241 1176 leprosi
269 1099 484 1180 purgabantur,
520 1119 594 1180 aqua
622 1101 790 1164 mutabatur
818 1103 847 1164 in
876 1103 995 1178 riuum,
1029 1115 1058 1167 et
1079 1110 1205 1188 quinquo
1226 1113 1352 1194 panibus

116 1199 260 1278 quinque
282 1201 375 1262 miliia
397 1202 549 1264 hominum
573 1212 644 1264 suat
665 1204 799 1266 saturati.
843 1205 921 1268 llinc
943 1223 1048 1270 amnes
1065 1207 1182 1288 quidem
1198 1211 1354 1277 nominum

117 1299 351 1364 admirabantur
386 1313 415 1364 et
442 1303 604 1367 adorabant
630 1303 856 1384 latabanturque
886 1307 916 1367 ia
945 1307 1013 1386 ipso
1041 1308 1158 1388 impleri
1184 1314 1355 1391 prophetias

119 1421 256 1482 eumque
277 1403 370 1466 Deum
393 1413 422 1465 et
444 1405 548 1468 Filium
570 1404 622 1466 liei
646 1425 725 1468 esse.
770 1406 833 1469 Soli
854 1417 953 1470 autem
975 1408 1136 1486 Pharisaei,
1159 1413 1277 1474 tametsi
1293 1413 1357 1474 sola

121 1504 252 1568 clariora
280 1513 363 1568 erant
390 1505 492 1585 sigua,
523 1507 718 1570 nihilominus
748 1517 885 1588 tanquam
914 1510 1043 1588 imperiti
1072 1511 1297 1576 murmurabant
1326 1524 1356 1576 et

119 1605 378 1680 aiebant:·tluare
402 1621 435 1670 ιιι
460 1608 545 1670 homo
569 1629 635 1670 cram
657 1614 699 1670 sis
721 1611 799 1688 soar's
823 1610 1090 1692 reapsnmuenme
1114 1613 1201 1674 Stulti
1217 1616 1353 1694 prolecto

119 1725 252 1786 roreque
281 1717 380 1772 mente
409 1711 504 1783 caeci,
532 1728 608 1789 quos
637 1710 748 1772 scilicet
770 1711 868 1790 potius
891 1710 930 1774 ita
953 1711 1035 1791 loqui
1058 1712 1221 1776 decuisset:
1253 1715 1353 1787 Quare

117 1808 258 1871 tullens
281 1829 347 1872 cum
371 1813 414 1872 sis
438 1811 529 1873 laomo
553 1813 647 1894 lactus
670 1811 727 1874 esi
772 1812 923 1891 Siquidem
947 1811 1039 1876 Deum
1063 1814 1143 1876 illum
1166 1835 1236 1876 esse
1260 1833 1352 1896 opera

116 1911 191 1990 ipsa
214 1911 417 1973 ostendebant.
463 1912 505 1974 lta
527 1913 606 1975 euim
629 1913 670 1974 illi
693 1913 828 1976 etPatris
850 1913 1059 1994 benignitatem
1076 1916 1204 1978 tuissent
1219 1917 1351 1978 venerati

119 2019 154 2072 et
183 2011 260 2073 illius
290 2013 392 2074 tactam
424 2014 521 2075 nostri
548 2033 635 2076 causa
665 2013 916 2100 dispensationem
939 2034 999 2078 non
1021 2017 1195 2096 potuissent-
1212 2035 1273 2078 non
1295 2017 1350 2079 ad-

120 2113 238 2176 mirari.
285 2113 388 2178 Verum
412 2125 525 2178 tantum
548 2115 659 2189 aberat,
682 2123 715 2176 ut
737 2115 765 2176 id
790 2115 931 2188 dicerent,
955 2124 988 2176 ut
1009 2117 1097 2178 etiam
1121 2137 1175 2180 aec
1196 2137 1270 2197 quae
1293 2119 1349 2178 tie-

116 2215 194 2278 bant
216 2215 323 2280 vellent
344 2217 459 2290 videam
482 2217 527 2278 vel
551 2215 577 2278 si
599 2215 737 2280 ridebant
752 2219 818 2290 (aee
833 2217 911 2278 enim
927 2217 984 2278 ista
998 2225 1135 2296 poterant
1149 2236 1211 2280 non
1226 2217 1349 2294 ridere).

116 2336 228 2380 rursus
252 2318 288 2380 ad
311 2317 398 2380 aliam
420 2319 627 2399 confugiebant
647 2317 809 2396 querelam.
855 2319 914 2378 Cur
928 2317 1068 2392 Sabbata,
1091 2319 1272 2398 inquiebant,
1294 2337 1349 2396 pa-

118 2417 274 2497 ralyticum
297 2439 383 2482 sanas
406 2428 434 2482 et
456 2421 553 2483 risum
576 2439 663 2482 caeco
687 2425 755 2480 nato
780 2415 938 2480 restituis?
982 2417 1062 2479 llaec
1083 2427 1181 2480 autem
1196 2418 1350 2498 speciosae

121 2519 274 2580 dumtaxat
296 2539 401 2582 musae
423 2533 515 2594 erant,
538 2521 667 2602 nihilque
689 2520 777 2594 aliud,
801 2519 856 2581 nisi
881 2537 994 2582 merum
1016 2537 1159 2581 murmur.
1203 2519 1249 2580 llli
1271 2519 1349 2582 enim

121 2619 227 2695 eham,
250 2639 317 2684 oum
340 2622 404 2684 aliis
426 2623 531 2686 diebus
555 2623 697 2686 Dominus
721 2639 838 2684 omnem
861 2621 997 2684 morbum
1021 2629 1051 2682 et
1072 2622 1272 2684 infirmitatem
1295 2639 1346 2682 sa·

120 2731 222 2798 naret,
251 2743 334 2786 more
354 2725 445 2787 solito
468 2725 727 2804 conquerebantur
748 2723 954 2803 malebantqne
975 2723 1130 2786 beelzebul
1152 2743 1219 2786 eum
1243 2721 1347 2804 appel·
1375 2799 1379 2806 Ι

121 2822 217 2884 lantes
249 2825 280 2886 in
303 2826 461 2903 impietatis
485 2827 688 2906 suspicionem
709 2826 826 2898 venire,
856 2843 942 2903 quarn
965 2825 1116 2904 propriam
1140 2826 1268 2888 abiicere
1289 2841 1345 2884 ne-

124 2923 256 3000 quitiam.
300 2925 377 2984 lline
396 2925 465 2986 licet
479 2925 613 2986 Salvator
635 2925 726 2984 variis
748 2925 907 3002 multisque
929 2925 1026 2986 modis
1047 2943 1131 2988 suam
1153 2925 1216 3005 ipse
1239 2923 1346 2984 divini-

90 3027 94 3032 '
125 3028 218 3081 tatem
241 3021 430 3099 patefaceret,
453 3021 606 3100 Patrisque
629 3022 829 3098 cognitionem
852 3041 955 3082 omnes
978 3023 1132 3098 edoceret,
1154 3025 1196 3085 illi
1216 3023 1295 3084 velut
1316 3022 1348 3082 in

126 3119 268 3182 stimulos
292 3119 493 3194 calcitrantes,
517 3119 604 3182 stulte
627 3119 806 3182 blaterantes
828 3119 1082 3194 contradicebant,
1109 3122 1196 3201 idque
1216 3129 1348 3182 uatum·

121 3223 213 3284 mado
237 3229 271 3284 ut
292 3221 372 3284 iuxta
396 3221 526 3283 diuinum
548 3219 738 3301 proverbium
761 3221 932 3300 excogitatis
955 3217 1161 3282 occasionibus
1183 3237 1216 3283 se
1232 3219 1349 3300 ipsosa

120 3325 242 3386 veritate
265 3331 449 3403 separarent.
840 3307 847 3314 ’

205 3531 236 3590 b.
279 3528 379 3606 ltaque
402 3527 510 3598 ludaei,
534 3525 584 3606 qui
606 3535 665 3588 tam
687 3525 822 3606 improbe
836 3523 994 3588 Dominum
1015 3526 1170 3607 negabant,
1192 3527 1256 3589 iure
1277 3545 1342 3590 me·

121 3629 179 3690 rito
202 3637 231 3692 et
251 3629 348 3708 legum
370 3637 400 3690 et
421 3627 564 3702 omniura,
587 3647 661 3708 quae
683 3627 821 3692 Patribus
842 3628 993 3710 promissa
1008 3629 1101 3702 tuere,
1124 3637 1259 3710 expertes
1274 3629 1341 3692 iacti

121 3739 200 3792 sunt.
243 3729 343 3792 briani
364 3748 446 3802 vero,
469 3729 520 3809 qui
540 3729 667 3791 ludaeos
689 3730 777 3792 bodie
800 3730 961 3802 imitantur,
984 3727 1110 3809 Caiphae
1133 3737 1163 3792 et
1184 3731 1341 3794 Pharisae-

121 3850 207 3893 orum
234 3831 307 3892 mihi
328 3829 465 3893 ridentur
486 3849 555 3892 esse
576 3831 654 3894 haud
677 3831 845 3893 dissimiles.
891 3831 964 3892 Cam
986 3831 1065 3892 enim
1087 3849 1171 3892 suam
1194 3831 1342 3894 haeresim

121 3932 211 4007 nibil,
247 3933 325 4011 quad
353 3933 462 3994 rationi
483 3931 523 3994 sit
544 3941 794 4004 cousentaneum,
823 3932 976 3994 continere
1005 3931 1135 4006 videant,
1170 3933 1340 3996 occasiones

119 4033 233 4112 pariter
253 4033 438 4113 contingunt,
469 4051 535 4095 cnm
557 4034 614 4096 boa
635 4041 720 4114 pacto
742 4034 940 4112 interrogant:
972 4031 1032 4094 Cur
1053 4033 1111 4094 hoc
1130 4033 1231 4110 potins
1254 4053 1341 4114 qnam

120 4133 190 4196 illud
211 4133 354 4213 seriptum
377 4131 449 4196 est?
492 4133 599 4196 Veram
621 4151 659 4196 ne
681 4133 813 4208 mireris,
836 4133 862 4195 si
885 4151 963 4195 aune
984 4131 1023 4194 ita
1045 4151 1078 4194 se
1099 4141 1216 4211 gerant:
1244 4135 1339 4218 siqui-

124 4353 162 4415 ts,
182 4347 377 4420 herowicus·
399 4351 474 4414 taret
488 4344 558 4422 deig
573 4346 702 4421 poettps-
755 4354 793 4406 ais
816 4354 868 4405 sais
892 4349 998 4417 querelis
1022 4353 1164 4404 occasiones
1182 4351 1339 4419 quaerebant,

120 4433 168 4473 ιιι·
177 4365 349 4486 lapidandus
366 4411 421 4471 sissi
439 4415 538 4488 φίλων.
576 4423 602 4473 td
620 4430 666 4482 ιιι,
676 4429 702 4472 at
755 4429 781 4474 as
798 4437 810 4472 a
828 4421 926 4472 xsrttsts
940 4419 1094 4498 'recederent
1123 4487 1147 4500 ..
1323 4483 1338 4496 ..

120 4488 191 4538 babet
207 4491 309 4552 volgata,
326 4493 461 4544 acuum
478 4492 577 4556 qaaerit,
595 4491 701 4570 ιιὲιιιι
786 4505 808 4540 e.
826 4489 867 4570 Sic
890 4488 976 4550 llegras
999 4501 1045 4538 aas.
1085 4487 1149 4540 Edeta
1170 4501 1227 4538 xero
1251 4491 1276 4536 et
1298 4483 1340 4532 stn

118 4555 221 4606 recedere
238 4559 267 4608 ab
284 4561 367 4610 saiso.
402 4559 443 4610 Sta
461 4571 548 4622 nempe
563 4557 643 4608 drasm
660 4572 701 4608 ss·
751 4549 805 4622 pir
820 4569 883 4624 γαρ.
1100 4617 1138 4669 2*
