3214 5048
246 261 309 326 366
485 297 487 304 ,
646 277 672 320 ε.
689 275 842 320 ετεεκεειι
856 251 1079 322 εκεειεενεοοεε
1186 233 1189 242 ’

104 429 108 434 ’
132 411 137 422 ’
159 445 236 499 νων.
245 425 455 514 γογγύζουσιν
478 417 580 504 εόθῦς
601 421 799 512 φάσκοντες·
827 418 944 491 οῦκσῦν
967 421 1026 491 δύο
1048 415 1208 512 ιοἰγόνητα
1228 423 1353 510 λέγετε,
1378 417 1490 492 αῦτσί

22 517 23 540 ’
246 529 283 597 δὲ
314 529 462 613 λίγοντες
493 524 532 592 τὸ
564 520 584 614 ἦ
619 519 772 613 άγίνητος
799 518 900 592 αὐτοῦ
929 519 1121 614 σοφία·οόχ
1144 519 1250 611 δρῶσι
1270 520 1339 592 κατ’
1363 520 1485 594 αὐτῶν

246 629 445 719 φθάνουσαν
466 625 507 714 ἣν
528 625 702 694 αἰτιῶνται
722 631 867 712 ματαίαν
889 631 1036 712 μίμψινς
1069 625 1208 712 καὶγὰρ
1231 620 1381 714 Βιιᾷειείνη
1406 627 1484 695 πά-

246 733 298 798 λιν
320 723 429 797 αῦτιῦν
451 725 471 817 ἡ
495 728 628 796 διάνοια
648 731 724 808 πῶς
740 721 780 794 οῦ
793 727 883 795 πάνυ
896 726 1002 813 μωρά,
1026 728 1132 813 λέγειν
1145 725 1205 814 τὴν
1221 721 1377 815 άγίνητσν
1395 751 1482 796 συν-

245 831 458 917 υπάρχουσαν
486 831 533 917 τῷ
560 831 634 916 θεῷ
662 835 787 920 σοφίαν
809 823 910 897 αὐτὸν
932 822 1018 896 ελναι
1038 827 1097 896 τὸν
1117 826 1221 912 θεόνς
1250 825 1373 916 τὸγὰρ
1397 852 1483 898 συν·

244 933 393 1018 υπάρχον
421 930 480 1016 οόχ
502 930 625 1016 ἑαυτῷ,
648 933 714 999 τινλ
737 932 773 999 δὲ
795 928 1012 1018 συνυπάρχει,
1036 924 1082 1009 ὥς
1102 931 1180 1014 περί
1202 931 1261 996 τοῦ
1283 936 1399 1018 κυρίου
1422 932 1481 998 λέ-

244 1057 358 1122 γσυσιν
386 1033 419 1100 εί
441 1027 681 1118 εόαγγελισταί,
713 1029 768 1100 ότι
788 1034 888 1118 συνῆν
910 1041 983 1110 τοῖς
1002 1037 1190 1119 μαθηταῖς·
1218 1025 1257 1098 οό
1278 1031 1340 1118 γὰρ
1363 1023 1479 1119 ἑαυτῷ

245 1130 330 1204 άλλά
350 1143 423 1214 τοῖς
442 1138 615 1222 μαθηταῖς
636 1137 751 1224 συνῆν·
774 1133 822 1202 ‘el
842 1133 887 1221 μὴ
903 1130 969 1220 άρα
984 1133 1145 1202 σύνθετον
1161 1133 1289 1202 είποιεν
1303 1132 1362 1202 τόν
1377 1132 1476 1214 θεάν,

245 1237 361 1322 ἔχοντα
387 1237 683 1324 συμπεπλεγμένην
710 1230 733 1324 ἢ
754 1234 1030 1325 συμπληρωτικὴν
1050 1238 1110 1322 τῆς
1124 1229 1248 1314 σόσίας
1270 1235 1390 1303 ἑαυτοῦ
1414 1259 1475 1304 σσ-

244 1345 347 1428 φίαν,
371 1332 547 1425 ’άγίνητον
574 1326 677 1404 οὖσαν
709 1341 763 1406 καὶ
797 1332 913 1424 αὐτήν,
941 1333 1057 1425 ἥντινα
1077 1339 1132 1406 καί
1156 1335 1354 1425 δημιουργόν
1376 1329 1476 1405 αότσλ

228 1435 473 1532 ,ἄπειςόγσυσι
492 1441 553 1506 τοῦ
574 1437 716 1525 κόσμου,
746 1439 802 1507 λ’να
823 1443 878 1507 καί
899 1442 959 1506 τοῦ
982 1439 1191 1527 δημιουργεῖν
1211 1437 1271 1506 τὸν
1292 1436 1366 1506 υίόν
1388 1431 1476 1527 όφέ-

244 1543 368 1610 λονται.
406 1540 518 1609 πάντα
539 1539 600 1628 γάρ
622 1539 795 1628 βιάζονται
816 1541 930 1629 λέγειν,
953 1540 1010 1608 ἵνα
1030 1539 1076 1628 μὴ
1091 1543 1168 1628 περὶ
1183 1542 1243 1608 τσῦ
1259 1547 1372 1627 κυρίου
1387 1563 1476 1629 φρο-

245 1643 390 1732 νήσωσιν
413 1642 446 1712 δν
469 1637 622 1732 άληθείᾳ.

330 1751 381 1814 39.
426 1747 500 1812 Ποῦ
522 1743 585 1831 γάρ
608 1739 694 1824 ὅλως
716 1733 810 1829 εὗρον
831 1741 927 1830 παρά
946 1745 986 1832 τῇ
1008 1749 1090 1830 θείᾳ
1110 1745 1221 1831 γραφῇ
1244 1743 1428 1830 λεγόμενον,
1452 1737 1476 1832 ἢ

244 1846 339 1936 παρά
359 1851 450 1925 τίνος
470 1842 624 1933 ἤκουσαν,
648 1840 694 1925 ὥς
716 1841 927 1924 όντσςάλλου
943 1845 1042 1932 λόγου
1056 1842 1112 1910 καὶ
1127 1841 1229 1932 άλλης
1244 1851 1369 1934 σοφίας
1379 1843 1475 1932 παρὰ

243 1953 363 2018 τοῦτον
383 1945 442 2015 τόν
463 1945 545 2027 υίόν,
567 1946 624 2014 ίνα
644 1949 698 2014 καί
721 1949 860 2014 τοιαῦτα
882 1946 1013 2026 ἑαυτοῖς
1028 1941 1328 2030 άναπλάσσωνταις
1359 1951 1475 2034 γέγρα-

244 2077 330 2120 πται
349 2051 410 2136 μὲν
431 2048 509 2136 γάρ·
533 2042 592 2132 οόχ
613 2048 647 2116 σί
669 2047 762 2135 λόγοι
782 2071 847 2134 μου
869 2044 980 2136 άλςπερ
1002 2050 1070 2134 πῦρ
1085 2041 1108 2136 ἢ
1121 2048 1226 2128 πίλυξ
1246 2047 1396 2116 ’κόπτων
1411 2053 1474 2116 πέ-

244 2156 373 2239 τραν“),·
405 2153 459 2219 καί
482 2150 517 2218 δν
537 2160 613 2230 ταῖς
634 2155 847 2236 παροιμίαις·
872 2149 996 2232 διδάξω
1019 2150 1055 2217 δὲ
1077 2145 1163 2234 ὑμᾶς
1184 2147 1283 2272 ἐμοὺς
1309 2149 1472 2236 λόγουςἿ·

245 2250 330 2324 άλλά
358 2256 462 2322 ταῦτα
493 2251 625 2321 ἐντολαὶ
645 2255 699 2320 καλ
721 2250 958 2339 προςτάγματά
980 2251 1080 2332 είσιν,
1105 2249 1127 2318 ά
1149 2251 1207 2318 δια
1226 2253 1286 2318 τοῦ
1308 2251 1396 2320 ίδίου
1417 2250 1473 2320 καί

245 2357 349 2442 μόνου
372 2349 656 2444 άληθινοῦλόγου
677 2363 750 2432 τοῖς
771 2347 879 2438 άγίοις
900 2351 1073 2441 λελάληκεν
1096 2347 1115 2418 ό
1132 2351 1223 2432 θεός,
1246 2356 1326 2440 περί
1341 2343 1387 2422 ὧν
1402 2353 1470 2428 όλε-

245 2481 299 2544 γεν
323 2452 341 2523 ό
362 2456 518 2542 ψάλλων·
541 2455 577 2524 ίκ
598 2455 709 2542 πάσης
730 2449 810 2521 ὁδοῦ
833 2457 982 2541 πονηράς
1003 2452 1151 2522 ἐκώλυσα
1171 2451 1251 2534 τοὺς
1267 2457 1380 2536 ετόδας
1396 2479 1469 2540 μου,

247 2555 341 2635 ὅπως
367 2551 408 2623 άν
437 2557 573 2642 φυλάξω
602 2555 680 2634 τοὺς
708 2553 825 2641 λόγους
847 2557 947 2634 σοῦ’).
980 2553 1023 2623 τὰ
1043 2558 1122 2642 γοῦν
1142 2559 1283 2626 τοιαῦτα
1304 2563 1470 2644 σημαίνων

246 2655 332 2724 άλλα
363 2649 441 2741 παρ’
467 2653 583 2722 ἑαυτὸν
614 2650 700 2722 είναι
721 2650 740 2722 ό
762 2655 872 2745 σωτὴρ
899 2658 953 2724 καί
977 2651 1018 2723 δι’
1044 2657 1161 2724 ἑαυτοῦ
1182 2659 1194 2700 ¹
1199 2658 1319 2744 εἴρηκε·
1348 2655 1390 2722 τά
1410 2655 1467 2744 (λη’-

244 2783 343 2843 ματα,
368 2755 390 2824 ά
412 2755 475 2844 ἐγὼ
498 2754 659 2845 λελάληκα
679 2753 797 2842 ὑμῖν).
833 2753 871 2824 οά
893 2756 954 2845 γάρ
977 2757 1017 2844 δὴ
1040 2757 1072 2826 ολ
1087 2761 1233 2826 τοιοῦτοι
1247 2755 1463 2844 λόγοιγεννή-

235 2885 335 2954 ,ματα
354 2853 381 2947 ἢ
397 2859 466 2928 υίαί
487 2851 587 2937 είσιν,Ι
605 2853 683 2926 οῦδὲ
704 2862 862 2927 τοσοῦτοι
883 2859 1075 2946 δημιουργοί
1092 2859 1195 2947 λόγοι,
1218 2852 1293 2926 οῦδὲ
1306 2861 1467 2928 τοσαῦται

159 2962 367 3044 ε.εοο.είκόνες
388 2965 466 3030 ῖτοῦ
489 2960 562 3042 ἑνός
583 2964 683 3041 θεοῦ,
707 2955 784 3029 οόδδ
805 2964 962 3029 τοσοῦτοί
983 2961 1067 3029 εἰσιν
1090 2962 1122 3028 οί
1143 2961 1314 3048 γενόμενοι
1334 2959 1466 3047 άνθρω-

174 3123 179 3136 ,
244 3089 308 3136 ποι
328 3061 414 3152 ὑπὲρ
435 3060 539 3152 ἡμῶν,
562 3059 640 3132 οῦδὲ
662 3059 708 3144 ὦς
730 3063 765 3131 ίκ
785 3065 921 3131 πολλῶν
942 3062 1104 3130 τοιούτων
1126 3059 1175 3143 είς
1197 3062 1288 3132 ἐστιν
1306 3059 1467 3150 δγενόμε-

245 3193 302 3250 νος
327 3167 411 3236 κατὰ
438 3166 495 3236 τὸν
515 3162 669 3260 ΙἸωάννην
699 3164 797 3252 σάρξ·
826 3160 895 3232 ἀλλ’
921 3160 966 3245 ὥς
994 3163 1097 3249 μόνος
1120 3159 1165 3232 ὢν
1187 3168 1247 3232 τοῦ
1268 3168 1353 3235 θεοῦ
1377 3163 1468 3251 λόγος

245 3265 463 3358 εόαγγελίσθη
487 3266 580 3352 παρά
600 3270 660 3332 τοῦ
679 3261 845 3342 Ἰωάννου·
869 3262 887 3333 ό
910 3265 1008 3352 λόγος
1029 3264 1114 3353 σάρξ
1135 3266 1261 3353 ἐγίνετο
1283 3267 1340 3336 καὶ
1361 3265 1468 3334 πάντα

245 3365 286 3438 δι’
312 3366 412 3437 αὐτοῦ
435 3367 601 3453 ίγίνετοἺ.
643 3365 696 3434 διό
717 3370 772 3435 καί
794 3369 873 3452 περὶ
895 3361 1016 3435 ιαὐτοῦ
1037 3366 1141 3452 μόνου
1162 3373 1222 3436 τοῦ
1244 3376 1358 3456 κυρίου
1380 3364 1467 3455 ἡμῶν

241 3465 345 3558 Ἰησοῦ
366 3470 517 3554 Χριστοῦ
539 3466 595 3534 καὶ
615 3467 696 3555 περὶ
716 3473 775 3556 τῆς
796 3468 883 3556 πρὸς
903 3469 961 3536 τὸν
983 3475 1113 3557 πατέρα
1135 3469 1288 3559 δνότητος
1302 3465 1404 3538 αὐτοῦ
1417 3473 1467 3555 γέ-

200 3642 208 3658 ,
242 3595 392 3659 γραπται
411 3572 466 3637 καί
489 3569 653 3639 δείκνυται
673 3570 716 3638 τά
736 3571 916 3658 μαρτύρια,
938 3573 997 3637 τοῦ
1011 3553 1079 3655 ’μὲν
1101 3571 1229 3659 πατρὸς
1251 3577 1465 3661 σημαίνοντος

247 3675 305 3744 ἕνα
327 3667 413 3741 εἶναι
432 3669 490 3738 τόν
510 3671 599 3754 υίόν,
623 3675 689 3741 τῶν
712 3673 749 3740 δὲ
771 3668 874 3759 άγίων
895 3671 1088 3757 ἰμαθόντων
1109 3678 1209 3742 τοῦτο
1231 3676 1286 3742 καί
1308 3671 1464 3760 λεγόντων

246 3777 304 3846 ἕνα
325 3776 382 3841 τὸν
405 3772 501 3862 λόγον
523 3770 607 3843 εἶναι
628 3774 684 3844 καί
704 3776 822 3842 τοῦτον
845 3767 931 3842 εἶναι
950 3776 1120 3864 μονογενῆ,
1144 3776 1187 3844 τά
1206 3801 1243 3844 τε
1263 3773 1341 3862 ἔργα
1361 3773 1404 3841 τά
1425 3765 1463 3839 δι’

313 3965 563 4026 mmmmm.
638 3966 749 4024 λίθεοι
772 3962 854 4020 ¹.23.
925 3963 1031 4026 ³)Psnl.
1053 3961 1298 4032 1191118.1.xx.],
1319 3964 1375 4015 101.
1442 3961 1466 4022 λλ

245 4033 313 4085 loun.
330 4031 355 4094 δ,
374 4031 416 4084 63.
485 4037 513 4096 δ)
531 4037 598 4086 Ιοεο.
618 4035 642 4096 1,
663 4033 701 4084 14.
720 4031 744 4081 δ.

278 4184 299 4220 ε.
318 4171 418 4229 θεμιεε.
436 4173 508 4223 nnn.
527 4182 550 4223 ει
567 4171 658 4231 nume.
671 4158 791 4231 άγίνητσ
809 4173 832 4216 ει
883 4177 908 4219 ει
925 4169 948 4219 ό.
966 4163 1084 4234 καὶγὰρ
1101 4160 1217 4232 κᾷκείνη.
1253 4169 1315 4220 Εδίιί
1326 4177 1351 4218 ει
1371 4167 1410 4216 εΙῦ
1426 4157 1468 4226 καὶ

244 4253 299 4290 mox
317 4229 333 4298 ἢ
351 4231 490 4303 άγίνητος.
520 4226 831 4298 Εδειῖνεσοιῖείῦάγίν-
881 4229 937 4303 γάρ
956 4229 1049 4296 ίκείνη.
1085 4233 1136 4286 λόον
1155 4243 1255 4300 δεςυετ.
1274 4247 1298 4288 οι
1316 4239 1372 4298 Ιῖεη.
1387 4229 1469 4297 λέγειν

242 4321 313 4366 mu
335 4317 359 4358 ει
382 4300 536 4373 δγίκνηεσε.
571 4305 631 4355 ibid.
650 4305 790 4365 Seguerian.
809 4311 833 4353 εῖ
882 4299 934 4364 τὴν
952 4295 1092 4368 άγίνητσν.
1128 4305 1197 4355 ssusii.
1218 4306 1309 4368 Ααςίίε.
1327 4314 1351 4354 ει
1369 4304 1467 4352 Fvlekm.

243 4373 301 4438 δερ.
325 4371 357 4424 εδ
381 4379 486 4438 addunt,
512 4374 577 4438 qnod
601 4372 625 4422 in
649 4373 702 4422 εΙόε
721 4380 744 4424 εί
761 4373 831 4424 editis
883 4371 908 4423 2.
926 4367 1014 4436 λίγεια
1029 4363 1231 4437 καλάγίνητσν.
1258 4369 1468 4423 ίὶοΙνΙετ.ΡεΙελω.

244 4444 321 4496 deest
370 4465 375 4472 ·
885 4443 908 4492 ¹.
926 4451 948 4490 ει
967 4441 990 4490 ό.
1008 4437 1096 4506 λέγειν
1113 4435 1164 4500 τὴν
1182 4433 1340 4505 άγίννητον.
1377 4435 1470 4488 Εόίόει

277 4513 300 4560 ⁸.
318 4513 419 4572 seguer.
442 4510 500 4570 ίῖες.
524 4507 622 4560 ῦοίνίεε.
641 4509 745 4563 ῦεΙελαν.
766 4512 788 4562 1.
806 4510 831 4562 λ.
882 4509 925 4560 ulii
940 4505 1029 4574 λέγειν
1044 4505 1240 4576 μσνογίνητον.
