3220 5046
591 205 700 252 orario
716 207 737 252 r.
753 209 869 254 coortu
882 210 1020 255 munos.
1349 205 1405 268 151

183 377 269 423 soros
289 358 444 431 habentus,
468 373 595 436 qnomm
619 357 761 421 efficimur
781 359 932 440 discipuli,
963 371 1062 424 umen
1082 363 1151 444 quia
1174 383 1219 438 ea,
1243 385 1320 445 quae
1342 379 1492 432 suntuna.

181 461 307 535 Christi,
335 479 393 522 noa
416 459 459 520 illi
482 459 605 530 docent,
634 459 793 522 Chrish'aoi
819 461 1013 526 nihilominus
1042 473 1071 526 et
1093 485 1198 530 sumus
1222 475 1252 530 et
1274 467 1410 532 dicimur.

180 565 217 626 ht
238 563 289 642 qui
311 569 478 640 sequuntur
499 559 674 632 haereticos,
698 561 926 624 innumerabiles
948 563 1017 626 licet
1032 583 1222 632 successores
1237 568 1409 646 habuerint,

181 667 247 730 eius
270 679 390 742 semper
412 659 545 732 nomine,
569 659 619 738 qui
640 660 773 722 haeresis
796 662 930 724 inventor
951 665 1016 738 luit,
1042 667 1274 748 appellabuntur.
1321 671 1409 734 Certe

181 764 298 850 etiamsi
320 771 457 824 mortuus
479 759 519 820 sit
540 761 644 832 huius,
673 761 816 840 multique
846 781 881 822 ex
908 763 972 826 suis
995 765 1036 826 illi
1063 773 1277 847 successerint,
1308 781 1407 836 umen

184 866 235 946 qni
258 865 323 927 eius
345 869 534 942 propugnant
554 861 722 940 opiniones,
746 881 781 923 ex
803 863 871 924 hrio
895 862 958 925 noti
973 865 1072 926 hriard
1091 880 1242 936 mmmm.
1284 875 1321 938 Et
1335 895 1405 938 vero

185 984 248 1028 non
267 967 330 1026 leve
352 963 475 1026 huiusce
497 963 541 1024 rei
562 973 766 1042 argumentum
789 963 861 1026 mihi
885 983 955 1026 esse
978 965 1101 1042 ridetur,
1122 973 1202 1048 quod
1223 975 1272 1052 qui
1293 977 1405 1040 chu·

186 1067 286 1130 tilibus
307 1066 393 1128 etiam
415 1083 494 1126 nunc
515 1065 550 1126 ad
572 1065 734 1127 Ecclesiam
758 1067 915 1140 accedunt,
945 1067 1067 1130 dimissa
1090 1069 1238 1132 idolorum
1260 1079 1405 1154 supersti-

182 1169 264 1230 tione
286 1187 347 1230 uon
370 1165 498 1240 illorum,
520 1186 535 1227 a
558 1165 666 1246 quibus
689 1147 886 1241 instrubntur,
910 1185 1075 1248 cognomen
1093 1171 1252 1250 accipirmt,
1275 1175 1327 1235 sad
1342 1175 1406 1238 Sal-

180 1270 302 1343 vatoris,
325 1269 364 1330 ita
387 1277 419 1331 ut
440 1267 489 1348 qui
512 1267 643 1330 Gentiles
667 1268 850 1344 dicebantur,
873 1269 1033 1332 Christiani
1049 1269 1190 1351 incipiant
1205 1273 1314 1335 vocari.
1350 1275 1408 1346 Qui

179 1378 277 1434 autem
299 1371 336 1432 ad
358 1369 425 1432 illos
447 1369 569 1442 abeunt,
600 1370 642 1430 vel
672 1370 839 1450 quicunque
867 1370 904 1432 ab
927 1371 1057 1434 Ecclesia
1085 1373 1122 1434 ad
1151 1373 1227 1436 hanc
1260 1374 1492 1440 baeresimruos.

180 1473 349 1544 discedunt,
378 1470 489 1532 Christi
517 1470 652 1550 deposito
682 1471 803 1532 nomine
824 1471 924 1534 hriaoi
954 1473 1094 1553 deinceps
1121 1487 1345 1556 nuncupantur,
1376 1487 1409 1540 ot

179 1576 228 1654 qui
250 1572 359 1636 Christi
380 1571 469 1634 iidem
492 1589 552 1633 non
576 1571 700 1651 amplius
723 1572 860 1648 habeant,
883 1574 936 1636 sed
951 1573 1013 1637 bril
1027 1575 1139 1638 luroris
1161 1577 1222 1640 sint
1242 1577 1311 1640 lacti
1333 1579 1406 1640 bae-

180 1677 276 1738 redes.

262 2187 294 2246 l.
338 2179 415 2242 Num
437 2180 526 2260 igitur
548 2199 672 2260 aequum
694 2181 798 2254 luerit,
828 2201 880 2244 eos
904 2182 1088 2244 Christianos
1117 2183 1231 2256 dicero,
1263 2185 1313 2262 qui
1341 2203 1402 2246 oon

177 2283 338 2347 Christiani
359 2281 413 2342 sed
434 2280 533 2342 Ariani
555 2279 647 2344 sunt?
674 2283 719 2342 llo
742 2281 778 2342 sd
795 2281 974 2342 Catholicam
996 2281 1157 2344 Ecclesiam
1180 2283 1221 2344 illi
1243 2283 1401 2362 pertinent,

178 2385 230 2464 qui
252 2381 450 2463 apostoticam
471 2382 558 2445 iidem
581 2392 777 2444 excusserunt
798 2391 828 2444 et
849 2401 995 2444 novorum
1018 2381 1162 2444 malorum
1184 2391 1320 2446 auctores
1335 2383 1402 2447 lua-

178 2482 273 2546 runt?
295 2484 344 2562 qui
367 2483 527 2546 divinarum
549 2484 767 2564 scripturarum
791 2482 917 2546 oraculis
932 2483 1050 2546 relictis
1071 2483 1132 2546 urii
1155 2483 1272 2546 Thebas
1295 2503 1401 2546 novam

178 2585 352 2664 sapientiam
375 2585 543 2666 appellanti
565 2587 778 2666 quodquidam
794 2605 855 2648 non
878 2585 1025 2648 immerito
1048 2585 1140 2661 aiunt,
1161 2605 1268 2649 novam
1291 2585 1400 2666 quippe

176 2687 324 2748 haeresim
347 2687 532 2748 arinuutiaot.
576 2689 722 2758 Quocirca
743 2688 843 2749 mirari
866 2687 954 2760 subit,
977 2687 1139 2766 quodcum
1154 2687 1237 2750 multi
1256 2687 1399 2766 plurimos

177 2786 410 2849 commentarios
432 2795 462 2847 ct
483 2803 638 2847 sermones
660 2787 834 2868 scripseript
866 2787 896 2847 iu
924 2797 1005 2848 retus
1034 2796 1064 2848 et
1091 2807 1199 2849 norum
1223 2787 1399 2848 Testamen-

178 2895 252 2960 tum,
275 2903 332 2946 nec
353 2885 429 2964 apud
451 2884 528 2946 ullos
551 2885 594 2944 vel
617 2884 705 2946 otiam
727 2887 804 2964 apud
826 2886 975 2964 graviores
988 2887 1146 2949 Gentilium
1169 2895 1303 2948 ouuores
1320 2886 1400 2946 Tha-

177 2988 214 3049 lia
238 2985 421 3065 reperiatur,
449 2984 503 3046 sed
525 2984 560 3044 ab
583 2985 629 3048 bis
653 2986 791 3048 duntaxat
812 2987 907 3046 soleat
933 2985 1084 3058 adbiberi,
1114 2987 1164 3064 qui
1192 2987 1271 3046 inter
1298 2983 1403 3064 pocula

180 3107 245 3150 cum
268 3087 375 3168 plausu
405 3097 434 3148 et
463 3085 576 3147 lucetiis
609 3086 663 3147 ista
687 3085 816 3147 inludis
839 3095 962 3160 canum,
997 3095 1029 3152 ut
1057 3085 1093 3146 ab
1119 3084 1185 3146 aliis
1214 3083 1402 3156 irrideantur,

179 3189 320 3250 mirificus
343 3187 429 3248 hritts
453 3186 527 3250 nihil
549 3187 708 3250 honestum
731 3195 870 3258 sectatus,
894 3187 954 3248 irno
976 3187 1106 3264 ignarus,
1129 3183 1201 3266 quid
1218 3183 1331 3264 probos
1345 3184 1402 3246 ho-

180 3291 275 3352 mines
298 3291 416 3362 deceat,
444 3290 659 3370 martinumque
681 3297 794 3370 partem
818 3289 940 3350 aliarum
961 3287 1119 3350 haeresum
1147 3287 1276 3358 iuratus,
1308 3283 1402 3350 solius

182 3391 307 3452 Sotades
328 3389 469 3452 scurriles
492 3389 611 3454 laeetias
635 3391 799 3454 aemulatus
822 3389 886 3452 luit.
931 3389 1008 3462 Quid
1032 3389 1109 3452 enim
1132 3407 1199 3450 eum
1222 3404 1308 3466 agere
1326 3404 1400 3448 con·

179 3492 329 3566 veniebat,
356 3492 521 3572 cupientem
549 3501 652 3556 conua
675 3492 833 3554 Dominum
856 3491 1030 3572 tripudiare,
1059 3507 1146 3571 quam
1174 3488 1300 3552 miseras
1329 3505 1400 3552 suae

180 3671 230 3739 τὴν
247 3669 360 3744 αἵρεσιν.
395 3679 455 3727 ibid.
475 3657 573 3740 Seguer.
591 3671 763 3745 μεταβάλων-
789 3715 793 3721 .
815 3692 886 3727 mauu
905 3671 1039 3752 uelatos,
1059 3684 1085 3724 nt
1109 3683 1132 3724 et
1156 3673 1231 3750 habet
1254 3673 1351 3723 Gobicr.
1376 3681 1401 3724 ct

181 3760 233 3796 tot.
269 3749 325 3808 lleg.
349 3739 578 3810 peruastauerat.
614 3747 719 3796 Felcltm.
738 3746 763 3796 2.
815 3745 961 3794 betelini.
997 3743 1131 3792 Editiaaro
1150 3733 1355 3816 statuentes.

180 3822 203 3864 ‘²
228 3815 301 3863 “¹³¹⁵⁰
327 3809 698 3930 ⁶tttttd‘“tll'²st”tt'
718 3813 764 3927 lli
815 3804 1179 3932 ahl‘llt'ddit‘ttt·
1193 3807 1399 3938 ,lthi‘ttt

179 3881 343 3996 meleth?
365 3918 496 3998 tichicum
508 3895 643 3998 Falctmslg.
663 3916 761 4012 drapo,
815 3953 839 3996 et
856 3914 968 4010 attt'ydp
987 3913 1108 3994 omittbnt.
1143 3931 1399 4004 uentusmtaoua‘t·

178 4011 225 4064 καὶ
241 4007 375 4083 {opturet
399 4011 555 4065 καλοῦνται.
589 4017 634 4065 llil
660 4023 684 4064 et
706 4015 763 4066 editt
815 4023 891 4080 geom
906 4007 1126 4090 acaayyt'lloccu
1294 4077 1299 4088 1

179 4073 279 4150 ὄνομα,
296 4074 396 4132 λοιπόν
412 4091 458 4134 ete.
848 4083 871 4130 l.
889 4081 988 4142 Segoer.
1007 4091 1045 4132 etc
1059 4089 1097 4127 τε.
1127 4077 1202 4128 Paulo
1237 4084 1276 4128 ost
1294 4075 1358 4126 idam
1376 4083 1400 4126 at

213 4199 236 4246 g.
255 4177 381 4250 διάδοχοι
399 4183 470 4234 abest
488 4199 501 4233 a
519 4183 765 4246 segusauolteoet
816 4147 1090 4268 ξῶῗίὴὲαὗὶἕὼω·
1110 4143 1133 4195 ¹·
1152 4139 1271 4196 mnf·
1305 4141 1350 4192 ⁸¹5¹
1376 4148 1401 4190 ‘²

179 4251 285 4304 mem
307 4253 327 4300 ¹'
850 4283 865 4330 l.
885 4281 983 4344 Saguer.
1009 4280 1107 4331 Gobler.
1134 4285 1158 4327 et
1174 4275 1281 4324 Fetclm.
1301 4271 1323 4320 l.
1340 4267 1399 4342 Συ,-

212 4354 235 4402 h.
262 4353 361 4415 Saguer.
387 4345 423 4400 ui
450 4345 502 4418 pir
524 4349 647 4418 Χριστοῦ
675 4342 763 4415 λόγια.
815 4341 908 4398 πάτου.
942 4347 1033 4409 anglic.
1051 4345 1157 4396 retum.
1179 4339 1202 4388 2
1221 4345 1246 4387 st
1262 4337 1288 4386 h.
1304 4335 1400 4384 Σωσικ-

178 4417 232 4472 llox
250 4420 350 4483 beguai.
369 4413 473 4475 oetier,
492 4427 516 4470 et
534 4421 564 4470 ad
575 4419 706 4482 marginem
717 4417 763 4468 alia
815 4428 873 4465 sou.
907 4413 986 4464 Editio
1005 4409 1121 4462 Commel.
1139 4395 1280 4456 Zmrtidw·
