3216 5048
100 271 103 280 ’
227 257 291 321 234
624 272 650 316 ε.
665 271 820 318 nummu
834 271 1056 317 ιεοειενιεαοει

139 437 216 484 ατε.
223 418 330 507 τούτῳ
351 419 395 487 τὰ
413 417 537 505 γόνατα
557 418 774 503 κάμπτουσαν
794 415 883 507 αὐτῷ
904 421 959 486 καὶ
981 417 1293 506 όξομολογοομένην,
1317 413 1371 484 ὅτι
1388 421 1448 486 καὶ

222 519 262 588 τὸ
293 525 453 608 γενέσθαι
478 519 584 607 σάρκα
611 520 670 588 τὸν
697 520 795 607 λόγον
820 523 876 588 καί
897 518 1047 588 θάνατον
1068 514 1249 604 ὑπομεῖναι
1270 522 1365 606 σαραλ
1387 515 1450 586 οῦκ

224 616 276 690 ἀπ’
301 616 419 710 ἀδοξίᾳ
439 625 499 708 τῆς
518 621 680 710 θεότητος
701 616 820 689 ·αῦτοῦ
842 626 980 709 γίγονεν,
1003 615 1072 688 ἀλλ’
1098 621 1145 701 είς
1167 621 1268 716 δόξαν
1279 624 1364 689 θεοῦ
1379 611 1450 689 πί

223 721 312 810 τρός.
356 723 436 804 δόξα
466 725 503 791 δὲ
523 721 651 810 πατρός
673 722 822 814 ἐστιτήν
843 723 1016 810 γενόμενον
1037 720 1222 810 ἄνθρωπον
1242 725 1297 790 καλ
1319 717 1449 790 ἀπολό-

72 857 76 872 =
135 841 321 911 κτάμενον
343 822 529 914 εῦρεθήναι,
551 825 607 892 καὶ
628 829 835 912 νεκρωθέντα
849 826 1111 914 ζωοποιηθήναι,
1126 827 1179 892 καί
1195 823 1275 892 ναὸν
1288 828 1450 910 γενέσθαι

222 930 318 996 θεοῦ.
361 929 415 994 καί
443 927 505 1015 γάρ
533 928 587 994 καί
614 929 682 993 τῶν
704 925 762 994 λέν
784 921 938 1014 οὐρανοῖς
959 926 1145 1012 δυνάμεων,
1168 919 1313 1012 ἀγγέλων
1333 950 1370 993 τε
1390 924 1447 992 καὶ

222 1022 426 1116 ἀρχαγγέλων
448 1022 502 1095 ἀεὶ
522 1029 584 1112 μὲν
604 1027 873 1114 προςκυνοόντων
896 1023 1006 1108 αὐτόν,
1040 1025 1310 1115 προςκυνούντων
1332 1027 1369 1094 δὲ
1389 1029 1445 1094 καί

114 1122 119 1130 ’
222 1133 280 1198 νῦν
309 1129 343 1198 ἐν
370 1133 418 1218 τῷ
448 1124 587 1215 όνόματι
610 1123 713 1217 Ἰησοῦ
734 1128 793 1198 τὸν
814 1129 941 1218 κύριον,
964 1125 1057 1218 ήμιῦν
1079 1129 1169 1197 ἐστιν
1191 1123 1288 1216 “οῦτη
1310 1124 1330 1214 ή
1350 1127 1447 1214 χάρις

220 1235 275 1300 καί
296 1227 530 1318 ῦπερόψωσις,
561 1226 625 1307 ὅτι,
641 1256 678 1298 τε
698 1233 752 1298 καὶ
775 1228 959 1320 ἄνθρωπος
978 1229 1152 1318 γενόμενος
1173 1238 1404 1316 προςκυνεῖται
1426 1225 1446 1295 ό

220 1336 279 1402 τοῦ
307 1337 392 1402 θεοῦ
414 1331 500 1414 υἱός,
530 1331 586 1400 καὶ
607 1327 646 1399 οῦ
669 1331 924 1420 ξενισθήσονται
946 1333 982 1400 αἱ
1003 1327 1173 1419 θοῦράνιοι
1194 1329 1349 1416 δυνάμεις
1368 1331 1448 1416 βλέ-

100 1437 103 1444 ’
219 1458 348 1504 πουσαι
368 1433 447 1514 τοὺς
468 1433 663 1520 συσσώμους
685 1434 809 1502 ἐκείνου
832 1433 961 1514 πάντας
981 1429 1068 1523 ήμᾶς
1082 1433 1309 1519 είςαγομένους
1324 1432 1371 1512 είς
1383 1430 1446 1510 τάς

218 1536 328 1624 χώρας
349 1531 466 1604 αῦτιῦν.
498 1534 606 1616 άλλως
628 1536 665 1604 δὲ
687 1531 746 1604 οῦκ
767 1530 808 1604 ἀν
830 1535 972 1622 ἐγεγόνει
991 1538 1099 1615 τοῦτο,
1123 1533 1219 1622 εἰμὴ
1241 1529 1261 1601 ὃ
1282 1533 1316 1600 όν
1330 1535 1446 1621 μορφῇ

219 1642 303 1707 θεοῦ
324 1634 481 1724 ὑπάρχων
504 1637 633 1727 εἰλήφει
654 1638 774 1705 δοῦλον
794 1636 936 1725 μορφήν,
958 1629 1015 1704 καὶ
1033 1636 1245 1715 ταπεινώσας
1266 1625 1306 1721 ἦν
1328 1633 1446 1703 ἑαυτὸν

219 1744 315 1826 μέχρι
335 1739 487 1807 θανάτου
508 1737 719 1826 συγχωρήσας
740 1737 877 1826 φθάσαι
896 1735 936 1804 τὸ
958 1741 1064 1822 σῶμα.

304 1847 356 1908 43.
397 1836 478 1909 Ἰόοῦ
506 1844 584 1928 γοῦν
612 1839 652 1907 τό
681 1838 894 1924 νομιζόμενον
917 1837 1010 1925 παρὰ
1031 1833 1230 1926 ἀνθρώποις
1250 1837 1363 1924 μωρὸν
1385 1839 1447 1905 τοῦ

218 1943 303 2010 θεοῦ
338 1941 394 2009 διὰ
426 1941 483 2009 τὸν
516 1941 656 2028 σταυρὸν
684 1947 796 2028 γέγονε
823 1940 958 2010 πάντων
980 1939 1214 2028 ’ἐντιμότερον
1259 1935 1361 2027 ήμὲν
1381 1939 1444 2027 γὰρ

119 2074 124 2086 *
219 2038 401 2123 ἀνάστασις
428 2039 521 2132 ήμῶν
551 2042 584 2110 ἐν
612 2036 702 2130 αῦτῷ
731 2039 923 2111 ἀπόκειται·
953 2036 1062 2109 οῦκέτι
1089 2041 1125 2110 δὲ
1145 2041 1248 2128 μόνος
1270 2036 1287 2106 ό
1307 2035 1443 2128 Ἰσραήλ,

219 2139 305 2214 ἀλλὰ
325 2149 378 2214 καὶ
402 2145 514 2212 πάντα
534 2143 577 2211 τά
597 2144 678 2230 ἔθνη
702 2143 838 2224 λοιπόν,
864 2139 911 2223 ὥς
931 2149 1124 2230 προείρηκεν
1148 2137 1167 2209 ὅ
1188 2141 1379 2231 προφήτης,
1401 2142 1446 2210 τὰ

152 2279 158 2292 ·
217 2249 278 2332 μὲν
300 2246 423 2315 εῗδωλα
445 2246 586 2316 ’,ἑαυτῶν
607 2244 935 2330 καταλιμπάνουσι“1,
957 2243 1015 2313 τὸν
1038 2244 1074 2311 δὲ
1097 2239 1259 2328 ἀληθινὸν
1280 2243 1365 2313 θεὸν
1386 2243 1444 2312 τὸν

217 2351 277 2416 τοῦ
299 2349 449 2434 Χριστοῦ
471 2352 600 2434 πατέρα
621 2339 886 2434 όπιγινώσκουσι,
909 2341 963 2414 καλ
985 2343 1080 2434 ήμὲν
1094 2348 1161 2414 τῶν
1177 2345 1344 2431 δαιμόνων
1359 2371 1444 2435 φαν-

218 2455 320 2516 τασία
339 2448 549 2537 κατήργηται,
571 2448 673 2533 μόνος
695 2449 731 2516 δδ
753 2443 771 2514 ὃ
794 2444 898 2527 ἀντως
919 2446 1002 2527 θεὸς
1023 2447 1058 2516 δν
1079 2451 1126 2535 τῷ
1150 2442 1289 2534 ὀνόματι
1310 2451 1368 2515 τοῦ
1390 2474 1441 2514 κυ-

218 2555 292 2634 ρίου
323 2545 416 2633 ήμῦν
440 2544 545 2636 Ἰησοῦ
566 2552 715 2635 Χριστοῦ
744 2553 984 2634 προςκυνεῦται.
1027 2547 1066 2616 τὸ
1094 2549 1131 2617 δδ
1159 2552 1214 2617 καὶ
1235 2549 1290 2617 ῑόν
1314 2546 1456 2633 σώματι.

217 2647 391 2734 γενόμενον
412 2647 470 2715 τόν
491 2647 602 2733 κόριον
623 2647 679 2716 καὶ
700 2651 864 2738 κληθέντα
876 2644 997 2737 Ἰησοῦν
1012 2658 1282 2737 προςκυνεῖσθαι,
1305 2648 1445 2734 πιστεό-

219 2754 321 2816 εσθαί
341 2759 378 2817 τε
406 2744 506 2817 αὐτὸν
527 2748 599 2816 υἱὸν
620 2751 704 2816 θεοῦ
725 2748 781 2816 καὶ
803 2746 844 2818 δι’
868 2745 969 2818 αῦτοῦ
992 2751 1273 2839 δπιγινιῦσκεσθαι
1293 2747 1351 2817 τὸν
1373 2773 1444 2816 πα-

216 2855 311 2938 τέρα,
335 2851 434 2939 δήλου
456 2845 498 2918 ἀν
520 2851 587 2939 εἴη,
610 2849 767 2937 καθάπερ
790 2852 934 2941 εἴρηται,
965 2848 1018 2920 ότι
1040 2848 1098 2937 οῦχ
1119 2849 1138 2919 ὁ
1160 2853 1256 2940 λόγος
1263 2839 1323 2939 μή
1345 2849 1444 2938 λόγος

176 2979 180 2986 ’
217 2950 322 3034 ἐστίν,
348 2952 445 3039 ἔλαβε
465 2950 525 3040 τήν
546 2952 700 3040 τοιαύτην
719 2952 830 3039 χάριν,
854 2949 922 3022 ἀλλ’
946 2948 1050 3043 ἡμεῖς.
1094 2953 1335 3050 1,διάγάρ·τήν
1357 2951 1444 3038 πρὸς

214 3053 255 3121 τὸ
277 3057 373 3140 σῶμα
395 3051 496 3123 αὐτοῦ
518 3060 704 3142 συγγένειαν
726 3053 805 3134 ναὸς
825 3055 1106 3148 θεοῦιγεγόναμεν
1127 3059 1182 3124 καί
1196 3051 1292 3144 ήμεῖς
1305 3057 1360 3123 καὶ
1376 3054 1444 3122 υἱοὶ

214 3159 300 3225 θεοῦ
333 3157 454 3226 λοιπὸν
482 3155 716 3244 πεποιήμεθα,
751 3153 834 3236 ιῦςτε
861 3160 915 3225 καὶ
938 3157 973 3226 ἐν
994 3153 1073 3246 ήμῖν
1095 3155 1156 3245 ήδη
1179 3160 1445 3244 προςκυνεῖσθαι

214 3255 273 3324 τὸν
293 3259 414 3345 κόριον,
437 3262 492 3326 καί
513 3251 591 3338 τοῦς
614 3254 760 3342 ὁρῶντας
782 3255 1009 3344 ἀπαγγέλλειν,
1033 3255 1079 3339 ιῦς
1100 3255 1119 3326 ό
1141 3254 1331 3338 ἀπόστολος
1353 3257 1444 3344 εἴρη-

215 3361 310 3438 nest),
334 3355 387 3424 ότι
409 3357 514 3436 όντως
535 3355 554 3424 ό
575 3356 658 3435 θεὸς
680 3357 714 3423 ἰν
736 3357 867 3436 τούτοις
889 3357 969 3438 ἔστί,
993 3360 1164 3445 ἰκοιθάπερ
1185 3359 1240 3427 καὶ
1263 3354 1442 3446 δἸωάννης

180 3455 188 3560 ἶ
215 3455 250 3522 ἒν
271 3457 331 3540 μὲν
353 3461 400 3543 τῷ
423 3453 598 3543 εὐαγγελίῳ
621 3465 739 3544 φησίν·
763 3454 845 3525 ὅσοι
861 3457 897 3525 δὲ
919 3458 1038 3544 ἔλαβον
1060 3459 1169 3542 αὐτόν,
1192 3461 1312 3550 Ιἔδωκεν
1327 3455 1444 3538 αὐτοῖς

187 3647 189 3650 ¹
216 3555 367 3636 ἐξουσίαν
395 3562 491 3624 τέκνα
517 3561 601 3624 θεοῦ
627 3561 830 3642 γενέσθαΰ),
866 3557 899 3626 ἐν
929 3559 966 3627 δὲ
987 3564 1026 3648 τῇ
1049 3561 1210 3649 ἐπιστολή
1239 3561 1374 3650 γράφει·
1406 3559 1442 3626 ἐν

214 3655 321 3743 τούτῳ
341 3656 552 3744 γινώσκομεν,
573 3654 629 3737 ότι
648 3664 741 3744 μένει
762 3658 798 3726 όν
817 3654 906 3747 ήμίν,
929 3659 964 3728 ἐκ
984 3665 1043 3730 τοῦ
1065 3663 1252 3748 πνεύματος
1274 3657 1384 3741 αὐτοῦ,
1400 3651 1442 3728 οῦ

215 3757 333 3827 ἔδωκεν
364 3754 483 3848 ἡμῖν’).
527 3758 697 3845 γνώρισμα
724 3760 762 3827 δέ
789 3759 861 3828 ἐστι
887 3759 944 3829 καλ
968 3765 1067 3832 τοῦτο
1094 3767 1154 3853 τῆς
1182 3765 1234 3844 είς,
1248 3761 1337 3851 ήμᾶς
1357 3757 1436 3848 παρ’

214 3853 316 3927 αῦτοῦ
337 3865 510 3949 γενομένης
531 3855 752 3949 ἀγαθότητος,
782 3857 835 3930 ότι
856 3857 951 3950 ἡμεῖς
970 3867 1031 3950 μὲν
1054 3861 1240 3954 ῦψιόθημεν
1263 3864 1320 3933 διά
1342 3863 1380 3930 τὸ
1403 3863 1439 3932 ἒν

284 4015 310 4078 ι)
329 4018 350 4068 1.
365 4019 466 4084 vmnp.
484 4020 522 4082 τι,
543 3987 581 4070 ω’
601 4020 641 4071 ιιι.
660 4019 683 4070 ε.
697 4019 762 4070 sm.
781 4015 818 4086 [ι.
837 4022 894 4083 εις.
913 4017 1001 4088 ml,
1020 4022 1044 4085 ε,
1064 4022 1104 4074 τι.
1175 4023 1200 4085 2)
1220 4025 1242 4074 ι.
1262 4023 1317 4076 cor.
1338 4021 1379 4083 ιι,
1397 4021 1440 4074 ιε.

212 4083 240 4148 31
257 4085 323 4136 loun.
344 4086 366 4148 1,
387 4087 424 4138 12.
494 4089 521 4150 λ)
542 4089 563 4139 1.
582 4089 646 4139 loun.
666 4088 690 4151 3,
709 4086 751 4138 24.
1467 4114 1474 4124 ·

246 4237 268 4272 ε.
287 4223 427 4286 διςοετίεο.
436 4215 569 4283 θεότητος·
580 4222 661 4273 τοῦτο
678 4219 799 4289 γέγονεν.
885 4239 905 4274 ο.
924 4227 1024 4286 Sessuer.
1050 4216 1117 4285 αῦτη
1124 4219 1227 4304 χάριν.
1263 4225 1315 4276 Mox
1339 4224 1440 4276 Gobler.

212 4290 265 4342 λλοι
282 4291 345 4345 idem
363 4299 387 4342 τι
400 4293 456 4356 θος.
472 4283 623 4358 γενόμενον
640 4285 799 4357 ἄνθρωπον.
849 4301 874 4344 τι
892 4293 996 4344 ῖοΙεΙωο.
1016 4293 1037 4343 1.
1057 4283 1102 4342 ῦτι
1119 4294 1267 4358 ανθρωπος
1283 4283 1439 4358 γενόμενος.

209 4358 245 4408 Ab
263 4357 317 4410 οΙῦι
334 4367 358 4410 ει
376 4361 447 4410 editis
465 4362 533 4410 ιΙνειι
550 4350 710 4428 ἄνθρωπον.
830 4373 832 4378 ’
884 4361 906 4410 δ.
927 4365 1027 4440 θεγυετ.
1051 4354 1081 4410 αλ
1103 4352 1235 4426 οῦράνιοι.
1273 4361 1335 4412 Editi
1357 4357 1441 4410 etalii

217 4457 221 4462 -
244 4427 268 4478 h.
286 4428 386 4492 Seguer.
405 4419 435 4477 όν
452 4419 570 4495 οῦρανρῖ.
592 4429 649 4478 abiu
669 4427 800 4479 soblem:
836 4420 880 4486 ,αἱ
898 4419 1033 4493 οῦρανιαι.
1068 4429 1143 4481 Ρεαλο
1161 4438 1217 4494 post
1229 4425 1440 4490 seguonflobier.

210 4493 314 4548 Folckm.
337 4498 359 4546 1.
377 4489 494 4563 καὶγὰρ
512 4495 569 4544 τῶν
581 4487 616 4546 ,όν
632 4487 769 4564 οῦρανοῖε.
850 4505 875 4547 ει
897 4497 1034 4566 θεΙςλτοεο.
1054 4497 1076 4547 1.
1100 4490 1140 4554 εἰς
1161 4491 1211 4552 τάς
1223 4489 1319 4566 χώρας
1335 4483 1439 4566 αῦτιῦν.
