2872 5046
386 229 533 275 semrom
546 231 583 275 eu
600 232 778 278 urrcrsruu.
1126 223 1186 290 833
1241 279 1251 290 ,

0 405 47 447 Ὶο
78 401 159 446 sene
182 397 258 461 opus
280 399 342 442 nou
362 381 486 455 suisset,
514 381 612 462 ipsum
635 383 713 446 enim
736 403 845 467 corpus
867 389 1074 472 perseipsum
1097 389 1275 455 abiis-ese.

37 503 111 566 quo
142 482 298 565 spiritibus
326 482 356 543 iu
384 483 502 545 interno
524 483 654 570 detentis
675 487 868 565 praedicaret.
912 489 974 554 lam
995 510 1067 554 sero
1090 493 1190 574 ipsum

0 616 3 645 t
45 606 85 650 m
107 583 301 666 prmdicaodi
324 583 417 664 gretie
438 583 604 664 proiectum
627 595 683 658 est,
706 605 815 668 eorpus
838 609 909 653 vero
931 593 1042 674 loseph
1064 593 1191 661 siudooe

19 698 124 752 utum
160 686 191 750 iu
219 685 365 765 Golgotha
392 685 555 766 deposuit,
584 687 782 769 omnibusque
809 693 962 773 propalam
995 697 1103 759 sectum
1134 708 1191 774 est,

8 811 58 856 us
89 807 156 850 nou
178 787 272 850 suiese
287 786 426 860 Verbum,
450 787 505 849 aed
519 786 607 850 Verbi
627 805 736 870 eorpus
758 791 863 854 fuisse.
906 793 972 857 Hoc
991 797 1100 877 ipsum,
1124 816 1191 863 cum

1 891 125 956 ,ortuis
146 889 380 961 resurrexisset,
410 885 542 950 Thomas
564 891 772 966 rourecensis,
801 891 968 975 tixuresque
990 897 1138 964 clavorum
1160 901 1191 964 iu

7 991 200 1074 conspexit,
223 1009 300 1070 quos
323 989 450 1052 Verbum
472 989 570 1070 ipsum
593 989 786 1068 sustinuerat,
809 993 879 1056 dum
902 995 969 1057 ilios
993 1002 1191 1079 corporisne

35 1093 143 1174 affigi,
165 1111 263 1172 oeque
283 1091 315 1154 id
336 1091 503 1170 probibuit,
527 1111 594 1155 eum
615 1093 778 1174 probibere
798 1079 925 1176 poss'et,
948 1097 1001 1159 sed
1024 1117 1099 1180 quoe
1120 1117 1191 1164 cer-

1 1221 25 1263 s
61 1204 161 1259 eraut
192 1194 314 1274 propria
347 1193 405 1256 eibi
441 1193 499 1275 ipsi
532 1195 712 1276 incorporeo
742 1197 896 1261 exsistenti
926 1199 1051 1279 propria
1083 1183 1192 1266 emese.

8 1301 110 1363 eirca
131 1293 199 1360 bum
222 1316 238 1358 e
260 1295 399 1359 ministro
421 1313 532 1376 corpus
554 1297 744 1373 caederetur,
770 1300 859 1394 poesi
887 1299 1048 1380 ipsummet
1069 1310 1191 1382 patere-

1 1455 3 1468 ,
41 1397 171 1462 siebat:
204 1397 286 1473 Quid
306 1417 352 1460 me
375 1395 498 1460 eredis?
540 1397 578 1459 Ει
604 1417 670 1460 cerm
692 1398 824 1462 Verbum
853 1401 957 1463 ueturd
986 1420 1040 1465 sue
1062 1400 1194 1468 intactile

9 1513 36 1578 t,
65 1498 195 1564 diesem
215 1508 330 1562 tamem
351 1499 487 1564 Dorsum
506 1519 605 1563 meurs
626 1499 694 1562 dedi
713 1502 754 1563 od
774 1501 906 1582 flogella,
929 1503 1195 1571 misererem

1 1627 23 1669 s
59 1603 109 1666 ed
140 1600 264 1682 elapso,
297 1602 461 1682 faciemque
486 1619 584 1663 meere
601 1617 673 1664 'uos
699 1605 801 1665 everti
827 1621 847 1664 o
870 1605 990 1684 probro
1019 1617 1192 1688 sputorum.

42 1719 135 1787 quae
156 1701 319 1765 humanum
341 1701 428 1764 Verbi
450 1720 560 1782 corpus
581 1701 759 1782 patiebatur,
780 1703 854 1766 beec
870 1705 937 1784 ipse
951 1705 1089 1781 Verbum,
1113 1709 1194 1788 quod

0 1807 71 1872 ·ori
99 1803 295 1866 coniunctum
319 1811 392 1876 eret,
415 1803 452 1865 ed
475 1822 508 1865 se
529 1803 687 1879 referebat,
711 1811 744 1866 ut
763 1823 819 1868 uos
841 1806 929 1868 Verbi
952 1807 1074 1893 Deitatis
1096 1810 1193 1890 parti-

1 1933 23 1974 e
50 1907 128 1972 fieri
151 1923 322 1986 possemus.
365 1902 408 1966 Δι’
428 1903 499 1968 iilud
521 1923 665 1986 perquem
686 1905 821 1968 mirabile
843 1907 907 1982 fuit,
930 1907 1009 1970 ide·
1027 1911 1275 1992 episcope-reu.

1 2037 22 2078 is
50 2021 84 2076 et
109 2025 178 2072 non
199 2009 331 2087 patiens,
360 2005 476 2086 paticus
498 2007 634 2085 quidem,
657 2013 805 2088 quetenus
825 2010 981 2089 preprium
1003 2011 1100 2089 ipsius
1122 2027 1194 2074 cor-

22 2111 210 2198 potiebetur
232 2115 261 2170 et
283 2115 431 2187 quatenus
452 2106 483 2167 in
506 2105 574 2186 ipso
596 2107 727 2187 patiente
750 2095 828 2181 eret,
857 2127 918 2170 nou
941 2104 1063 2188 ‘patiens
1085 2119 1194 2185 eutem,

1 2242 12 2283 ι
36 2211 200 2282 Verbum,
230 2226 297 2270 cum
324 2209 429 2269 nature
457 2209 511 2268 sud
532 2205 612 2268 Deus
640 2208 696 2281 sit,
723 2207 908 2287 impossibile
937 2217 993 2270 est
1037 2210 1075 2272 iit
1095 2209 1206 2292 ipsum

7 2339 76 2382 *em
102 2317 323 2388 incorporeum
342 2307 374 2368 iu
395 2305 529 2388 passibili
551 2326 678 2388 corpore
700 2315 780 2387 eret,
810 2327 919 2392 corpus
946 2327 1018 2373 sero
1041 2309 1072 2372 in
1094 2311 1196 2392 seipso

1 2422 54 2484 uit
70 2413 211 2478 Verbum
226 2407 419 2489 impassibile,
442 2409 523 2488 quod
539 2408 635 2489 ipsius
657 2409 795 2490 corporis
810 2409 998 2474 infirmitates
1013 2411 1194 2476 absumeret.

8 2533 116 2584 terum
140 2513 202 2575 boe
222 2509 290 2573 ideo
312 2510 432 2591 agebat,
461 2519 491 2572 et
515 2511 556 2572 ita
579 2529 612 2572 se
631 2529 685 2574 res
706 2507 848 2586 babebat,
877 2521 910 2578 ut
936 2523 1041 2577 noeu's
1064 2511 1194 2578 Verbum

1 2609 132 2702 cipieos
158 2611 349 2694 offerensque
377 2613 408 2674 iu
430 2611 614 2675 Sacrificium
635 2613 755 2692 penitus
777 2613 1029 2689 absumeret,'ee
1054 2614 1195 2696 deinceps

2 2750 13 2792 s
44 2740 108 2786 nos
140 2716 271 2780 indueus
298 2715 442 2796 Apostoio
471 2715 545 2777 baec
572 2713 689 2776 dicendi
718 2715 909 2778 occasionem
935 2713 1035 2776 deret:
1066 2715 1196 2796 Oportet

5 2820 166 2908 reputeris
197 2819 253 2880 boe
279 2819 407 2880 iuduere
428 2819 691 2898 incorruptionem
712 2829 741 2881 er
761 2815 892 2880 morteto
915 2813 970 2880 bec
991 2816 1118 2879 tsdsere
1139 2816 1197 2879 es-

4 2927 195 2992 rtuie'tutem.

44 3031 75 3091 7.
122 3019 209 3084 ilaec
230 3026 411 3080 autemnon
433 3019 551 3080 fictione
573 3017 758 3094 factasunt,
787 3017 1035 3099 quemadmodum
1062 3017 1198 3082 uomuiii

5 3131 187 3194 stimarurrt,
221 3119 316 3196 abeit3
345 3121 398 3183 sed
421 3119 575 3184 Salvatore
597 3139 667 3184 sere
688 3120 814 3182 bomine
832 3121 908 3182 tacto
932 3118 1002 3182 bine
1023 3119 1116 3182 totius
1136 3119 1197 3182 bo·

6 3234 47 3296 ris
73 3228 158 3292 seius
182 3231 370 3304 consequuta
392 3231 448 3286 eet.
490 3222 565 3284 Nam
586 3222 614 3284 si
635 3221 756 3284 fictione
776 3222 917 3284 duntaxat
931 3217 1058 3284 Verbum
1080 3221 1112 3282 ir
1127 3203 1197 3283 cer·

7 3357 33 3398 re
56 3331 130 3404 tuit,
165 3333 201 3389 ut
223 3325 264 3387 iiii
286 3333 455 3399 autumant,
478 3333 508 3386 et
531 3323 557 3386 si
579 3324 659 3404 quod
680 3323 789 3387 dieitur
809 3321 928 3386 fictione
951 3341 1022 3386 esse
1041 3323 1197 3404 pbautaeie

15 3486 22 3512 ,
62 3431 204 3513 sequitur
233 3434 267 3492 ut
293 3427 469 3504 secundumv
485 3425 696 3506 impiissimum
722 3422 924 3488 biauicbaeum
958 3424 1059 3505 speeie
1084 3432 1197 3487 terim

9 3559 50 3602 us
80 3534 164 3598 salue
193 3537 225 3592 et
251 3529 432 3592 resurrectio
454 3529 610 3590 hominum
630 3527 694 3590 teri
716 3525 840 3590 dicatur.
883 3527 991 3590 Versum
1013 3539 1199 3607 nequequam

10 3741 30 3774 ta
55 3723 158 3780 Sesuor.
183 3713 276 3776 rustic.
300 3715 399 3767 Gebier.
418 3715 522 3766 Veicim.
536 3717 559 3766 l.
589 3753 594 3758 -
610 3715 672 3766 Coit.
686 3715 759 3766 Cone.
769 3716 838 3766 Tem.
849 3712 885 3764 iV.
898 3709 1026 3779 p.ttee.],
1035 3713 1091 3762 item
1102 3709 1198 3774 Synodo

10 3792 59 3842 sod.
78 3779 126 3836 ἰ’νιι
144 3779 229 3852 ἡμεῖς·
611 3783 757 3835 Chalcedon.
777 3781 864 3846 [brusi
881 3780 997 3833 Tora.Vt.
1016 3793 1070 3843 pap.
1086 3773 1157 3844 bib]
1176 3787 1200 3829 et

11 3881 22 3910 ι.
41 3861 82 3909 Sic
100 3859 202 3934 δεμες.
222 3857 246 3900 ιι
264 3849 386 3928 Tb'eedor.
405 3865 476 3966 pecs„
484 3851 560 3902 secuti
611 3851 675 3914 epod
694 3849 850 3902 discretorem
869 3865 893 3914 p.
910 3848 966 3898 i'ti.
999 3843 1090 3908 diem
1108 3845 1200 3910 seror.

11 3943 61 3978 eus.
98 3923 161 3974 Editi
180 3935 214 3980 ην
232 3911 246 3965 d
264 3929 409 3984 πασχωνμ
423 3931 449 3974 ν,
461 3925 560 3968 orecte.
612 3917 758 3969 Chalcedon.
777 3918 849 3967 hebet
866 3919 1000 3981 appositive,
1020 3915 1138 3964 Mercator
1152 3929 1199 3978 pe·

12 4011 34 4045 ra
52 3996 153 4055 Seruus.
173 3987 272 4042 Gobisr.
291 3994 314 4036 ιι
331 3985 438 4035 isicim.
458 3984 480 4034 1.
497 3978 562 4038 θεὸς
612 3987 712 4047 turbu,
738 3986 780 4036 etii
804 3987 942 4049 edoptiese,
968 3995 1013 4032 uos
1031 3995 1085 4032 eum
1104 3978 1199 4031 ternio

25 4055 114 4126 λόγος.
611 4056 710 4118 pedere,
730 4062 754 4104 et
772 4054 808 4104 cio
823 4053 963 4103 carendum
981 4057 1120 4114 essepetet.
1147 4048 1201 4096 tior

13 4133 22 4180 ⁸.
46 4129 146 4182 Gobter.
171 4131 196 4175 ιι
219 4110 561 4187 ΡιΙοιω.1.ἄφινιζιντα
612 4121 685 4170 basii.
703 4113 846 4186 inem.
884 4119 936 4169 ides
954 4110 1200 4176 ὄντιιςᾶληθῆιιι·

13 4191 95 4250 vete
112 4188 209 4244 dasteri
227 4182 379 4243 deseretur.
418 4189 518 4250 Sernes.
537 4193 561 4237 ιι
611 4189 674 4239 bier.
691 4189 798 4240 Feieim.
816 4189 837 4238 t.
855 4188 929 4249 sege.
965 4188 1040 4236 Paeto
1057 4181 1200 4248 emesae.
1287 4213 1290 4218 -

14 4267 63 4314 sod.
82 4257 255 4330 ἀφανίζοντα
278 4251 331 4325 μὲν
348 4250 398 4310 rdr
414 4243 561 4308 essedae
613 4253 791 4307 certisime.
810 4245 937 4308 itureos
947 4245 1105 4320 osroenos.
1138 4247 1200 4298 ibid.

14 4331 60 4448 ιι
74 4323 273 4451 exterso
287 4316 562 4448 essem·
611 4307 1206 4444 ¹⁷⁴.⁹‘1.⁰..³rts..¹.⁰t·.teteurcei·

15 4477 33 4528 p.
52 4465 113 4514 iisse
129 4467 154 4516 io
171 4413 454 4532 S‘s‘esdoilpbesbcuL
473 4455 563 4528 [baeu
605 4460 660 4554 ⁸bet
676 4459 768 4514 satoris
787 4457 823 4527 [p.
835 4456 893 4510 bib.
913 4451 1024 4520 cubil..

16 4546 137 4594 trursxeu
148 4560 199 4595 err.
211 4561 281 4594 ross.
296 4559 345 4593 ιιι.
965 4537 998 4589 53
