3216 5048
566 271 993 317 emmerammenses.
1327 261 1388 324 249

162 427 213 504 ille
234 425 397 490 seeundum
420 423 579 486 humanam
602 429 735 488 naturam
757 424 826 504 ungi
849 424 965 497 dieitur,
989 442 1046 486 nos
1069 443 1189 498 sumus,
1213 425 1263 504 qui
1285 425 1316 486 in
1339 423 1475 487 illornae.

163 529 316 608 ungimur,
338 545 406 588 urm
428 523 499 586 item
521 522 697 603 baptizatur,
721 543 777 586 nes
799 525 829 586 in
852 545 888 588 eo
903 525 1096 607 baptizamur.
1139 526 1181 587 lle
1197 526 1305 606 quibus
1321 545 1388 589 om·

163 630 252 692 nibus
274 629 339 708 ipse
362 626 496 688 Salvator
517 624 625 686 elarius
648 624 692 686 sie
712 625 792 687 Patri
812 627 958 706 loquitur:
991 627 1029 692 lit
1050 646 1103 707 epo
1124 627 1271 708 pierium,
1301 647 1391 710 ςιιιιιιι

163 733 275 795 dedisti
293 730 382 800 mibi,
414 727 482 788 dedi
501 724 579 796 tttu,
602 735 637 786 ut
656 743 752 788 unum
774 729 850 798 aiot,
873 729 1118 807 quemadmodum
1140 747 1195 792 noa
1217 749 1313 792 unum
1334 749 1391 792 eat-

162 851 243 896 enus.
287 831 415 907 Propter
435 845 492 888 uos
514 825 605 905 igitur
627 826 716 887 etiam
736 827 905 906 postulabat
919 827 1054 905 gloriam,
1075 827 1179 908 illaque
1194 831 1281 892 rerba
1303 849 1391 894 oroe-

153 937 227 1014 .pe't,
251 933 390 1000 denovit,
413 927 561 991 exaltavit
583 926 659 988 diota
681 935 767 1001 sunt,
791 934 823 987 ut
844 927 958 988 scilieet
978 944 1035 988 nos
1056 929 1275 1007 aoeiperemua,
1300 931 1387 994 nobis

166 1031 302 1102 donaret,
325 1039 410 1108 atque
432 1028 462 1089 in
484 1027 534 1092 illo
556 1029 762 1104 exaltaremur,
785 1027 1031 1108 quemadmodum
1051 1046 1085 1090 se
1106 1029 1169 1110 ipse
1184 1051 1301 1112 queque
1316 1053 1387 1096 san·
1404 1029 1420 1052 ²

167 1131 282 1205 etilieat,
304 1139 336 1192 ut
357 1148 413 1192 nos
436 1129 467 1191 in
489 1149 524 1191 eo
547 1130 773 1192 sanctificemur.
1240 1134 1244 1142 '

252 1437 303 1499 te.
348 1433 484 1508 Quodsi
506 1432 578 1494 haee
600 1431 709 1496 Psalmi
730 1431 835 1494 rerba:
864 1431 985 1496 Idcirco
1006 1429 1099 1496 uomit
1121 1445 1164 1510 te,
1187 1434 1286 1506 deur,
1311 1433 1392 1496 Paua

165 1550 250 1608 traua,
273 1535 303 1598 in
326 1555 411 1614 auum
435 1553 557 1598 sensum
580 1534 756 1614 detorquere
779 1533 969 1608 contendant,
992 1535 1157 1614 intelligant
1173 1535 1392 1615 seripturarum

165 1632 295 1719 imperiti
317 1637 549 1716 inventoresque
572 1635 749 1716 impietatis,
777 1653 885 1698 rursus
913 1654 986 1698 roae
1015 1635 1063 1698 illa
1085 1636 1203 1699 ideireo
1227 1656 1287 1699 nou
1310 1634 1391 1700 ruer-

165 1742 266 1804 eedem
290 1739 405 1802 uirtutis
429 1737 476 1800 vel
496 1737 645 1800 actionum
668 1737 755 1800 Verbi
774 1737 947 1818 significari,
976 1739 1030 1800 sed
1051 1756 1168 1801 eausam
1191 1739 1312 1802 eiusad
1335 1757 1392 1802 nos

166 1843 307 1904 adventus
334 1839 545 1920 unctionisque
574 1841 719 1920 Spiritus,
751 1859 825 1920 quae
852 1859 907 1920 pro
935 1839 1023 1902 nobis
1052 1839 1083 1901 iu
1112 1839 1162 1901 illo
1184 1843 1391 1921 peragebatur.

167 1944 229 2004 Neo
250 1942 327 2004 enirn
349 1941 438 2004 dixit:
462 1943 603 2016 „ldea'reo
625 1943 711 2004 unxit
732 1949 772 2015 te,
794 1949 828 2002 ut
849 1942 937 2004 lieres
960 1941 1049 2016 Deus,
1073 1941 1118 2004 rel
1141 1961 1204 2017 rex,
1226 1943 1390 2016 vallilias,

169 2043 243 2118 „vel
265 2043 435 2118 Verbum;“
466 2045 495 2106 id
525 2045 604 2107 enirn
633 2053 719 2112 antea
742 2051 806 2105 erat
827 2051 857 2104 et
878 2061 996 2123 semper
1018 2052 1081 2112 est.
1110 2043 1152 2106 uti
1183 2043 1391 2124 probavimus,

165 2145 218 2207 sed
240 2147 355 2226 potius:
379 2147 476 2220 „Quia
500 2153 530 2208 et
544 2145 623 2208 Deus
641 2154 671 2206 et
691 2163 743 2206 rex
765 2163 808 2218 es,
830 2145 943 2207 ideireo
958 2153 1065 2220 pnotua
1080 2163 1130 2214 es:
1153 2145 1392 2223 quandoquidem

166 2266 281 2322 „nemo
303 2249 379 2311 alius
401 2257 521 2328 poterat
541 2248 691 2308 homiaem
713 2263 781 2308 eum
802 2245 913 2324 Spiritu
946 2253 1049 2306 saneto
1072 2245 1251 2323 coniungere
1272 2255 1392 2324 praeter

167 2358 234 2424 „te,
256 2350 307 2427 qui
329 2351 426 2427 imago
450 2367 484 2410 es
505 2347 615 2420 Patria,
636 2348 672 2408 ad
694 2348 778 2409 euius
800 2334 1023 2408 similitudinem
1045 2363 1102 2406 nos
1123 2363 1240 2424 quoque
1255 2345 1292 2406 ab
1307 2345 1393 2408 initio

168 2467 302 2523 „sumus
325 2449 425 2512 oraru.
468 2447 541 2510 Nam
563 2457 632 2510 tuus
653 2456 701 2509 est
722 2449 787 2529 ipse
808 2447 971 2528 Spiritue.“
1015 2445 1076 2508 Nea
1090 2446 1169 2508 enim
1183 2463 1285 2508 rerum
1301 2446 1392 2508 laeta·

167 2567 234 2612 rum
257 2557 361 2610 natura
383 2548 419 2610 ad
440 2550 499 2610 boo
518 2567 626 2612 munus
649 2558 712 2611 erat
733 2549 856 2623 idonea,
887 2565 954 2611 oum
981 2558 1011 2610 et
1031 2547 1133 2628 angeli
1155 2549 1342 2629 peeoaverint
1363 2558 1397 2611 et-

166 2649 305 2712 bominea
327 2650 388 2711 Deo
411 2665 516 2729 parere
538 2650 696 2714 noluerint.
742 2651 930 2731 Quapropter
950 2651 1012 2712 lieo
1036 2668 1113 2728 opus
1135 2658 1198 2712 erat
1220 2649 1314 2724 (Deus
1336 2668 1391 2712 au-

166 2761 227 2814 tem
251 2761 299 2814 est
318 2751 477 2826 Verbum),
499 2757 532 2812 ut
553 2769 606 2813 eoa
626 2753 785 2826 liberaret,
808 2752 858 2832 qui
881 2753 950 2830 iugo
973 2751 1188 2814 maledictionis
1210 2749 1391 2830 premeban-

166 2860 225 2914 tur.
269 2853 368 2932 ltaque
392 2853 418 2914 si
440 2871 476 2914 ea
498 2851 592 2914 nilrilo
614 2862 711 2927 esset,
740 2854 806 2932 ipse
826 2871 888 2914 non
917 2862 998 2914 esset
1019 2853 1173 2925 Christus,
1203 2853 1313 2932 quippe
1341 2851 1392 2930 qui

166 2953 246 3014 inter
267 2971 316 3014 res
339 2953 410 3014 alias
434 2961 547 3015 creatae
569 2962 599 3015 et
620 2953 686 3032 ipse
707 2955 803 3016 locum
827 2953 950 3014 haberet
972 2962 1001 3014 et
1029 2961 1111 3014 esset
1141 2951 1276 3016 similiter
1297 2951 1392 3030 parti-

167 3073 249 3134 oeps.
293 3053 330 3116 rlt
351 3054 417 3133 quia
441 3052 519 3116 Deus
542 3061 605 3126 eet,
628 3072 694 3114 euru
716 3055 756 3116 sit
777 3053 829 3114 Dei
851 3052 961 3126 Filius,
985 3053 1054 3132 quia
1075 3053 1145 3114 item
1169 3070 1221 3113 rex
1243 3059 1291 3112 est
1311 3070 1394 3112 aem-

165 3155 320 3237 piternus‚
348 3173 414 3216 eum
436 3155 476 3217 eit
497 3155 641 3236 splendor
663 3163 691 3216 et
713 3155 804 3232 ligura
826 3153 940 3226 Patris,
971 3152 1079 3214 ideireo
1108 3151 1319 3214 convenienter
1340 3150 1394 3211 ad-

165 3255 286 3318 modum
315 3257 380 3336 ipse
414 3263 461 3318 est
489 3255 538 3336 qui
566 3254 791 3335 exspectabatur
813 3253 966 3328 Christus,
1001 3271 1087 3334 quern
1109 3253 1197 3315 Pater
1224 3249 1395 3314 horninibus

166 3359 402 3437 praenunciavit,
425 3377 490 3422 eum
514 3377 581 3420 eum
605 3357 716 3419 sanetis
740 3357 803 3419 suis
825 3356 984 3435 Prophetis
1007 3354 1165 3426 revelaret,
1195 3361 1228 3414 ut
1249 3351 1480 3433 quemad-rm.

166 3461 286 3522 modum
306 3479 363 3540 per
389 3461 488 3541 ipsum
510 3460 578 3522 laeti
600 3460 727 3534 luimus,
760 3459 800 3520 ita
827 3459 959 3521 omnium
986 3465 1174 3538 peecatorum
1195 3453 1340 3516 redemtio
1362 3453 1394 3516 in

167 3563 319 3636 calleret,
343 3563 500 3643 omniaque
522 3561 586 3625 eiua
610 3561 809 3624 subderentur
831 3559 966 3642 imperio.
1010 3558 1090 3621 Haeo
1104 3574 1192 3620 eausa
1215 3564 1272 3630 est,
1296 3573 1348 3619 our
1362 3554 1393 3618 in

1032 3694 1044 3717 θ

166 3739 264 3795 ἑαυτὸν
282 3739 401 3811 ἁγιάζει,
426 3739 458 3796 ἵν’
479 3743 555 3815 ἡμεῖς
572 3743 753 3814 ἃγιασθῶμεν
838 3750 854 3798 l.
873 3745 1127 3810 sicSeguermtteg.
1164 3744 1191 3794 ln
1209 3743 1264 3792 aliie
1283 3749 1305 3791 et
1323 3741 1394 3792 editis

165 3808 195 3862 lv
222 3805 296 3879 αὐτῷ
322 3819 526 3878 lrabentSepuer.
545 3821 636 3877 luntre.
655 3819 752 3869 Gobler.
803 3811 943 3866 natusest.
980 3815 1053 3864 Panlo
1072 3821 1128 3876 poet
1146 3810 1284 3861 toreuma.
1301 3821 1395 3874 γεννη·

166 3889 189 3931 et
207 3883 310 3932 toletan.
333 3885 352 3933 l.
374 3881 649 3950 legeratqnelt'anoine',
667 3886 755 3936 deerant
805 3881 868 3932 τῶν.
905 3883 964 3932 lbid.
991 3883 1089 3944 Seguer.
1115 3879 1236 3940 tagliano.
1256 3878 1352 3927 Gobler.
1371 3883 1395 3927 et

166 3948 190 3998 in
201 3955 288 3998 arteris
299 3960 321 4001 et
332 3953 412 4002 editis.
433 3953 482 4002 totu
502 3954 602 4012 Seaurr.
614 3956 670 4013 Reg.
682 3955 754 4003 lteail.
805 3951 909 4000 betelon.
932 3950 953 3999 l.
973 3940 1021 3996 ota
1040 3935 1072 4006 ἦν
1090 3939 1256 4002 ἀξιόπιστος.
1283 3944 1396 3994 Cetariat

166 4016 249 4076 boalia
283 4027 303 4068 et
324 4019 467 4070 anaema.
485 4020 671 4084 npocxaiodoeu
709 4021 754 4070 atti
806 4019 862 4068 editi
882 4007 931 4064 aba
948 4008 1024 4064 ἔστιν
1042 4007 1208 4070 ἂξιὸπισῐος.

165 4093 188 4132 et
206 4088 263 4134 editi
281 4088 452 4153 προκεῖσθαι.
486 4089 536 4136 Μοι
554 4087 755 4150 aegelnotus.
855 4089 980 4146 ,segusa
998 4067 1036 4134 air
1052 4080 1109 4130 τῶν
1126 4073 1246 4136 πάντων.
1271 4077 1396 4156 bloxitlttm¹

164 4144 237 4207 aedo,
258 4146 272 4200 ὃ
292 4147 356 4208 »νεός
373 4169 431 4206 σου.
457 4157 483 4206 ln
502 4155 556 4204 aliis
575 4155 758 4205 etedltisdeest
807 4153 872 4205 deor
888 4143 956 4205 tort,
975 4147 1043 4198 θεοῦ
1060 4141 1118 4201 uida
1136 4141 1182 4200 niv.
1217 4147 1330 4212 attatei
1355 4144 1396 4194 alu

165 4209 264 4274 ὃθεός
282 4234 340 4273 σου,
807 4213 872 4273 θεός
888 4213 957 4272 tort,
975 4210 1106 4266 soldrad
1124 4226 1169 4268 ete
1339 4251 1342 4256 .
1404 4255 1409 4262 .

197 4290 219 4338 d.
240 4289 337 4338 ttottler.
357 4299 381 4340 et
398 4291 503 4341 Petelina.
526 4290 547 4338 t.
564 4280 715 4352 ιιᾷνταῦθα.
842 4289 864 4336 Ιι.
884 4289 985 4350 ευμεν,
1002 4286 1093 4348 tuelle.
1112 4285 1211 4337 Gobler.
1224 4279 1362 4331 etPelelm.
1374 4277 1398 4328 l.

198 4369 219 4403 e.
244 4356 285 4406 Sic
310 4361 402 4419 Srgrm
435 4366 458 4407 et
477 4357 532 4419 trag.
569 4363 596 4407 tt
615 4357 713 4408 Gobler.
733 4363 757 4406 et
802 4347 926 4420 χριστός.
962 4354 1005 4403 tlii
1032 4345 1246 4418 eteditlataiptor.
1281 4347 1333 4397 blox
1351 4347 1397 4422 Se·

165 4422 269 4472 Patalam.
285 4425 304 4473 l.
324 4419 390 4479 θεὸς
407 4415 425 4485 ἧ
442 4439 486 4490 pro
504 4419 569 4478 debr
585 4412 618 4474 el.
656 4425 719 4473 Editi
733 4430 758 4474 ot
807 4424 914 4482 guenta.
934 4413 1105 4484 ἀπαγγέλλει,
1127 4427 1152 4468 ιιι
1170 4427 1194 4468 et
1205 4415 1312 4467 Naeuius
1331 4413 1396 4474 leget.

164 4489 205 4538 alti
223 4478 248 4538 al
265 4501 385 4545 emittunt
809 4488 887 4538 Ceteri
906 4495 930 4537 et
947 4488 1004 4538 editi
1023 4478 1170 4536 datarus.
