3212 5060
490 235 500 252 ⁰
570 265 680 312 omma
693 265 739 310 rn.
753 255 870 310 eoiret
884 263 1021 308 mimas.
1332 249 1396 315 500

158 446 309 508 „eorpus
333 393 460 504 euqua
481 425 608 501 propter
628 426 659 480 to
673 417 704 480 in
718 435 767 480 me
781 416 936 480 hominum
953 415 1034 478 salus
1052 416 1181 495 perlecta
1198 417 1295 490 luerit,
1319 435 1482 498 roqorsn.

162 537 227 606 „nt
249 537 278 592 et
298 527 357 610 ipsi
379 541 472 589 unum
494 522 578 594 dant,
600 519 736 601 eorporis
759 517 872 581 scilieet
893 517 973 597 quod
995 515 1025 578 in
1048 521 1097 578 ine
1119 523 1166 580 est
1187 516 1310 598 eiusque
1320 537 1393 599 per-

161 677 182 706 „
192 631 330 694 leodonis
345 624 568 698 communione,
591 641 654 703 quo
668 629 699 684 et
712 609 770 703 i'psi
788 620 931 682 unitatem
947 637 1013 680 oum
1029 637 1066 680 eo
1082 619 1225 710 habentes
1245 637 1394 700 unumque

161 733 226 808 „in
248 733 315 813 ipso
340 729 437 794 eflecti
459 725 584 808 parienti
605 724 777 796 reddantur,
799 731 834 784 ut
854 739 959 784 omnes
982 739 1063 782 ame
1077 721 1165 782 veluti
1181 721 1288 800 qestati
1303 737 1481 784 neomenia.

163 835 254 910 „sint
268 851 378 913 eorpus
393 838 423 892 et
436 847 513 894 unns
530 827 665 907 spiritns,
690 833 886 903 neaurantque
902 823 1038 884 invirum
1051 823 1247 902 perlectum.⁴‘
1281 823 1395 884 Omnes

161 937 243 999 enim
265 933 363 1016 ipsius
384 932 452 996 loeti
474 929 636 1014 parlidpea
658 945 748 990 unum
771 925 916 988 eldoinrur
938 943 1066 1004 eorpus,
1096 924 1144 1004 qui
1173 943 1281 1004 nempe
1302 943 1395 986 unum

157 1035 323 1101 Dominum
352 1034 382 1096 in
411 1033 500 1096 nobis
531 1031 607 1112 ipsis
638 1029 791 1091 hahemus.
837 1026 910 1089 Cum
938 1027 1027 1106 igitur
1057 1045 1090 1088 ea
1121 1026 1161 1088 sit
1182 1043 1249 1088 vera
1272 1026 1395 1090 hirioseo

163 1139 222 1202 loci
238 1137 410 1219 Scriptoree
431 1132 651 1213 interpretatio,
672 1130 767 1209 magis
789 1129 924 1209 proiecto
946 1127 1016 1190 inde
1038 1126 1226 1207 redarguitur
1247 1126 1393 1191 haeretice

164 1239 274 1304 Christi
308 1237 443 1300 hosdem
476 1233 633 1298 sententio.
676 1231 750 1293 Nom
783 1238 816 1293 ut
848 1249 924 1310 quae
955 1231 1021 1292 luse
1050 1249 1065 1292 a
1093 1229 1181 1292 nobis
1215 1238 1287 1292 sunt
1308 1231 1396 1306 dieta,

164 1341 297 1404 breviter
327 1345 476 1419 repetam,
510 1336 537 1398 si
566 1333 739 1416 simpliciter
767 1341 797 1394 et
823 1331 959 1394 obsolute
987 1330 1128 1394 dixisset:
1160 1331 1199 1394 Ut
1225 1331 1287 1393 sint
1313 1331 1343 1392 in
1366 1341 1397 1393 te

163 1461 269 1516 nnurn,
292 1439 339 1502 rel
361 1439 399 1501 Ut
420 1438 475 1520 ipsi
497 1447 526 1500 et
548 1457 603 1518 ego
626 1437 656 1498 in
678 1445 708 1498 te
730 1453 822 1497 unuin
845 1431 951 1506 simus,
974 1433 1099 1513 aliquam
1119 1432 1223 1496 saltem
1238 1451 1274 1494 ex
1289 1433 1395 1496 heins-

163 1545 248 1608 modi
276 1541 375 1606 rerbis
405 1559 523 1604 oausam
555 1538 750 1612 habuissent,
783 1554 870 1616 quam
902 1542 932 1596 et
960 1535 1071 1614 absque
1093 1534 1207 1614 pudore
1228 1535 1396 1616 potuissent

162 1649 311 1727 prolerre.
342 1645 449 1705 Verum
471 1661 532 1704 non
554 1641 595 1704 ita
616 1641 734 1703 loeutus
757 1647 814 1710 est,
837 1637 890 1699 sed
913 1637 987 1699 haee
1009 1643 1080 1698 sunt
1101 1636 1165 1700 eius
1187 1635 1292 1699 verba:
1315 1641 1396 1700 siant

163 1761 215 1820 m,
237 1746 347 1818 Pater,
375 1749 407 1808 in
428 1763 474 1806 aaa
496 1757 526 1808 er
547 1763 599 1824 eqo
623 1747 655 1805 in
677 1753 720 1813 te,
750 1753 785 1804 nt
808 1759 908 1804 amaea
930 1759 1026 1803 onom
1048 1743 1119 1802 sint.
1166 1739 1231 1812 Qua
1252 1737 1395 1819 portianis

166 1854 247 1912 siret
279 1848 381 1929 prooul
414 1846 482 1908 illos
517 1845 625 1908 abesse
659 1842 805 1923 significat
833 1861 848 1904 a
876 1841 967 1905 mado
1000 1861 1060 1923 quo
1087 1841 1152 1922 ipse
1176 1849 1221 1904 est
1243 1842 1273 1904 in
1295 1841 1393 1914 Patre,

168 1949 274 2030 prooul
294 1949 410 2030 inquam
432 1967 494 2012 non
516 1948 600 2018 loeo,
630 1945 683 2008 sed
705 1949 819 2008 naturd.
864 1945 1016 2026 Siquidem
1039 1943 1112 2006 niluil
1134 1943 1200 2007 loeo
1222 1944 1326 2024 produt
1348 1951 1395 2006 est

167 2051 275 2125 alteo,
297 2051 348 2114 sed
371 2051 436 2138 soli
458 2052 564 2112 noturi
586 2048 691 2128 procul
712 2048 749 2109 ab
771 2048 839 2128 ipso
862 2056 934 2110 sunt
947 2067 997 2110 res
1021 2041 1188 2109 universae.
1233 2046 1392 2119 Quocirca,

165 2160 305 2233 utsupra
328 2152 427 2223 donui,
450 2149 593 2231 particula
615 2153 696 2211 riaot
716 2166 778 2209 non
800 2149 983 2210 identitatem
1007 2149 1052 2210 rel
1071 2149 1274 2229 aequalitatem
1297 2147 1392 2236 sigqi-

162 2253 237 2327 licat,
261 2255 314 2318 sed
337 2261 408 2316 nota
432 2260 480 2313 est
501 2249 625 2311 alieuius
648 2247 849 2311 similitudinis
872 2269 937 2312 aum
960 2267 1003 2321 re,
1027 2249 1064 2310 de
1086 2269 1142 2329 quo
1165 2250 1270 2330 agitur.

246 2359 299 2420 23.
345 2353 425 2426 Quin
449 2351 536 2411 etiam
560 2349 638 2411 idern
661 2349 775 2411 discere
797 2369 960 2430 possumus
984 2369 1019 2412 ex
1038 2349 1085 2411 his
1101 2350 1262 2414 salvatoris
1276 2349 1392 2412 verbis:

64 2447 68 2450 ’
161 2456 250 2518 Sient
272 2457 351 2514 enim
372 2453 436 2532 sair
457 2451 551 2513 loaar
572 2453 605 2512 ia
627 2461 733 2514 ventre
757 2457 814 2515 aeti
834 2453 932 2516 trtius
956 2452 1058 2516 dielnr
1080 2463 1108 2515 et
1130 2455 1228 2518 tritas
1244 2453 1391 2523 sortitur,

150 2545 208 2615 'sir
231 2557 291 2615 erit
313 2551 410 2616 Filios
432 2553 561 2616 laminir
582 2557 614 2616 in
638 2555 728 2618 eorde
750 2565 863 2618 tarrae.
907 2553 1008 2634 Neque
1038 2555 1116 2618 eninr
1138 2555 1227 2619 lones
1249 2555 1315 2618 talis
1337 2555 1395 2617 luit

163 2653 260 2734 qualis
283 2653 433 2730 Salvator,
462 2673 558 2737 neque
575 2656 668 2732 ¹lanas
691 2657 721 2720 in
744 2656 892 2719 infernum
916 2655 1083 2730 deseendit,
1114 2677 1211 2739 neque
1232 2665 1316 2720 eetus
1338 2655 1394 2718 luit

163 2757 314 2832 inlarnns3
336 2765 488 2838 praeterea
510 2777 608 2840 neque
623 2760 783 2839 absorptos
796 2758 885 2819 lonas
901 2771 965 2830 ens,
988 2777 1064 2838 quos
1086 2767 1169 2821 aetus
1188 2758 1392 2837 absorpserit,

162 2858 290 2930 reduxit,
312 2859 364 2920 sed
387 2859 471 2921 solos
495 2879 531 2920 ex
552 2869 616 2920 ceto
632 2859 694 2922 Deo
717 2858 838 2920 iubente
860 2876 1000 2936 egressus
1023 2865 1077 2918 est.
1121 2859 1187 2920 Non
1210 2877 1281 2939 erqo
1303 2858 1392 2922 iden-

163 2957 277 3018 titatem
307 2965 357 3017 aut
383 2958 602 3036 aequalitatem,
635 2959 689 3020 sed
718 2957 797 3020 aliud
819 2967 850 3020 et
870 2957 948 3021 aliud
971 2957 1111 3039 partiente
1136 2963 1214 3022 aiant
1236 2959 1393 3036 signifieat,

165 3055 447 3138 similitudinemque
467 3057 620 3120 'duntaxat
651 3059 776 3138 aliquam
812 3059 851 3121 ab
884 3057 956 3120 illud
989 3058 1118 3120 triduum
1152 3058 1283 3119 denotat.
1333 3056 1395 3118 Nee

165 3157 257 3238 igitur
280 3177 314 3220 ex
335 3158 392 3220 hae
411 3157 529 3222 Domini
551 3177 625 3222 voce
647 3163 727 3225 siant
747 3161 969 3241 intelligendum
993 3167 1049 3232 est,
1071 3177 1128 3221 nos
1144 3159 1184 3222 ita
1200 3175 1267 3220 esse
1288 3175 1393 3239 posse,

164 3347 246 3397 manui
266 3347 288 3396 l.
322 3347 350 3396 n
374 3345 414 3404 olii
438 3353 462 3396 et
481 3345 537 3396 editi
554 3359 614 3400 nora
631 3348 752 3398 amittunt.
803 3357 850 3399 stat
860 3349 976 3410 integrior
985 3349 1134 3398 observatio:
1153 3339 1197 3396 ὅτι
1213 3338 1392 3412 quaesiim-

163 3415 238 3494 l’qulo
257 3423 313 3496 poqt
330 3417 385 3478 lieq.
407 3415 428 3464 l.
444 3417 583 3494 etdeqoer.
603 3405 665 3465 οὔτε
683 3407 720 3496 oia¹
732 3408 752 3494 'd
804 3429 846 3471 σις
855 3412 962 3496 1τέλειςς
979 3409 1024 3465 int
1042 3408 1390 3499 reiraiyiarraifidorpo'rq
1449 3445 1452 3452 ·

162 3474 751 3616 timuere,*inferintatt
802 3477 1192 3634 tut-,aurinand
1209 3495 1391 3620 mutini

163 3627 187 3668 et
203 3619 295 3680 anglio.
313 3627 369 3682 post
385 3610 479 3670 noodr
495 3619 554 3669 haec
578 3621 658 3671 addita
679 3631 749 3670 sont:
800 3614 926 3685 βούλησις
948 3615 994 3670 ital
1012 3617 1126 3687 δυναμις
1142 3616 1188 3669 καί
1205 3615 1327 3702 ἐνέργεια
1344 3617 1391 3672 aral

164 3677 179 3744 ἦ
205 3677 272 3751 a‘ryia
289 3679 335 3733 arai
353 3679 499 3764 ὁμοούσως
515 3679 601 3756 ratris.
625 3681 702 3755 ἡμεῖς
720 3681 750 3736 δὲ
800 3685 921 3756 diique·
939 3683 985 3737 deit
1004 3687 1084 3738 τοῦτο
1102 3683 1148 3737 arai
1165 3674 1203 3742 alr
1218 3690 1392 3758 θεοςκυρίως

163 3745 268 3869 aare}
281 3745 432 3868 inornata
448 3745 622 3869 ἱᾍςεῐνῶατά
640 3749 748 3836 ςποὶνμι,
801 3751 1001 3872 garimundum.
1020 3759 1043 3835 9.
1067 3749 1161 3838 aqiaaqs
1176 3751 1390 3874 Jgritclylataaal

162 3833 410 3954 ,ristun
426 3835 752 4004 „marasan
802 3836 1390 3959 ,inanissimae„itannt

162 3953 220 4010 lars
235 3956 312 4007 ndat.
333 3955 414 4006 τοῦτο
431 3967 478 4004 και
508 3969 539 4002 nr
553 3950 749 4022 τῶνᾶγγέλων.
801 3955 848 4007 δια
879 3953 985 4026 odaria
1009 3955 1056 4008 arai
1078 3953 1154 4026 τόπῳ
1171 3955 1218 4009 arai
1230 3977 1251 4028 χ
1271 3955 1327 4027 o'vqr
1343 3957 1389 4012 nai

163 4025 190 4076 ld
209 4033 246 4076 est
268 4029 354 4076 Sanata
377 4033 398 4074 et
416 4025 621 4076 consubstantialis
641 4027 749 4075 Trinitas.
802 4022 918 4093 δυναμει
935 4023 981 4075 καὶ
998 4020 1121 4096 ἐνεργείᾳ
1137 4023 1183 4076 aral
1219 3977 1326 4089 aalaidis
1342 4025 1389 4082 aral

162 4092 211 4143 lior
235 4109 288 4144 aero
317 4095 408 4144 tametsi
430 4107 510 4143 rumor
528 4094 551 4142 ia
570 4093 676 4143 amolior
694 4109 750 4144 aaa·
800 4094 858 4147 rolf
875 4085 965 4148 ἄλλοις
980 4094 1056 4145 πᾶσι.
1086 4095 1167 4145 τοῦτο
1201 4091 1389 4163 ἑκαὶέπὶᾶγ-

162 4161 335 4223 ralstaatialer,
355 4169 455 4212 attamen
472 4161 597 4211 dividimur
614 4159 673 4222 loco,
693 4167 750 4210 tem·
800 4157 894 4227 γέλων.
931 4164 956 4212 ld
967 4171 1003 4214 eat
1021 4165 1140 4216 Naturalis
1158 4169 1213 4216 nnio
1226 4169 1388 4232 periodorum

101 4239 108 4256 ·
161 4243 226 4292 pore,
247 4231 378 4292 officiorum,
391 4229 750 4294 votonnra,amaitosqoeatitr.
802 4237 836 4281 ert
860 4233 884 4281 ia
907 4239 987 4282 sanata
1006 4233 1123 4284 Trinitate.
1159 4233 1205 4284 lira
1223 4237 1282 4283 enim
1301 4239 1387 4282 tantam

162 4297 224 4345 ldeaa
241 4298 311 4346 eliam
328 4298 597 4361 dadrqelirdieendnm.
633 4297 751 4346 sedimen
802 4315 849 4348 aaa
871 4305 955 4349 antara
979 4307 1012 4350 eat
1030 4301 1144 4352 eiusmodi
1161 4303 1290 4351 substantia
1308 4301 1387 4349 sancto

164 4377 191 4411 ar
216 4365 324 4426 margins
349 4365 373 4414 in
399 4373 487 4414 tertam
507 4365 635 4429 irrepsisse
653 4365 751 4430 perspi·
804 4366 912 4427 Trinitas,
931 4369 973 4416 red
991 4369 1283 4427 etiamnaarrtaatortar,
1302 4367 1383 4416 atrior,

163 4443 234 4478 eoam
253 4439 298 4480 est.
340 4432 400 4482 ilino
423 4433 446 4482 io
471 4435 579 4495 margine
602 4433 708 4483 Fatetur.
727 4431 750 4482 2.
802 4435 924 4498 efficientia
947 4441 969 4485 et
991 4438 1127 4496 arbitrium,
1158 4429 1387 4483 moereamus

162 4503 188 4544 et
205 4495 231 4544 ir.
248 4505 320 4562 atqua
344 4500 414 4548 edom
432 4499 506 4552 Basti.
524 4501 689 4552 hircilidem
709 4513 751 4550 er·
798 4505 892 4567 proprie
910 4510 944 4554 ert
961 4509 1041 4554 saneto
1059 4509 1080 4552 et
1096 4499 1299 4552 terminantialir
1311 4492 1388 4546 nisi-
