3174 5082
341 1237 1089 1364 &momnlmmsmmnm

491 1417 943 1548 ATHANA'Sll

391 1575 719 1629 AllClllEl'lSCOPl
737 1577 1040 1632 atuxaanatas

586 1695 851 1772 EPISTOLA.

167 1849 253 1909 obdu
276 1849 407 1901 nlctssttt
432 1849 571 1901 SYNODUS
597 1849 766 1901 runsrucrt
800 1852 1031 1905 susautanoautt
1062 1855 1259 1908 cttttttttttlt

167 1935 391 2022 combusturas
414 1934 453 1984 ΕΤ
472 1933 520 1984 utu
539 1935 618 1994 QUAE
635 1935 787 1986 ADVERSUS
805 1937 934 1988 dlllblid!
953 1939 1103 1990 flutuaslll
1122 1942 1261 1994 uacum

592 2019 672 2070 SUNT
689 2019 840 2072 Ellllllilll'l.

584 2195 869 2206 Μ...-

189 2377 217 2437 l.
261 2371 352 2434 llecte
374 2372 493 2452 quidem
515 2381 548 2434 tu
570 2373 676 2445 fecisti,
699 2374 748 2452 qui
772 2381 851 2434 tuam
874 2392 940 2434 euro
956 2374 1080 2434 Arianae
1101 2375 1233 2435 haeresis
1256 2393 1414 2454 pro-m.

13 2487 16 2512 ³
100 2473 320 2551 pugnatoribus
350 2473 580 2552 disputationem
615 2473 687 2535 mibi
710 2473 937 2554 significaveris,
967 2475 1156 2554 adluisseque
1178 2474 1330 2538 intereos

14 2573 15 2576 ’
100 2573 264 2636 nonnullos
288 2593 323 2634 ex
339 2573 459 2637 Eusebil
480 2573 643 2648 sodalibus,
666 2575 871 2656 plurimosque
893 2595 910 2638 e
932 2575 1082 2650 fratribus,
1106 2575 1155 2656 qui
1168 2575 1255 2637 tidem
1270 2575 1329 2638 Ec·

13 2697 15 2702 ’
99 2676 209 2738 clasiae
232 2685 406 2756 sequuntur.
451 2675 513 2738 'lua
539 2676 631 2756 igitur
653 2695 728 2756 quae
750 2697 820 2740 vero
844 2675 954 2738 Christi
976 2695 1077 2738 amore
1099 2676 1184 2738 ardet
1204 2677 1328 2756 vigilan-

103 2777 144 2838 tia
178 2777 250 2838 mibi
283 2778 367 2840 valde
396 2778 523 2858 placuit,
555 2797 648 2858 eaque
682 2779 799 2858 impiam
829 2779 975 2840 haeresim
1009 2777 1130 2857 egregie,
1158 2777 1326 2840 confutarit.

104 2877 304 2938 Vehementer
326 2885 424 2938 autem
447 2877 564 2938 illorum
587 2878 799 2956 impudentiam
821 2899 887 2940 sum
910 2879 1087 2951 admiratus,
1110 2879 1189 2957 quod
1212 2876 1329 2939 tametsi

108 2976 185 3036 clare
207 2983 364 3036 ostensum
388 2976 452 3044 luit,
468 2975 642 3035 brianonum
655 2977 786 3038 rationes
801 2979 899 3038 sutiles
914 2980 1072 3039 admodum
1088 2987 1118 3038 et
1131 2979 1235 3038 inanes
1251 2995 1331 3048 esse,

109 3075 230 3156 ipsique
252 3073 290 3134 ab
312 3073 450 3132 omnibus
473 3073 570 3132 omnis
592 3073 738 3152 nequitiae
754 3077 940 3136 condemnati
958 3079 1084 3148 luerunt,
1109 3085 1205 3137 tamen
1221 3075 1331 3136 nibilo-

109 3176 208 3238 minus
226 3173 324 3254 ’'more
355 3171 531 3234 ludaeorum
559 3183 743 3236 murmurent
775 3195 810 3237 ac
831 3175 990 3238 identidem
1013 3177 1123 3238 dicant:
1159 3177 1256 3248 Quare
1284 3175 1334 3256 qui

106 3277 232 3338 Nicaeae
258 3281 478 3346 convenerunt,
513 3275 653 3336 vocabula
681 3293 740 3336 uon
769 3276 879 3356 scripta
908 3295 1014 3356 nempe
1041 3297 1080 3339 ec
1106 3277 1276 3341 substantio
1304 3283 1335 3338 et

107 3377 365 3441 consubstantiale
386 3373 561 3457 scripsere?
605 3377 648 3440 Tu
677 3377 794 3456 quidem
819 3385 850 3439 ut
872 3377 916 3439 rir
937 3379 1068 3440 disertus
1090 3377 1158 3440 illos
1181 3377 1221 3439 ita
1244 3379 1332 3440 etiam

107 3480 338 3560 tergiversantes
361 3477 432 3539 nibil
454 3476 513 3538 nisi
535 3477 606 3538 lalsa
629 3479 745 3540 ell'utire
764 3479 991 3556 demonstrasti;
1014 3489 1043 3541 at
1057 3479 1099 3541 illi
1115 3479 1187 3542 nibil
1202 3477 1331 3542 alienum

109 3601 126 3643 a
148 3581 290 3660 pravitate
313 3599 384 3641 suae
406 3579 514 3640 mentis
537 3581 733 3654 committunt,
757 3600 823 3642 cum
847 3581 940 3644 varias
963 3581 1228 3644 comminiscuntur
1249 3581 1328 3642 dilli-

109 3683 243 3745 cultates.
289 3682 361 3742 'lam
389 3689 460 3741 sunl
488 3679 565 3742 enim
595 3681 797 3744 inconstantes
821 3683 851 3743 in
874 3683 1022 3745 variandis
1044 3681 1218 3755 sententiis,
1242 3699 1329 3761 quarn

109 3785 346 3847 chamaeleontes
370 3781 398 3843 in
421 3781 562 3843 mutando
585 3782 695 3844 colore.
725 3783 803 3846 llinc
824 3803 890 3846 eum
906 3785 1120 3846 convincuntur
1135 3784 1332 3854 e1·ubescunt;

110 3887 235 3948 haerent
262 3891 359 3946 autem
389 3902 455 3946 oum
484 3883 686 3944 examinantur
712 3904 747 3946 ac
776 3886 891 3946 tandem
921 3904 993 3946 rana
1026 3885 1213 3964 impudenter
1240 3901 1329 3962 prae-

108 3996 227 4058 terunt,
257 4005 332 4066 quae
360 3983 474 4064 siquis
498 3983 653 4058 refellerit,
680 4005 741 4046 nou
764 3985 959 4066 defatigantur
981 3983 1077 4046 donec
1098 4005 1131 4046 ea
1154 4003 1229 4063 quae
1253 3983 1331 4044 nulla

111 4099 182 4151 sunt
212 4086 442 4166 excogitaverint
463 4093 493 4146 et
515 4085 628 4158 inania,
657 4063 853 4166 asscriptum
877 4096 940 4158 est,
970 4087 1079 4146 luerint
1101 4083 1249 4158 meditati,
1277 4103 1333 4144 nec

111 4189 197 4252 aliam
221 4189 259 4250 ob
282 4207 399 4251 oausam
421 4187 478 4248 nisi
501 4195 534 4248 ut
555 4187 637 4266 impii
658 4197 859 4266 permaneant.
903 4188 937 4248 ld
959 4194 1058 4248 autern
1080 4185 1151 4250 nibil
1167 4183 1247 4248 aliud
1260 4201 1334 4246 saue

113 4299 167 4364 est
191 4309 277 4372 quam
300 4288 437 4370 propriae
458 4288 594 4368 ipsorum
616 4289 802 4368 insipientiae
825 4288 947 4350 euidens
970 4295 1174 4368 armamentum
1197 4301 1252 4346 nee
1273 4301 1333 4344 non

113 4506 263 4580 ὅρωθὶηα
281 4513 377 4562 additur
393 4501 536 4568 intercal:
560 4509 603 4558 sed
622 4511 700 4574 aptata
786 4509 809 4556 b.
834 4507 875 4557 Sis
897 4507 954 4570 ηερ.
989 4507 1019 4556 At
1044 4507 1069 4556 ἦ.
1087 4505 1141 4554 ,1153
1158 4509 1183 4553 4
1200 4501 1270 4550 ,m
1288 4483 1320 4544 ‘a

112 4582 248 4632 collocatur
264 4588 320 4630 rote
338 4569 382 4627 itt
399 4571 414 4638 ti
433 4569 464 4626 ἰν
480 4571 585 4639 Neaclp
603 4585 649 4627 eto.
753 4575 827 4626 duest

131 4661 273 4712 ‘Araanttn
287 4677 338 4710 orn.
353 4677 423 4708 noer.
438 4676 488 4707 sut.
1120 4650 1137 4700 2
