2822 5030
320 175 435 218 course
452 175 668 218 eroucrnonmu
684 142 770 219 uranu
786 177 817 220 rr.
1117 163 1179 224 927

7 326 147 388 ¹Domini
172 326 207 388 ad
229 306 317 387 vitam
340 325 429 388 nobis
454 315 626 389 datum'sit.
658 327 696 388 m
716 307 819 389 Esaias
841 327 878 388 de
900 326 962 387 Deo
985 327 1102 406 quidem
1118 328 1264 390 cla-esso.

27 431 154 492 dicens:
177 429 259 492 Deus
273 447 410 508 mopsus,
434 438 587 500 aeterum,
611 434 664 508 qui
677 433 850 492 construxit
866 435 1052 493 summitates
1069 443 1180 503 terroe,

7 591 8 596 ,
32 535 154 594 esuriet
176 549 270 612 neque
291 531 473 610 fatigabitur
495 539 550 591 etc.
594 529 637 590 ue
658 531 799 610 passione
817 539 931 592 autem:
953 531 1059 609 Homo,
1083 537 1181 614 quiin

11 639 44 694 'ie
71 645 127 705 est,
151 646 179 696 et
200 637 297 696 sciens
321 631 457 694 tolerare
478 632 695 712 infirmitatem.
740 633 818 706 Quid
841 629 898 694 sibi
921 633 981 694 ruit
1002 633 1089 695 iilud:
1113 633 1180 694 Sci-

24 736 165 797 tolerorc
185 731 418 816 infirmitatem?
441 732 471 794 id
494 741 556 806 est,
579 752 614 796 ex
636 751 690 807 eo,
714 733 763 812 qui
786 751 895 814 passus
918 741 973 806 est,
997 734 1178 814 passibilitas

13 843 212 898 monstratur.
257 817 528 914 Propterea'enim
556 836 610 896 eit:
640 835 744 896 Scribe
774 835 853 914 stpdo
883 835 1008 897 romano
1042 837 1071 898 in
1101 855 1178 899 noro

14 957 48 998 oe
74 945 105 998 et
127 955 188 998 non
210 936 308 997 carnis
331 937 425 997 torma
448 937 585 997 carentis.
630 935 667 996 Et
682 935 842 1016 Apostolus
866 935 950 996 dicit:
974 937 1069 998 Homo
1089 939 1178 1004 Cbri-

37 1039 137 1108 Iesus,
162 1042 215 1120 qui
235 1037 314 1100 dedit
337 1041 527 1118 smnetr'psum
546 1054 607 1118 pro
630 1037 726 1098 nobis.
770 1035 899 1114 Ideoque
922 1035 964 1108 ei,
996 1036 1046 1114 qui
1068 1055 1104 1098 ex
1126 1053 1286 1100 sanast.

12 1161 24 1200 e
49 1139 144 1200 David
168 1149 265 1200 ortum
289 1138 389 1212 duxit,
412 1137 661 1199 resurrectionem
683 1137 783 1200 adiicit
804 1139 967 1200 secuudum
989 1155 1109 1198 coruom
1131 1137 1179 1199 lo-

15 1243 79 1314 rdo,
104 1241 142 1301 de
164 1239 314 1302 divinitate
337 1247 434 1302 antem
458 1240 538 1302 eius:
566 1239 668 1302 Vivum
687 1252 733 1302 est
756 1243 841 1312 enim,
866 1239 914 1312 ait,
942 1239 1067 1300 Verbum
1081 1239 1139 1302 net
1152 1253 1181 1304 et

18 1363 62 1405 nm
87 1353 118 1404 et
136 1341 357 1422 penetrabilius
382 1341 741 1422 ornuipiodiouucrpiti.
787 1339 865 1414 Quin
889 1348 919 1402 et
939 1339 1084 1402 Dominus
1106 1358 1180 1419 pas-

16 1463 63 1504 sm
89 1443 121 1504 in
143 1443 203 1504 sdio
226 1443 356 1504 hominis
380 1435 489 1518 statuit,
513 1443 592 1522 quod
615 1443 778 1504 seeundum
802 1461 920 1504 carnem
939 1441 984 1521 agi
1001 1441 1119 1514 indicat,
1143 1443 1181 1504 de

16 1549 101 1608 ritate
126 1553 224 1606 autem
247 1564 299 1606 sna
323 1544 407 1606 dicit:
432 1545 492 1624 Epo
517 1556 544 1606 et
567 1544 658 1606 Potor
679 1563 776 1606 unum
798 1563 912 1616 sumus,
936 1551 966 1604 et
987 1543 1079 1606 Nemo
1095 1547 1182 1605 uouit

12 1669 58 1708 um
83 1651 152 1728 quia
175 1652 216 1708 sit
237 1651 299 1709 nisi
317 1631 521 1709 toires'Poter.
559 1645 707 1725 Nusquam
730 1655 828 1707 autem
851 1645 1024 1724 sanguinem
1040 1644 1092 1706 Dei
1107 1643 1178 1706 abs·

25 1767 116 1810 earne
142 1747 328 1809 tradiderunt
348 1748 535 1825 Scripturas,
564 1746 608 1807 rel
630 1747 722 1808 Deum
746 1765 938 1826 peromnem
960 1765 1083 1825 passum
1113 1764 1180 1807 esse

12 1850 214 1912 esurrexisse.
258 1849 433 1909 orianorum
457 1856 528 1910 sunt
549 1847 720 1909 huiusmodi
743 1867 844 1922 ansus,
869 1847 1106 1928 quandoquidem
1121 1865 1178 1908 ne·
1248 1919 1252 1932 Ι

22 1971 128 2012 rerum
154 1949 247 2012 Deum
271 1949 376 2010 Filium
397 1949 450 2010 Dei
474 1968 541 2011 esse
564 1950 751 2010 confitentur.
797 1949 904 2010 Sacrae
921 1967 992 2009 vero
1008 1949 1179 2028 scripturae

7 2069 87 2116 ‘arrio
109 2051 169 2116 Dei
191 2061 221 2113 et
243 2051 340 2111 cornis
362 2049 413 2111 Dei
437 2049 567 2111 hominis
590 2051 658 2111 iacti
681 2049 854 2128 sangninem
879 2033 1094 2126 etpassionem
1110 2067 1178 2110 esse

8 2158 115 2218 dicant
137 2170 258 2216 necnon
281 2149 531 2232 resurrectionem
554 2150 690 2230 corporis
712 2149 777 2223 nei,
801 2167 907 2227 nempe
928 2151 1178 2213 resurrectionem

11 2257 139 2318 mortuis
164 2255 279 2313 iactam.
331 2253 389 2312 Vos
418 2269 489 2311 rero
518 2251 690 2330 oppositum
719 2249 833 2324 dicitis,
868 2248 950 2329 qnasi
980 2249 1177 2328 sapientiores

8 2358 114 2428 stolis,
137 2355 168 2414 in
192 2341 341 2431 mysteriis
363 2350 512 2413 doctiores
534 2351 701 2431 Prophetis,
726 2350 962 2430 praestantiores
984 2349 1178 2430 Evangelistie

7 2457 76 2535 'qne
99 2453 227 2517 Domino
250 2453 423 2516 auctoritato
447 2452 609 2532 graviores,
634 2452 832 2534 ementitaque
854 2451 902 2513 iiia
923 2453 1083 2514 verborum
1106 2470 1177 2533 spe-

15 2555 169 2636 nbnegatis
192 2554 310 2634 quidem
332 2554 501 2626 veritatem,
530 2563 633 2614 contra
662 2554 780 2615 deitatis
809 2572 878 2616 roro
903 2555 1106 2636 oeconomiam
1129 2555 1177 2615 lo-

8 2658 83 2730 uini,
108 2675 184 2736 qnae
207 2657 238 2716 in
261 2656 353 2718 Cruoe
375 2659 438 2735 ipsa
462 2656 578 2734 liquido.
596 2665 726 2735 apparet,
751 2673 816 2716 cum
839 2655 869 2715 in
893 2641 1040 2716 effusione
1059 2655 1179 2733 quidem

7 2761 103 2838 guinis
128 2777 246 2819 carnem
268 2759 374 2820 adesse
396 2758 608 2830 confirmetur,
631 2776 756 2836 cumque
778 2774 836 2816 ror
860 2754 935 2816 edita
959 2756 1105 2818 stenima
1128 2755 1177 2816 in-

7 2870 42 2920 ita
67 2877 128 2919 non
152 2858 271 2920 deitatis
288 2859 504 2937 separationem
522 2859 701 2932 manifestet,
719 2857 773 2922 sed
789 2855 924 2936 corporis
941 2867 1067 2919 mortem
1084 2858 1177 2936 signi-

7 2972 31 3033 t,
57 2979 123 3020 cnm
148 2957 243 3020 deitas
265 2977 361 3038 noque
382 2978 492 3039 corpus
514 2960 544 3022 in
568 2961 703 3040 sepulcro
728 2960 881 3020 desereret
904 2975 1000 3036 neque
1023 2958 1059 3018 ab
1082 2959 1178 3019 anima

7 3062 107 3122 inieris
130 3069 327 3139 separaretur.
369 3061 444 3123 Illud
466 3062 544 3124 enim
568 3071 630 3134 est,
661 3061 742 3141 quod
765 3061 873 3120 dictum
897 3067 945 3119 est
966 3077 1018 3138 per
1041 3058 1177 3137 Prophe-

7 3185 10 3224 :
41 3163 109 3226 Non
140 3161 327 3243 derelinques
356 3167 486 3225 animum
512 3182 607 3232 meunt
628 3167 661 3224 itt
683 3162 823 3241 inferno,
853 3178 907 3221 uec
936 3161 1019 3222 dnbio
1042 3169 1178 3224 sunctum

7 3403 16 3432 ν.
43 3367 112 3448 αἷμα
144 3380 211 3430 θεοῦ
235 3376 299 3450 δίχα
328 3373 436 3450 σαρκός.
478 3381 540 3431 Editi
625 3383 642 3430 i.
667 3382 767 3442 sepner.
794 3379 891 3430 Gohier.
922 3389 945 3428 et
974 3379 1077 3430 return.
1101 3381 1122 3430 l.
1147 3378 1179 3449 τῇ

7 3467 19 3496 o
44 3447 110 3498 deod
137 3443 183 3503 dede
214 3443 329 3515 σαρκός,
359 3452 437 3500 minus
466 3458 540 3498 recta.
591 3443 743 3514 ἒψευσμένῃ
762 3438 842 3512 ὑμῶν
863 3437 986 3512 εὐφημίᾳ
1004 3439 1175 3514 ἀρνούμενοι.

21 3519 127 3566 ¹bromius
147 3517 203 3580 iogit
227 3509 328 3576 ἢθεόν
352 3511 415 3582 δίχα
440 3509 541 3582 σαρκὸς
591 3517 833 3565 Editiaoroetcetrri
849 3513 1153 3596 ross.rceupotopuirp[rre1
1173 3555 1178 3567 .

7 3580 88 3639 duero,
110 3587 180 3634 vertit
199 3587 262 3633 enim
280 3587 316 3635 uei
330 3587 398 3636 beorn
412 3588 470 3634 citro
488 3599 539 3634 eor·
592 3580 664 3648 edd]
683 3576 812 3644 intniuiq
829 3573 996 3659 qinonodueqr
1015 3583 1122 3651 domm]
1139 3529 1180 3634 εῖ-

17 3656 155 3716 potiontem,
182 3667 243 3716 quae
262 3655 331 3702 lectio
356 3667 469 3713 germano
488 3655 538 3702 ior·
591 3645 693 3718 φημίᾳ,
713 3642 924 3716 ἂπαρνουμενοι.

7 3739 23 3770 e.
65 3721 148 3768 Potest
171 3729 250 3768 temen
269 3735 295 3768 en
321 3735 382 3782 quse
407 3721 453 3769 inm
478 3728 541 3769 extat

7 3789 58 3846 rori,
77 3795 148 3851 otqne
167 3794 232 3835 reste
250 3787 279 3836 ad
295 3801 395 3850 scopum
408 3788 539 3845 Athanasii,

30 3857 92 3904 orrim
117 3854 260 3905 sententiam
284 3847 351 3902 debr
376 3846 421 3902 dtu
440 3848 540 3920 σαρκὸς

7 3917 80 3970 *c'rru
99 3923 218 3986 improbet
236 3925 310 3985 penio
328 3929 406 3982 antea,
426 3937 473 3972 non
491 3937 539 3985 quo

626 3767 648 3814 q.
669 3749 765 3816 φωνῆς
789 3745 819 3798 di
839 3747 1001 3832 peroptans.
1017 3747 1063 3800 ani
1090 3751 1180 3821 ψυχῆς

591 3813 793 3886 σημαινομένης
817 3833 849 3866 ου
869 3833 940 3885 χωρ.
977 3821 1017 3869 Src
1041 3823 1130 3883 duplic.
1156 3831 1180 3874 ot

589 3890 689 3948 Sognor.
726 3887 787 3934 Editi
806 3901 860 3936 rere
880 3887 1016 3948 etquidem
1038 3892 1179 3939 mesomit-

42 3994 45 4000 ·
533 3991 538 4000 ·
591 3949 705 4003 innixa}
749 3952 799 4000 ttr'
835 3965 852 4002 σ
891 3967 951 4001 aive
974 3950 1042 4004 ἐν,
1117 3958 1176 4005 'dem

7 3991 301 4121 impsglsssyegggmqffiu
315 3989 539 4120 fpfgffiffislm:
590 4023 688 4073 Gobtsr.
707 3957 888 4070 sipi-{ilocitmqis
916 3959 1120 4090 βείςιοιισιηυςμένηιὲΙΙ
1133 4017 1179 4070 reni

11 4127 44 4184 ri,
67 4127 106 4188 qni
126 4125 201 4189 ipsam
221 4125 337 4190 putabant
354 4124 466 4174 deitatem
485 4139 539 4173 esse
587 4101 742 4156 xwowm
763 4103 859 4138 ⁰m¹⁵⁵¹⁸
882 4092 975 4140 mm

7 4209 58 4252 tum,
77 4195 172 4242 officiat.
627 4193 649 4240 ir.
669 4192 769 4252 Sequor.
789 4191 886 4242 Gobicr.
905 4200 929 4242 ot
948 4191 1050 4242 retento.
1069 4189 1092 4238 1.
1112 4180 1178 4235 ἄπο-

26 4263 123 4320 Segnior.
150 4260 245 4311 Gobisr.
276 4266 300 4309 et
317 4259 457 4310 Foderunt.
476 4247 541 4305 ἄνα·
589 4253 755 4325 λειπομένης.
793 4259 845 4308 idox
863 4275 948 4310 omnes
966 4271 1023 4307 mss.
1036 4248 1091 4322 γάρ
1109 4247 1174 4303 ἐστι.

8 4339 73 4400 <tque
89 4324 235 4395 γενομένης
251 4320 283 4376 ἐκ
299 4326 410 4392 νεκρῶν.
433 4327 501 4376 diditi
517 4333 541 4375 et
591 4326 652 4376 Editi
669 4319 724 4392 γὰρ
742 4319 790 4374 ire.

20 4385 168 4444 ανάστασιν
197 4390 224 4447 ἔκ
246 4393 352 4462 νεκρῶν
378 4389 536 4462 γενομένην.
