2822 5030
340 199 456 244 scursa
471 199 689 243 aroccruatuuu
704 199 792 242 arasa
806 199 838 244 n.
1128 188 1190 250 923

1 353 106 416 ¹avit.
155 349 216 412 Sed
237 368 346 430 epenns
369 351 470 429 scetus
492 363 548 424 est,
573 369 638 412 cnm
661 352 743 413 elr'oes
764 361 851 422 esset,
872 359 908 412 ut
922 369 979 414 nos
993 351 1079 415 illius
1094 358 1279 436 inopiae-⁹⁴⁰·

1 469 63 518 tes
103 471 249 516 essemus.
301 451 459 524 Quomodo
494 459 592 513 autem
628 469 738 530 egenus
769 453 863 514 lactus
896 461 943 514 est
974 453 1077 516 Densi
1121 455 1197 528 Quis

1 575 83 621 ,am
112 561 249 628 naturam
272 551 304 614 in
325 552 425 632 seipso
447 553 590 616 assumsit
612 572 755 633 eamque,
778 545 847 616 dum
870 555 933 634 ipsa
956 554 986 616 in
1009 556 1119 619 iustitia
1142 559 1196 620 de-

14 667 40 732 t,
73 674 140 736 pro
163 654 334 716 hominibus
356 654 488 734 supliciis
511 653 629 728 obiecit,
654 673 728 734 quae
744 656 914 720 bominibus
932 659 1070 738 superior
1085 677 1120 720 er
1138 659 1195 721 ho-

1 760 91 820 tbus
126 764 304 836 apparuerat
324 756 437 836 Deique
464 765 525 818 tota
556 758 630 818 lacta
659 759 764 819 luerat.
815 757 847 818 Si
875 759 954 820 enim
983 760 1196 840 primogenitus

8 880 42 922 rs
83 876 153 920 non
182 865 266 920 esset
286 857 322 920 'in
350 859 451 920 multis
480 857 636 930 iratribus,
671 858 891 938 quomodonam
924 861 1136 940 primogenitus
1159 881 1194 924 es

10 961 87 1024 tuis
118 959 201 1022 risus
225 958 330 1021 esset?
374 959 433 1020 Cur
454 959 553 1038 itaque
575 959 687 1021 dicitis:
712 959 823 1032 „licus
847 959 897 1038 qui
918 978 972 1038 per
990 980 1105 1022 carnem
1121 982 1193 1042 pas·

7 1084 26 1125 s
64 1069 126 1123 est
153 1068 183 1122 et
215 1058 430 1124 resurrexit?“
476 1061 500 1123 0
529 1061 743 1123 absurditatem
776 1071 806 1122 et
836 1059 1066 1139 blasphemiam!
1110 1064 1197 1127 Tales

1 1213 12 1247 ἵ.
39 1162 237 1226 Asianorum
266 1181 366 1224 ausus.
409 1163 454 1224 llli
484 1162 562 1224 enirn
592 1161 738 1224 eiusmodi
767 1160 980 1241 blasphemiam
1009 1162 1198 1240 impudenter

1 1271 136 1336 ,erunt
159 1264 209 1342 qui
232 1262 285 1326 llei
300 1265 405 1326 Filium
429 1264 566 1326 simulate
581 1264 674 1326 licum
690 1281 859 1342 nuncupare
874 1262 1049 1336 didicerunt,
1074 1266 1199 1328 docento

1 1419 11 1430 ,.
39 1365 227 1444 Scriptura,
257 1384 311 1444 per
332 1364 424 1428 houm
448 1366 477 1428 in
501 1384 588 1427 earne
611 1365 676 1428 eius
699 1363 871 1445 passionem
894 1364 1072 1444 contigisse,
1101 1385 1198 1445 neque

1 1489 48 1536 en
77 1469 183 1530 Deum
205 1467 237 1528 in
259 1485 346 1530 earne
368 1485 491 1547 passum
514 1486 590 1529 esse.

36 1677 96 1738 12.
152 1669 210 1742 nui
242 1669 331 1748 igitur
367 1667 681 1731 consubstantialitatis
717 1667 940 1728 conlassionem
972 1685 1025 1728 ros
1062 1669 1197 1748 profiteri

5 1797 30 1838 is
66 1770 269 1842 declarastis,
301 1769 453 1850 quomodo
484 1769 640 1831 indivisum
668 1786 778 1830 nomen
806 1769 842 1830 ad
870 1768 1040 1848 passionem
1070 1770 1196 1842 trahitis,

6 1893 124 1956 unque
151 1891 242 1952 opera
264 1870 472 1934 indivisibilem
495 1879 649 1942 naturam,
673 1869 852 1932 ineffabilem
873 1869 1034 1942 licitatum,
1055 1871 1195 1934 immuta-

4 1989 35 2042 rh
70 1987 104 2039 et
135 1973 342 2037 invariabilem
363 1972 697 2034 consubstantialitatem
723 1971 763 2058 ad
792 1969 965 2050 passionem
994 1971 1139 2040 deducitis
1167 1980 1198 2033 et

4 2080 170 2144 irresisse
201 2072 405 2137 continemini?
450 2072 482 2133 Si
511 2074 589 2135 enim
614 2071 758 2145 Verbum,
778 2089 856 2132 cum
886 2089 1003 2132 munem
1031 2089 1066 2132 ex
1095 2074 1195 2152 scipso

4 2185 213 2249 ismutasset,
242 2175 278 2236 ad
301 2175 471 2254 passionem
495 2191 590 2252 usque
612 2173 759 2252 perrexit,
792 2191 858 2234 curn
889 2171 961 2232 nihil
984 2170 1123 2250 passibile
1146 2183 1196 2234 aut

1 2259 198 2348 irrectionis
225 2294 315 2355 capax
343 2276 375 2336 in
403 2294 436 2335 se
465 2274 676 2344 assumsisset,
711 2273 810 2351 ipsum
844 2280 923 2334 certe
945 2272 1074 2334 Verhurn
1097 2275 1195 2347 luerit,

9 2388 30 2446 d
55 2396 193 2460 passum
222 2382 319 2439 estet
340 2393 376 2437 es
398 2375 525 2438 mortuis
548 2374 729 2447 resurrexit,
762 2374 876 2452 eritque
904 2374 983 2435 iuxta
1010 2375 1196 2438 Valentinum

1 2458 53 2545 ¹io
81 2477 229 2542 Trinitati
251 2477 434 2550 communis,
465 2475 702 2556 quandoquidem
727 2474 852 2537 Verbum
883 2476 1044 2538 secundum
1067 2476 1197 2540 divinam

21 2603 92 2648 ram
116 2601 135 2644 a
158 2580 249 2642 Patre
270 2597 330 2640 non
354 2587 402 2642 est
422 2578 602 2640 distinctum.
647 2576 734 2650 Quod
756 2575 782 2638 si
804 2577 877 2638 haec
904 2577 943 2639 its
973 2577 1137 2658 intelligere
1166 2579 1196 2640 in

4 2707 87 2750 um
123 2681 285 2757 inducitis,
319 2699 462 2762 quaenam
497 2680 546 2742 illa
574 2697 684 2759 qrraeso
714 2665 929 2758 Prophetarum
962 2679 1123 2756 promissio
1146 2689 1196 2741 aut

9 2790 217 2870 ngelistarum
240 2785 358 2862 generis
380 2782 543 2862 descriptio
567 2790 597 2844 et
610 2781 820 2860 Apostolorum
837 2777 1024 2841 testificatio?
1057 2778 1117 2842 Cur
1131 2779 1195 2844 lla-

16 2900 122 2954 mater
145 2882 220 2946 istic
241 2881 394 2944 adhibita?
439 2882 589 2955 Quorsum
613 2882 692 2944 illud·
706 2881 811 2944 aetatis
834 2889 1022 2960 staturaeque
1051 2899 1194 2958 augmen

40 2997 107 3054 aut·
119 2984 320 3049 comestionis
344 2984 494 3063 specimen
518 2992 568 3046 aut
587 2984 636 3046 illa
659 2984 688 3045 in
705 2983 844 3046 omnibus
860 2981 1126 3044 commiserationis
1143 3001 1195 3044 es-

1 3095 61 3156 itio
92 3088 142 3151 rel
172 3084 305 3146 nominis
333 3083 509 3165 impositio?
551 3086 607 3148 hut
635 3104 777 3165 quorsum
807 3083 894 3144 illud:
926 3082 1019 3144 Filius
1041 3081 1094 3142 Dei
1116 3083 1195 3144 filius

29 3191 92 3255 inis
116 3190 219 3250 lactus
242 3196 296 3260 est,
319 3187 364 3250 rel
387 3186 473 3250 illud:
494 3187 591 3250 Homo
614 3187 755 3270 ¹Christus
772 3185 868 3255 lesus,
892 3188 945 3266 put
965 3183 1045 3245 dedit
1066 3188 1196 3264 cuprum

0 3299 179 3358 emtionem
198 3306 260 3369 pro
281 3289 386 3360 nodis,
409 3287 532 3350 illudve:
563 3289 692 3368 Oportet
712 3287 811 3368 filr'um
833 3285 960 3348 homenis
982 3283 1110 3346 multum
1128 3288 1198 3364 poti

6 3393 150 3474 interfici
171 3399 201 3452 et
231 3393 324 3452 tertia
353 3389 398 3451 die
426 3407 465 3450 ecc
492 3393 623 3452 mortuis
651 3384 837 3466 reserpere?
881 3384 970 3458 Quod
998 3385 1024 3446 si
1047 3383 1195 3446 Christum

0 3507 107 3558 tenus
130 3493 227 3552 homo
251 3496 299 3550 est
319 3488 506 3568 passibilem,
541 3497 685 3568 quatenus
715 3505 784 3548 vero
806 3487 886 3548 Deus
914 3495 961 3546 est
982 3483 1194 3565 impassibilem

6 3624 11 3655 ι
43 3592 190 3665 creditis,
225 3590 277 3652 sed
300 3590 337 3654 ad
360 3591 511 3672 angustias
533 3590 645 3653 redacti
667 3589 817 3670 cogitatis,
841 3588 866 3650 si
889 3587 1085 3650 confiteamini
1108 3585 1195 3648 Chri·
1298 3664 1302 3674 ,

0 3828 16 3867 ’.
36 3817 141 3876 segnes.
161 3809 237 3861 hahet
259 3803 306 3856 sat
330 3815 386 3860 ante
411 3821 559 3876 noceretq-
608 3805 682 3856 vestu
700 3798 732 3854 οὗ
748 3800 886 3869 scolaces.
921 3804 983 3856 Editi
1001 3811 1025 3856 et
1043 3805 1083 3855 alii
1109 3803 1197 3853 ταῦτα

12 3921 18 3934 .
480 3903 483 3910 ’
610 3867 680 3924 otro
698 3873 773 3923 νοεῖν
789 3867 928 3937 βούλεσθε.

8 3989 14 4003 .
34 3953 140 4013 stagna.
158 3937 188 4002 u
205 3933 299 3992 atros.
644 3945 667 3992 o.
687 3942 783 3993 noster.
803 3951 827 3991 u
844 3942 949 3992 nereum.
964 3942 984 3991 1.
1004 3933 1019 4000 ἡ
1038 3931 1195 3997 moereat

1 4025 8 4069 ’.
37 4021 71 4068 lta
97 4029 186 4068 omnes
212 4027 271 4064 mss.
306 4010 368 4060 Editi
394 4025 449 4060 sero
476 4001 559 4064 sitire
609 4009 658 4058 rod
676 4000 821 4075 ὀνόματος.
864 4009 929 4058 lutra
953 4023 1038 4058 omnes
1063 4011 1113 4058 tere
1137 4021 1195 4056 mss.

15 4081 65 4146 εἴη.
608 4071 655 4126 aui
684 4067 728 4126 ὅτι
760 4069 909 4156 drupparum
940 4070 1063 4143 Χριστὸς
1085 4067 1196 4132 Ἰησοῦς.

0 4177 16 4210 2.
35 4157 77 4205 Sic
95 4165 184 4203 omnes
202 4161 263 4198 mss.
299 4145 325 4196 lo
344 4145 415 4196 editis
433 4159 489 4196 vero
507 4139 559 4206 τήν
608 4144 672 4195 Editi
691 4154 714 4195 et
732 4145 771 4194 alii
790 4136 806 4204 ἢ
824 4159 869 4192 ore
886 4153 930 4194 etc.
966 4145 1018 4194 llos
1036 4135 1197 4205 ἀντίλυτρον

1 4230 35 4271 εει
78 4221 132 4270 lior
158 4217 262 4268 multum
286 4214 378 4263 rrriaat
402 4227 476 4275 mss,
502 4227 557 4264 osm
609 4213 678 4263 deest
701 4213 725 4262 iu
748 4214 847 4275 Seguer.
873 4212 971 4263 Gobler.
996 4220 1019 4262 et
1036 4209 1142 4260 Felelm.
1164 4207 1195 4266 l.,

2 4291 58 4338 der.
77 4290 180 4350 Segaer.
206 4281 390 4334 ethelstimi.
409 4278 496 4329 ταῦτα
513 4273 557 4328 oii-
609 4295 653 4344 pro
672 4295 720 4344 quo
739 4281 828 4342 duplic.
848 4282 919 4332 habet
935 4271 1040 4346 λύτρον.
1181 4331 1189 4348 ἢ

18 4355 94 4404 νοεῖν
110 4349 253 4402 πείθεσθε.
284 4337 555 4412 replicassemus
643 4349 659 4397 i.
684 4349 892 4409 Saruendobler.
912 4342 1085 4398 sinarcumi.
1103 4333 1193 4397 insede

10 4419 36 4466 ῖν
54 4413 85 4468 οὐ
103 4417 244 4472 astetens.
288 4417 361 4468 ilarii.
379 4415 466 4465 audes
484 4406 555 4465 eiiam
606 4408 652 4463 sel
670 4406 825 4480 ἄνθρωπος.
