3214 5048
543 245 701 292 amnon.
718 243 835 290 coortu
849 243 986 318 mauros.
1304 229 1368 296 ddi

138 403 251 468 auditis
272 395 379 465 rerbai
401 395 560 480 Sapientia
581 396 753 478 aedificavit
773 397 833 460 seba*
851 398 914 478 ipsi
925 396 1045 460 domm
1059 399 1204 462 attremit
1219 395 1460 460 columnensis

141 516 263 589 septem.
286 503 409 566 domum
432 497 553 579 quidem
574 495 662 560 istam
684 497 840 577 allegorice
862 497 1025 578 explicatis,
1047 515 1150 560 vocem
1172 505 1270 562 eutem
1287 515 1376 562 ereo—

141 612 187 672 vr't
214 605 258 670 uti
287 605 365 668 iacet
397 597 547 678 accipitis,
581 607 668 679 atque
696 599 734 662 ed
762 599 1008 679 significationem
1036 608 1189 685 creaturae
1210 601 1375 664 transferre

140 707 215 772 nibil
237 699 391 769 dubitatis.
435 699 497 763 Nec
517 699 628 780 dique
648 718 722 764 roro
744 701 822 782 epod
843 719 898 764 ros
918 701 1004 776 valet,
1027 703 1107 782 quod
1128 701 1178 766 ibe
1199 713 1315 766 creator
1335 701 1377 764 sit

142 819 172 872 et
194 809 309 889 opifex,
331 801 471 885 :nibilum
492 800 662 864 formidinis
683 799 768 881 robis
790 801 899 876 iniioit,
928 802 1006 882 qnod
1028 803 1108 866 idem
1129 804 1212 866 solus
1234 803 1375 886 proprios

143 911 184 974 sit
203 907 301 973 Patris
322 907 413 980 letus,
435 903 490 965 sed
511 909 624 966 temere
644 903 736 966 veluti
758 903 882 968 nomine
903 911 1007 966 contm
1028 903 1111 966 illum
1127 899 1202 968 ‘dato
1223 907 1459 994 populationem

143 1011 292 1091 ulliusque
315 1007 352 1069 do
374 1024 410 1068 eo
434 1022 523 1085 mam
545 1003 582 1066 de
603 1003 776 1068 bominibus
794 1003 925 1069 sentitis.

228 1113 280 1176 47.
324 1108 456 1187 Namque
478 1105 537 1167 boc
558 1124 593 1166 ex
616 1105 681 1186 ipso
702 1107 770 1168 loco
793 1105 979 1170 mnriueitur
1000 1123 1115 1168 merum
1136 1113 1269 1167 veebum
1290 1125 1374 1170 oom-

143 1219 278 1278 mentum
300 1227 380 1284 esse,
403 1207 483 1288 quod
506 1206 665 1270 Dominum
687 1215 818 1272 creatum
842 1227 910 1272 esse
931 1207 1095 1272 affirmatis.
1131 1205 1251 1286 Quippe
1270 1191 1374 1270 llomi-

103 1343 111 1353 -
143 1333 202 1376 nus
225 1312 335 1398 sciam,
359 1328 443 1372 suam
465 1317 600 1372 notorem
623 1328 692 1374 esse
714 1310 896 1390 unigenitam
918 1309 1093 1390 sapientiam
1109 1307 1269 1389 Patrisque
1284 1308 1379 1370 letum

144 1423 176 1478 et
197 1411 284 1476 allam
306 1430 323 1474 a
344 1410 428 1484 laetis
451 1419 481 1474 et
502 1430 538 1474 ex
558 1419 663 1474 natura
685 1413 795 1475 mestis
816 1413 923 1488 rebus,
945 1431 1024 1476 nunc
1045 1409 1270 1492 perhumaniter
1292 1410 1379 1474 dicit:

144 1516 296 1589 Dominus
325 1517 440 1576 meavit
467 1531 513 1575 nte
542 1516 662 1576 imitabor
692 1518 981 1588 cimmeriorum,
1008 1513 1092 1596 quasi
1115 1512 1231 1576 scilieet
1250 1513 1377 1578 diceret:

145 1615 262 1692 „Pater
284 1631 393 1695 corpus
415 1614 488 1676 mibi
516 1614 655 1694 perleeit,
686 1624 716 1677 et
736 1633 786 1678 me
808 1617 844 1679 ed
866 1617 1004 1680 hominos
1025 1635 1082 1697 pro
1103 1615 1259 1678 bominum
1282 1614 1378 1679 suum

46 1707 53 1714 ’
141 1715 313 1793 „creavit.“
359 1714 615 1789 Quemadmodum
644 1715 739 1792 eninr,
773 1736 839 1781 cum
869 1719 1024 1781 a‘loanne
1058 1717 1212 1780 audimus:
1251 1702 1376 1780 Verbum

142 1837 215 1883 cero
242 1819 361 1898 foetum
388 1829 448 1891 est,
478 1835 539 1878 uon
562 1824 657 1880 totum
680 1818 811 1884 Verbum
831 1837 950 1882 carnem
973 1837 1056 1892 esse,
1086 1818 1141 1882 sed
1163 1835 1282 1882 mem
1306 1827 1373 1880 tan-

140 1919 295 1982 tummodo
326 1917 461 1982 induisse
489 1921 656 2000 tactumque
678 1939 747 1984 esse
777 1922 929 1985 bominem
962 1921 1170 2002 intelligimus,
1204 1935 1271 2000 eum
1303 1919 1375 1984 item

143 2021 295 2084 audimus:
335 2021 557 2103 Ciristurpro
579 2023 790 2103 mollefactus
813 2023 1087 2094 estmoledictom,
1119 2029 1164 2084 et:
1201 2021 1293 2094 Eum,
1322 2025 1375 2103 poi

143 2141 207 2188 ooo
228 2133 357 2187 uocem
381 2133 552 2203 peecatum,
582 2141 644 2204 pro
666 2123 753 2187 uobis
772 2136 930 2206 peecatum
955 2126 1044 2203 fecit,
1078 2141 1140 2184 uon
1169 2121 1258 2184 etiam
1279 2127 1376 2184 toturn

139 2224 242 2306 ipsum
264 2223 455 2304 intelligimus
475 2222 663 2286 maledictum
686 2232 716 2286 et
737 2235 890 2304 peccatum
912 2226 1022 2287 lactum
1050 2243 1133 2298 esse,
1165 2222 1219 2284 scd
1241 2229 1376 2284 nostram

141 2328 379 2392 maledictionem
411 2325 554 2387 duntaxat
585 2325 771 2405 suscepisse,
805 2332 838 2387 ut
870 2323 1032 2404 Apostolus
1060 2322 1109 2384 bis
1137 2323 1238 2385 verbis
1273 2322 1375 2386 docet:

141 2427 277 2492 maome
298 2443 355 2489 uos
377 2427 413 2490 de
433 2426 651 2501 meledictione,
674 2434 838 2505 nostraque
859 2432 999 2507 portasse
1016 2433 1145 2506 peecata,
1169 2433 1202 2486 ut
1216 2421 1258 2486 ait
1271 2423 1375 2498 isaias,

139 2538 230 2610 atque
253 2547 304 2604 ea,
337 2535 369 2590 ut
390 2526 493 2590 scribit
518 2527 643 2600 Petrus,
677 2545 806 2610 corpore
837 2534 869 2592 io
891 2529 1006 2610 tapsum
1027 2527 1206 2601 sustulisse,
1239 2524 1375 2590 similiter

143 2651 214 2712 ergo
244 2631 271 2693 si
298 2647 402 2693 vocem
432 2623 552 2694 rreuor't'
567 2631 599 2692 in
619 2615 792 2694 Proverbiis
814 2631 1013 2706 audierimus,
1043 2649 1104 2693 uon
1127 2637 1221 2694 totum
1244 2627 1374 2691 Verbum

141 2740 307 2796 ereaturam
330 2749 410 2806 esse,
433 2732 486 2795 sed
508 2741 640 2796 creatum
662 2733 796 2796 induisse
818 2753 928 2815 eorpus
945 2733 1167 2814 intelligendum
1183 2740 1239 2806 est,
1260 2729 1373 2793 Deum-

143 2853 201 2914 que
222 2851 278 2913 pro
300 2831 388 2894 nobis
411 2833 510 2913 ipsum
534 2852 663 2907 creasse,
685 2841 716 2895 et
737 2834 780 2895 illi
803 2843 934 2896 creatum
957 2847 1067 2913 corpus
1090 2833 1186 2894 nostri
1207 2849 1307 2904 eausa,
1330 2831 1373 2892 uti

144 2935 290 3012 seriptum
318 2943 380 3003 est,
408 2932 651 3010 perfecissent
677 2933 797 3011 inipso
820 2932 959 2996 renovari
981 2932 1080 3011 diique
1103 2931 1180 2992 oillei
1199 2947 1381 3008 possemus·

147 3033 225 3108 Quid
247 3032 338 3112 igitur
359 3050 424 3103 vos,
447 3051 465 3091 o
488 3031 602 3106 insani,
625 3032 699 3094 adeo
722 3033 834 3107 lelellit,
856 3042 889 3097 ut
911 3033 1081 3096 Creatorem
1104 3038 1269 3092 creaturam
1291 3029 1373 3090 dice-

142 3131 241 3198 retis?
284 3133 343 3196 but
368 3132 447 3195 uude
474 3149 583 3194 uorum
611 3133 670 3196 boc
700 3144 899 3198 commentum
922 3133 1008 3196 vobis
1030 3132 1105 3213 ipsis
1127 3128 1321 3210 comparastis
1343 3128 1376 3192 in

145 3253 240 3317 eoque
276 3231 490 3322 triumphatis?
525 3232 688 3325 Proverbia
717 3236 838 3318 quidem
866 3236 1026 3300 dictionem
1056 3238 1171 3298 erecm't
1191 3232 1317 3312 babent,
1345 3240 1377 3296 at

177 3456 194 3504 1.
219 3455 317 3518 Sepuor.
343 3455 441 3508 Gobler.
465 3463 488 3505 et
506 3455 617 3508 Felcltu.
643 3457 665 3508 1.
685 3448 734 3508 οὔκ
818 3457 835 3507 l.
854 3458 895 3509 Sic
912 3457 1010 3519 Sepoer.
1030 3455 1128 3508 Gobler.
1141 3455 1247 3506 Friclm.
1267 3453 1289 3505 1.
1308 3461 1332 3506 et
1348 3453 1373 3508 1.

143 3513 219 3571 oer't'to.
784 3527 812 3576 11
830 3527 870 3576 alii
884 3534 908 3575 et
925 3525 982 3575 editi
1000 3513 1167 3590 ἀκούσωμεν.
1193 3521 1330 3574 Goblerian.
1349 3532 1372 3576 et

177 3605 199 3652 g.
217 3589 319 3652 Segoer.
344 3579 486 3645 ἀκούοντες
503 3585 533 3641 δὲ
551 3580 595 3641 ὅτι
625 3586 731 3659 ptoro'r.
783 3594 888 3643 Friclm.
909 3593 931 3642 1.
949 3593 1007 3643 ibid
1026 3585 1051 3641 ei
1068 3585 1210 3658 ἀκούομεν.
1236 3591 1371 3652 dorsera.

141 3657 292 3708 ildirietelii
312 3647 456 3735 droiensis
472 3673 509 3714 τε,
526 3605 647 3725 χριστές.
678 3661 732 3712 llos
781 3661 838 3720 tter.
864 3661 962 3713 Gobler.
988 3661 1091 3710 lielcbrn.
1113 3661 1134 3709 l.
1154 3660 1177 3710 l.
1197 3659 1262 3710 alb.
1281 3650 1374 3710 aridei

141 3725 231 3786 duplic.
249 3717 300 3772 τὸν
315 3718 354 3788 μὴ
373 3739 440 3772 οντα
458 3717 603 3793 &pepulere
780 3724 884 3796 κτίσμα
908 3727 940 3796 τῇ
963 3723 1047 3793 priore
1071 3719 1135 3776 ὅλον
1157 3727 1237 3777 νοεῖν.
1279 3727 1323 3776 dlii
1349 3734 1372 3778 et

176 3793 199 3842 b.
219 3791 259 3842 Sic
276 3793 376 3855 sepner.
396 3793 450 3854 tter.
470 3795 567 3844 Goblcr.
587 3795 691 3846 Feloltm.
706 3797 730 3848 1.
782 3799 855 3846 editio
874 3797 992 3847 Commel.
1012 3788 1101 3849 οὐδεὶς
1116 3791 1218 3862 κτίσμα
1236 3789 1269 3860 τῇ
1282 3787 1372 3863 ’φύσει

140 3864 168 3910 tt
193 3859 232 3909 elii
258 3869 282 3910 et
305 3860 362 3910 editi
387 3852 437 3920 τὴν
459 3852 521 3908 καθ1
547 3855 633 3926 ἡμῶν.
678 3861 729 3914 uos
784 3855 848 3913 ὅλον
864 3864 929 3914 νοεῖ.

142 3926 239 3980 Gobler.
263 3935 287 3978 et
306 3927 412 3978 Felclm.
432 3927 454 3977 1.
473 3921 509 3981 dr
527 3923 614 3994 φησὶν
631 3923 646 3977 ὅ
664 3921 731 3979 ἇπό-
818 3947 851 3983 nu,
870 3933 910 3982 Sic
929 3933 1028 3994 sepner.
1048 3939 1074 3981 ut
1092 3931 1233 3981 etb'anuius
1252 3929 1274 3979 le
1292 3930 1317 3980 it.
1344 3931 1374 3982 tt

142 3989 245 4047 moins.
555 4055 564 4072 ‚
779 3998 824 4048 'alii
850 4008 873 4049 et
891 4000 947 4048 editi
967 3992 982 4046 d
999 3992 1065 4050 debs
1089 3991 1126 4052 atr
1149 3990 1236 4080 ipris,
1260 3943 1294 4045 ag
1316 4009 1372 4046 κτι-

173 4063 189 4112 1.
208 4063 308 4124 sepner.
327 4071 351 4114 et
369 4063 425 4126 lies.
444 4054 622 4182 ἕξαγοῖασας.
783 4059 851 4114 σιὸν
868 4055 951 4131 αὐτῷ,
971 4067 1061 4128 virgula
1080 4074 1136 4131 post
1154 4064 1233 4132 ημᾶς.
1468 4067 1473 4074 “

173 4130 197 4180 1.
214 4130 354 4192 seruerim.
380 4132 478 4184 Gobler.
498 4131 604 4182 lecim.
624 4132 646 4182 1.
666 4141 689 4183 at
705 4133 731 4183 1.
816 4149 839 4184 n.
858 4135 957 4214 Sequar.
976 4125 993 4193 ἢ
1011 4125 1085 4182 πότε.
1115 4135 1213 4185 Gobter.
1232 4133 1370 4184 etFelelm.

139 4189 294 4260 ἐβάσταζεν.
322 4199 382 4249 Editi
398 4191 642 4264 sustulerimus.
668 4200 730 4251 lbid.
776 4201 805 4262 .¹·
824 4193 849 4250 ei
864 4214 941 4252 noae.
968 4201 1025 4264 bap.
1042 4195 1089 4251 arui
1104 4191 1201 4253 πόθεν.
1228 4199 1279 4250 ldor
1298 4203 1371 4259 sego.

139 4256 270 4344 §asueni
294 4259 545 4344 ξῙέτροςέγραψεν.
583 4269 729 4320 fetetne
780 4261 886 4326 καινὸν,
906 4278 933 4319 ιιι
951 4269 1005 4332 lesit
1024 4285 1120 4335 qnoque
1138 4271 1254 4322 Naeuius.
1288 4265 1371 4316 dtiiet

140 4327 227 4382 eutr
247 4346 276 4386 os
293 4345 424 4400 εγραφεν.
461 4338 561 4388 Gobler.
580 4337 686 4388 l'elclm.
705 4336 727 4386 1.
781 4335 854 4388 editio
873 4338 990 4387 Commct.
1006 4333 1093 4388 mer.

139 4408 163 4449 et
180 4401 204 4450 b.
223 4345 245 4447 de
256 4395 360 4467 Πέτρος
383 4399 479 4470 φησίν.
519 4405 582 4456 Editi
606 4412 630 4456 et
654 4395 729 4456 diii
816 4419 839 4454 o.
858 4403 955 4465 Sepuer.
973 4399 1084 4470 Mycono
1099 4399 1152 4472 pir
1168 4399 1281 4456 ἔκτισεν.
1307 4397 1371 4450 editi

139 4461 243 4536 Πέτρος
260 4455 341 4518 stne.
783 4479 807 4522 at
824 4473 864 4522 alii
881 4467 991 4539 λέγουσι
1009 4466 1041 4522 τὸ
1059 4465 1171 4522 ἔκτισεν.

173 4555 302 4600 bruscum
315 4567 366 4601 err.
380 4567 452 4602 ueou.
466 4571 515 4603 sss.
1032 4575 1039 4583 ·
1132 4555 1166 4606 25
