3214 5048
182 231 245 302 ³16
580 246 608 291 ε.
621 245 776 292 nummu
789 245 1014 292 ωαιατωεεονι

96 412 173 459 Μῠθ·
181 399 332 486 λέγουσιν
353 389 458 462 ἐἶναι
468 395 508 462 ἀἱ
520 400 658 483 γραφαί,
673 392 878 474 πάνταςκαὶ
892 389 986 480 ύμεῖς
1000 390 1290 482 συνομολογήσετε,
1315 393 1410 482 παρὰ

180 503 265 568 θεοῦ
285 496 347 585 γάρ
371 495 517 582 εἴρηνται
538 494 573 562 ολ
593 493 696 582 λόγοι,
718 495 775 563 καὶ
796 489 834 562 οῦ
857 494 995 563 δύναται
1014 485 1162 580 ι’ψεῦδος
1183 494 1218 563 ἐν
1233 490 1348 576 αῦτσῖς
1362 491 1410 564 ελ-

181 627 245 670 ναι.
278 599 308 667 ελ
327 599 388 682 μὲν
411 585 468 665 οῦν
491 595 640 664 δύνασθε
662 596 780 680 εἰπεῖν,
804 591 850 676 ώς
864 596 1025 676 ἐλθόντος
1038 595 1202 683 πρότερον
1223 597 1406 680 ·τοιούτου,

181 704 236 770 καλ
258 698 406 768 δύνασθε
428 698 535 779 δεῖξαι
556 697 639 766 ’θεὸν
661 693 760 767 αὐτὸν
783 693 869 767 εἶναι
889 693 946 788 άφ’
964 687 1010 767 ῶν
1033 698 1171 787 ἐποίησε
1193 705 1337 788 οημεῖων
1355 701 1409 768 καλ

181 801 342 890 τεράτων,
373 800 506 880 εἰκότως
527 796 606 889 ἡμῖν
628 799 850 886 διαμόχεσθε·
879 800 910 870 εἰ
932 801 969 868 δέ
991 800 1099 880 δεῖξαι
1117 801 1179 886 μὲν
1201 795 1239 866 οῦ
1262 799 1410 893 δύνασθε

183 899 228 984 ῶς
249 901 403 984 ἐλθόντα,
425 901 632 988 προςόοκᾶτε
653 902 690 970 όέ
711 896 815 990 άκμὴν
836 905 999 982 τοιοῦτον,
1022 901 1203 988 ’ἐπέγνωτε
1222 900 1282 968 τὸν
1296 900 1409 988 καιρόν

183 1003 253 1073 άπὸ
274 1007 333 1072 τοῦ
354 1000 499 1092 Δανιήλ·
533 1003 581 1084 εἰς
608 1001 666 1071 τόν
686 1003 840 1091 παρόντα
859 1003 922 1092 γὰρ
943 1001 1061 1091 χρόνον
1083 1001 1125 1070 τὰ
1146 1004 1309 1086 λεχθέντα
1329 997 1407 1092 παρ’

183 1102 284 1193 σῦτοῦ
308 1104 456 1199 φθάνειι
481 1105 512 1174 εἰ
528 1099 611 1174 66'6
632 1103 751 1192 παρών
771 1104 886 1192 καιρὸς
906 1093 1005 1184 οὗτός
1026 1104 1116 1172 ἐστιν
1131 1103 1255 1185 ἐκεῖνος
1269 1102 1289 1172 6
1303 1106 1411 1174 πάλαι

155 1197 157 1204 ’
182 1207 573 1296 ’προκαταγγελλόμενος
596 1204 653 1274 καὶ
673 1205 717 1274 τά
735 1205 896 1293 γενόμενα
918 1207 954 1274 δέ
977 1208 1033 1274 νῦν
1056 1199 1107 1296 ἐφ’
1131 1202 1211 1293 ύμῖν
1234 1206 1407 1295 ἑωράκατε,

180 1312 284 1397 γνῶτε
312 1304 366 1376 ότι
388 1297 485 1389 οὗτος
507 1304 680 1397 όἸησοῦς,
710 1306 747 1376 όν
768 1304 863 1396 ύμεῖς
885 1307 1129 1394 ἐσταυρώσατε,
1161 1297 1259 1389 οὗτός
1280 1309 1370 1378 ἐστιν
1392 1303 1410 1376 ό

182 1411 331 1501 Χριστός
353 1408 371 1477 6
393 1409 673 1498 προςόοκώμενος.
712 1407 732 1478 ό
753 1410 895 1498 μὲνγὰρ
916 1410 1030 1498 Aemo
1047 1409 1106 1479 καὶ
1125 1409 1251 1491 πάντες
1272 1411 1306 1478 ολ
1324 1435 1412 1499 προ-

94 1519 289 1606 ε.ιει.φῆται
309 1508 494 1593 άπέθανον,
507 1510 573 1614 ,καὶ
594 1511 637 1581 τά
656 1511 812 1600 μνήματα
832 1513 968 1594 πάντων
989 1505 1084 1598 Ιπαρ’
1108 1508 1187 1597 ύμῖν
1209 1512 1309 1594 ἐστιν,
1332 1507 1353 1600 ἡ
1375 1513 1412 1582 δὲ

181 1621 336 1705 γενομένη
358 1617 416 1686 νῦν
438 1609 620 1696 ἀνάστασις
641 1614 762 1696 ἔδειξεν
784 1614 832 1695 εἰς
845 1617 963 1682 τοῦτον
979 1613 1124 1702 φθάνειν
1140 1613 1183 1681 τὰ
1195 1620 1411 1702 γεγραμμένα

182 1719 303 1805 τὸμὲν
324 1717 386 1806 γὰρ
409 1719 646 1806 σταυρωθῆναι
669 1717 814 1786 δείκνυσι
834 1715 873 1782 τό
895 1712 1031 1803 όψεσθε
1050 1714 1110 1802 τὴν
1133 1714 1216 1806 ζωὴν
1231 1712 1412 1804 ύμῶννρε-

182 1825 329 1908 μάμένην
341 1821 373 1900 ¹),
395 1831 409 1870 ⁸
415 1815 472 1886 καὶ
492 1817 531 1885 τὸ
553 1821 592 1907 τῇ
616 1817 713 1907 λόγχη
737 1818 773 1887 δὲ
795 1820 970 1906 τρωθῆναι
990 1816 1049 1908 τὴν
1069 1817 1217 1906 πλευρὰν
1232 1820 1358 1907 πληροῖ
1371 1818 1413 1889 τὸ

183 1919 229 2002 ώς
260 1919 431 2008 πρόβατον
464 1918 522 1986 ἐπὶ
551 1919 680 2009 σφαγὴν
702 1917 835 2008 ἤχθη’),
869 1918 908 1986 τό
937 1918 1039 2007 δὲμὴ
1060 1919 1163 2006 μόνον
1185 1920 1412 2009 ἐξαναστῆναι,

183 2018 268 2094 άλλὰ
289 2023 344 2092 καλ
366 2019 536 2103 παλαιοὺς.
554 2021 686 2109 νεκροὺς
707 2021 742 2090 ἐκ
763 2025 829 2118 τῶν
850 2028 1018 2110 μνημείων
1040 2021 1164 2111 ἐγεῖραι
1187 2022 1336 2104 (τούτους
1348 2024 1412 2114 γάρ

183 2126 367 2216 ἑωράκασιν
396 2120 489 2210 ύμῶν
516 2124 755 2206 οἱπλεῖστοι),
786 2122 905 2192 ι’τοῦτό
929 2123 1061 2192 ἔστιτὸ
1084 2119 1142 2192 οόκ
1164 2125 1412 2212 ἐγκαταλείψεις

181 2228 241 2319 τὴν
263 2227 372 2317 ψυχήν
392 2251 457 2314 μου
480 2226 528 2307 εἷς
549 2221 672 2316 ᾇόηνέ),
695 2224 751 2296 καὶ
772 2225 811 2293 τό
828 2231 983 2294 κατέπιεν
999 2224 1017 2292 6
1031 2225 1182 2306 θάνατος
1197 2226 1337 2312 ἰσχύσας,
1351 2229 1406 2294 καὶ

181 2330 286 2399 πάλιν
308 2325 445 2420 ἀφεῖλεν
468 2325 487 2397 ό
507 2328 629 2412 sebe),
652 2327 692 2396 τό
714 2329 750 2397 δὲ
771 2331 826 2396 καλ
847 2331 987 2396 τοιαῦτα
1009 2339 1130 2416 σημεῖα
1144 2332 1289 2418 ποιῆσαι
1302 2323 1405 2410 αὐτόν,

182 2427 240 2498 οἷα
261 2437 381 2517 γέγονε,
405 2433 550 2500 όελκνυσι
570 2431 654 2500 θεὸν
677 2425 763 2498 εἶναι
783 2429 842 2498 τόν
864 2430 898 2498 ἐν
921 2429 1052 2514 σώματι
1066 2428 1123 2498 καὶ
1137 2425 1238 2499 αῦτόν
1254 2426 1410 2521 εἶναιτὴν
1471 2447 1473 2450 ’

183 2529 269 2618 ζωὴν
289 2533 345 2597 καὶ
365 2530 478 2615 κόριον
500 2534 560 2596 τοῦ
581 2529 742 2598 θανάτου.
781 2530 908 2618 ἐπρεπε
928 2531 991 2619 γάρ
1012 2531 1070 2599 τὸν
1091 2531 1249 2620 Χριστόν,
1272 2532 1332 2600 τόν
1354 2529 1416 2600 ἄλ-

183 2631 256 2708 λοις
279 2629 363 2715 ζωὴν
386 2628 530 2710 όιόόντα,
554 2624 654 2696 αύτὸν
675 2630 720 2720 μὴ
737 2639 938 2718 κρατεῖσθαι
953 2630 1035 2700 ἰύπό
1050 2638 1110 2701 τοῦ
1124 2631 1289 2701 θανάτου·
1311 2637 1413 2700 τοῦτο

182 2731 221 2800 όέ
242 2726 302 2798 οόκ
323 2725 363 2798 ἂν
386 2729 537 2818 ἐγεγόνει,
561 2731 591 2800 εἰ
597 2781 608 2812 ,
632 2727 677 2813 ῶς
698 2728 792 2818 ῦμεῖς
814 2733 961 2820 νομίζετε
968 2786 978 2816 ,
1001 2735 1104 2820 ψιλὸς
1124 2729 1304 2816 ἄνθρωπος
1325 2721 1366 2818 ἦν
1389 2729 1409 2798 ό

182 2830 341 2920 Χριστός.
379 2827 466 2902 ἀλλὰ
485 2832 571 2924 Ιιμὴν
593 2827 692 2915 αύτός
715 2833 805 2904 ἐστιν
828 2831 846 2904 6
869 2836 941 2916 υἱός
955 2838 1014 2903 τοῦ
1029 2837 1128 2905 θεοῦ·
1152 2831 1331 2920 όνθρωποι
1345 2831 1411 2922 γὰρ

183 2934 307 3016 πάντες
328 2933 517 3006 ὑπεύθυνοι
536 2935 688 3006 θανάτου
712 2937 786 3007 εἷσέ.
819 2944 936 3027 μηκέτι
958 2940 1133 3024 τοιγαροῦν
1154 2930 1412 3024 1οἰμφιβαλλέτω

181 3063 243 3124 τις,
266 3034 336 3108 ἀλλ’
360 3035 523 3130 ἀσφαλῶς
545 3047 731 3128 γινωσκέτω
754 3043 824 3120 πάς
846 3034 936 3120 οἶκος
953 3033 1097 3127 Ἰσραήλ,
1122 3035 1176 3106 ὅτι
1198 3027 1293 3118 οὗτος
1316 3031 1415 3126 6²1²]-

181 3147 270 3226 σοῦς,
296 3141 333 3212 όν
356 3142 568 3238 έθεωρήσατε
589 3143 731 3232 σχήματι
752 3141 937 3231 ἄνθρωπον
959 3144 1124 3208 ποιοῦντα
1139 3149 1260 3229 σημεῖα
1274 3139 1327 3208 καὶ
1343 3163 1415 3206 τοι-

102 3335 107 3340 .
181 3248 267 3312 αῦτα
295 3245 389 3332 ἐργα,
420 3242 579 3336 ἃμηόεὶς
599 3245 741 3314 πώποτε
762 3252 960 3330 πεποίηκεν,
990 3237 1090 3322 αότός
1112 3241 1203 3310 ἐστιν
1225 3236 1244 3308 ό
1265 3239 1414 3328 Χριστὸς

180 3345 239 3412 καὶ
259 3345 398 3432 ΙΙΙκύριος
424 3345 570 3412 πάντων.
607 3347 662 3411 καλ
689 3346 752 3433 γάρ
780 3349 835 3414 καὶ
859 3343 1043 3431 άνθρωπος
1064 3343 1239 3430 γενόμενος
1259 3345 1314 3410 καὶ
1335 3341 1413 3427 κλη-

182 3445 259 3522 θεὶς
278 3439 408 3528 Ἰησοῦς,
434 3441 544 3530 ώςπερ
567 3443 602 3510 ἐν
622 3457 695 3525 τοῖς
710 3452 886 3533 προτέροις
909 3446 1078 3531 νεῖπομεν,
1095 3441 1154 3512 οῦκ
1168 3441 1348 3532 ἠλαττώθη
1365 3445 1413 3530 τῷ

184 3537 392 3631 άνθρωπῖνφ
414 3543 533 3626 πάθει,
558 3538 642 3612 ἄλλά
663 3548 789 3620 μᾶλλον
811 3546 868 3615 καὶ
889 3547 923 3616 ἐν
944 3551 991 3634 τῷ
1007 3550 1215 3635 οποιηθῆναι
1230 3545 1415 3630 ἅνθρωπος
1561 3569 1567 3580 ·

186 3643 316 3727 ζώντων
337 3643 393 3712 καλ
415 3648 536 3732 νεκρῶν
559 3639 795 3715 άποόεέκνοται
815 3647 935 3734 κύριος.
975 3647 1091 3735 ἐπειδὴ
1113 3647 1186 3734 γάρ,
1211 3643 1257 3727 ῶς
1279 3642 1371 3714 εἶπεν
1394 3639 1414 3712 6
1453 3635 1457 3646 ⁸

132 3747 134 3753 '
183 3739 383 3827 ἀπόστολος,
408 3745 442 3816 ἐν
463 3750 503 3838 τῇ
527 3753 632 3836 σοφίᾳ
653 3751 712 3815 τοῦ
734 3752 818 3818 θεοῦ
841 3744 899 3817 οῦκ
922 3751 1003 3838 ἐγνω
1027 3746 1045 3818 6
1066 3749 1190 3836 κόσμος
1212 3747 1270 3816 διὰ
1283 3750 1342 3836 τῆς
1357 3770 1415 3815 σο-

251 3938 275 3997 1)
294 3937 391 3992 Denter.
410 3936 451 4002 28,
470 3939 512 3991 66.
548 3938 574 4000 2)
592 3939 646 3990 Εεε.
666 3939 708 4002 53,
727 3940 751 3992 λ.
787 3940 812 4003 θ)
831 3941 894 3994 Pul.
915 3941 946 3993 16
964 3938 1018 4005 [1⁵.
1037 3937 1125 4008 Lm,
1146 3941 1185 3992 10.
1220 3939 1312 4001 4)Εεε.
1330 3937 1373 4000 25,
1392 3937 1416 3990 Β.

215 4087 237 4122 ε.
256 4061 327 4122 εἶναι
344 4075 413 4126 abest
436 4092 448 4126 ε
472 4077 613 4140 Seguerian.
632 4077 730 4129 Gohler.
748 4085 773 4128 ει
857 4078 880 4128 6.
899 4079 999 4137 δεμσεε.
1008 4069 1166 4144 ἐπιγνῶναι.
1197 4065 1273 4126 Paulo
1286 4081 1342 4141 μυεῖ
1353 4073 1419 4124 idem

181 4139 287 4191 Felekm.
308 4142 330 4192 l.
366 4143 440 4193 ΡουΙα
459 4155 516 4210 post
534 4146 605 4196 iidem
625 4154 647 4196 οῖ
665 4145 771 4197 Felckm.
823 4139 874 4195 τὸν
889 4139 1029 4211 λεχθέντα.

181 4208 206 4260 4.
225 4205 466 4278 συνσμολογόσετε,
500 4213 563 4264 Edili
587 4224 611 4265 οι
634 4215 675 4266 alii
693 4225 771 4263 σανα·
856 4229 878 4263 ο.
899 4214 1006 4264 roncum.
1023 4214 1048 4264 4.
1066 4203 1355 4288 napayysln'psrom‘
1422 4239 1433 4252 ·
1507 4271 1510 4278 ,

180 4273 332 4345 μθλῡγέἶῐέ.
858 4282 875 4331 f.
900 4283 1000 4342 Segnor.
1026 4291 1047 4330 εῖ
1074 4283 1181 4332 Fvlckm.
1199 4281 1224 4330 ⁴.
1248 4269 1313 4344 παρ’
1340 4275 1416 4341 ημῖν.

215 4349 241 4398 ἐν.
259 4349 357 4400 nobles.
376 4356 401 4399 et
417 4349 522 4402 Felckm.
542 4349 564 4398 1.
583 4343 688 4412 ψευδές.
823 4350 867 4400 Alii
884 4357 908 4399 εῑ
920 4351 977 4398 edili
994 4340 1057 4416 παρ’
1078 4342 1151 4416 ύμῖν.
1171 4345 1222 4398 Mox
1233 4349 1332 4406 s'epner.
1343 4341 1416 4392 Βαείῖ.

217 4433 238 4468 ο.
256 4419 297 4469 Sic
314 4419 414 4482 Seguer.
433 4417 489 4480 Reg.
509 4418 606 4468 Gobler.
625 4419 730 4469 Felckm.
751 4417 774 4468 1.
825 4417 924 4470 Gobler.
943 4408 1333 4469 οιιεωη.1,ει4.εἰειιῡτιν.
1367 4410 1417 4461 Co-

181 4483 207 4534 4.
226 4493 250 4537 et
266 4487 291 4537 5.
326 4489 355 4540 At
373 4485 413 4539 alii
431 4495 455 4538 ει
472 4487 531 4538 editi
548 4477 656 4536 τούτου.
825 4485 871 4536 teri
888 4493 912 4536 ει
929 4485 987 4538 editi
1004 4477 1042 4540 εἷε
1058 4483 1150 4538 τοῦτο.
