3102 5042
525 273 633 316 omaro
648 274 687 316 ιι.
705 275 820 320 conum
835 277 968 321 amisos.
1143 304 1152 320 .
1279 267 1344 332 663

120 423 263 513 ioquitpr:
287 422 327 486 Io
349 425 428 492 niro,
453 441 537 502 quem
558 426 737 498 destinarat,
758 427 818 507 fide
839 429 976 490 omnibus
992 435 1152 510 impertito,
1175 450 1209 494 eo
1225 454 1243 494 o
1258 445 1427 497 mor-Port-

120 530 178 590 tus's
201 528 352 598 excitatos
380 524 421 586 ita
448 543 538 604 saepe
559 544 678 606 quoque
701 528 904 592 ostensionem
927 537 957 590 et
978 529 1154 592 missionem
1177 533 1254 596 idem
1276 555 1344 600 esse

120 647 152 690 ao
173 626 345 690 motionem
367 626 545 704 reperimus.
589 627 631 688 Ex
652 627 761 707 quibus
784 629 875 691 cuivis
897 631 967 692 iicet
988 631 1115 705 disoeno,
1135 633 1211 694 nibil
1232 636 1262 696 in
1276 655 1343 698 ver-

118 729 163 790 bis
188 728 366 790 Sanctorum
388 745 457 788 esse
479 727 651 798 dissonum,
687 729 740 790 sed
766 730 855 792 neniis
884 739 997 792 tantum
1025 735 1196 798 nominibus
1220 737 1344 800 coniun-

118 831 246 894 ctionem
259 828 312 890 Dei
331 827 420 890 Verbi
444 847 509 890 enm
532 828 654 894 bomine
677 849 712 892 en
733 831 822 892 biario
845 841 978 894 assumto
1001 834 1067 896 ilios
1090 835 1345 916 designaremus

118 949 181 996 eant
202 929 292 992 medo
317 930 486 991 unedonem
510 929 667 1009 appellant,
690 932 780 993 modo
803 932 988 1008 missionem,
1015 936 1104 996 modo
1126 939 1342 1000 ostensionem

116 1035 241 1096 Rectum
263 1039 310 1092 est
332 1031 432 1110 igitur,
454 1031 536 1109 quod
558 1031 599 1092 ait
619 1032 724 1094 beatus
746 1033 867 1108 Petrus,
889 1035 941 1114 qui
963 1055 1063 1098 veram
1085 1037 1234 1117 Unigeniti
1255 1057 1344 1118 prae·

117 1136 195 1197 dieat
221 1132 419 1202 divinitatem,
455 1151 511 1193 nec
531 1131 585 1196 Dei
607 1133 694 1196 Verbi
723 1135 905 1213 hypostasim
932 1136 1076 1217 disiungit
1107 1139 1143 1201 eb
1166 1140 1287 1204 bomine
1309 1159 1345 1204 en

115 1236 205 1299 idaria
223 1241 379 1306 assumto,
403 1233 489 1312 quod
517 1234 639 1296 omnine
666 1235 755 1298 absit.
799 1236 856 1309 Qus
885 1237 962 1300 enim
992 1240 1021 1300 id
1050 1239 1099 1302 ilie
1125 1241 1264 1315 auderet,
1293 1244 1344 1322 qui

113 1341 286 1417 frequenter
307 1335 413 1406 audiit:
442 1334 505 1413 Epo
528 1347 556 1400 et
579 1335 671 1400 Peter
692 1355 787 1399 noem
809 1357 929 1410 sumus,
953 1350 982 1402 et
1007 1342 1070 1415 Qui
1089 1343 1164 1404 cidit
1184 1361 1246 1414 ose,
1269 1345 1344 1406 uidit

114 1436 260 1502 Patrem?
303 1436 381 1498 Hinc
403 1436 491 1498 etiam
511 1445 585 1514 post
606 1439 855 1500 resurrectionem
884 1440 963 1502 idem
984 1460 1092 1522 corpus
1116 1442 1212 1506 ianuis
1234 1444 1343 1506 clausis

117 1539 152 1602 ad
177 1538 347 1600 universnm
368 1538 581 1618 Apostolorum
605 1547 722 1600 coetum
743 1543 908 1618 ingressum
931 1551 993 1616 est,
1015 1543 1150 1623 quodne
1173 1546 1219 1606 cui
1241 1545 1341 1608 incre·

117 1640 205 1702 dibile
226 1640 385 1714 videretur,
408 1640 474 1718 ipse
495 1639 695 1702 uiffimturem
716 1643 852 1716 removit,
877 1661 943 1705 oum
965 1647 1019 1706 ait:
1040 1646 1235 1711 ‘Contrectate
1255 1657 1343 1709 meet
1424 1677 1427 1688 ·

115 1745 218 1818 ua’dete,
242 1746 313 1825 puio
335 1746 465 1822 spiritus
489 1759 611 1804 corben
632 1752 661 1804 st
685 1761 754 1804 osso
776 1763 838 1806 ooo
861 1745 962 1816 babet,
987 1750 1066 1810 sicut
1087 1765 1132 1808 me
1154 1748 1262 1809 videtis
1286 1749 1342 1810 bo-

113 1847 192 1910 bere.
242 1844 298 1906 Ubi
325 1841 539 1906 advertendum
568 1852 629 1916 est,
659 1861 726 1904 oum
754 1863 815 1906 nen
845 1845 970 1908 dixisse:
1004 1847 1090 1908 Hunc
1118 1846 1163 1908 vel
1191 1847 1341 1910 bononem

110 1965 222 2018 mcum,
245 1964 332 2025 quem
355 1944 494 2016 assumsi,
518 1952 709 2020 contrectate,
733 1946 786 2007 sed
811 1959 994 2012 contrectate
1016 1967 1070 2010 me.
1116 1947 1200 2009 Nulla
1217 1948 1342 2028 proinde

110 2049 198 2110 venia
220 2045 423 2110 samosatensi
447 2045 593 2124 speranda
616 2055 679 2118 est,
710 2047 819 2126 quippe
847 2050 896 2127 qui
920 2058 963 2110 tot
985 2051 1136 2112 convictus
1159 2050 1340 2128 argumentis

110 2167 220 2229 negare
243 2167 303 2212 non
325 2148 427 2228 pessit
447 2146 535 2208 Verbi
558 2145 610 2206 Dei
626 2147 882 2222 coniunctionem,
905 2169 992 2228 quam
1016 2151 1155 2212 nimirum
1175 2152 1273 2230 ipsum
1288 2151 1342 2212 bei

109 2250 240 2312 Verbum
262 2249 402 2322 asseruit,
427 2265 504 2321 ctum,
527 2255 559 2308 ut
580 2247 669 2308 medo
693 2249 831 2320 vidimus,
855 2268 960 2312 onrnes
977 2260 1024 2310 est
1040 2251 1209 2324 allocutum,
1232 2249 1339 2329 quibus

112 2361 144 2414 et
165 2371 198 2414 se
218 2350 421 2412 resurrexisse
452 2347 636 2410 confirmavit
659 2359 719 2408 tum
742 2349 924 2410 comedendo
946 2357 1009 2410 tum
1036 2368 1070 2410 se
1098 2350 1195 2429 ipsum
1218 2359 1339 2412 eonne-

112 2453 251 2514 cundum
272 2451 488 2529 permittendo,
512 2450 553 2512 uti
577 2451 685 2512 iactum
708 2459 763 2510 est.
808 2450 880 2510 Nam
903 2451 964 2512 sive
985 2470 1051 2512 cum
1074 2451 1140 2532 ipse
1160 2451 1219 2516 illis
1243 2452 1339 2515 cibum

113 2553 290 2632 impertiret,
312 2552 374 2614 sive
395 2571 459 2614 oum
482 2552 523 2613 iiii
547 2552 616 2632 ipsi,
640 2552 761 2614 omnino
784 2570 888 2614 manns
905 2553 970 2613 eius
986 2563 1252 2616 contrectaverunt
1288 2553 1338 2616 Si-

112 2654 234 2734 quidem
255 2653 310 2726 a'ils',
333 2653 438 2732 inquit,
462 2653 639 2716 obtulerunt
659 2663 779 2734 portem
796 2658 890 2734 piscis
913 2660 979 2716 ossi
1000 2667 1028 2719 et
1048 2658 1155 2736 sonum
1175 2655 1286 2731 mettis,
1310 2665 1340 2716 et

110 2775 180 2820 cum
200 2757 411 2818 manducasset
433 2773 536 2818 eorem
558 2759 620 2827 eis,
644 2765 780 2834 acceptos
799 2753 948 2836 'reliquias
972 2757 1051 2819 dedit
1073 2762 1126 2818 eis.
1169 2755 1215 2816 Ειι
1237 2755 1338 2836 igitur,

110 2859 136 2918 si
159 2875 221 2918 non
243 2864 277 2918 nt
300 2875 334 2918 se
356 2874 426 2936 erga
449 2857 594 2918 Tbomam
616 2856 728 2935 gessit,
752 2865 831 2917 certe
853 2855 908 2918 alia
930 2857 1045 2918 ratione
1068 2857 1136 2918 fecit
1157 2875 1210 2920 ees
1232 2857 1270 2918 de
1292 2855 1337 2920 sui

99 2959 331 3022 ‘resurrectione
354 2957 508 3036 certiores,
532 2976 596 3018 cum
621 2975 654 3018 se
677 2957 734 3018 iliis
758 2958 997 3018 contrectandum
1019 2956 1180 3036 praebuit,
1206 2958 1296 3030 Quod
1312 2957 1339 3017 si

114 3059 197 3136 ipsas
219 3059 303 3120 etiam
327 3059 477 3120 cicatrices
498 3059 583 3139 cupis
607 3075 744 3128 cernere,
768 3057 849 3120 disce
871 3077 887 3120 a
910 3059 1039 3128 Thema,
1074 3057 1120 3118 cui
1142 3057 1277 3119 videlicet
1298 3058 1339 3120 ait

114 3157 273 3220 Dominus:
297 3160 385 3239 isser
406 3179 527 3222 monum
551 3171 635 3222 tuom
655 3169 684 3221 et
704 3162 786 3220 mitte
808 3164 842 3220 ιἰι
866 3159 946 3220 intres
968 3175 1080 3228 meum,
1104 3169 1133 3224 et
1154 3159 1238 3237 infer
1262 3159 1337 3238 dipi-

112 3271 298 3333 tumtunm,
333 3271 361 3324 ot
388 3263 454 3324 vide
482 3280 589 3324 monus
611 3279 701 3322 meos.
746 3259 837 3320 Suum
866 3259 942 3319 latus
972 3276 1100 3338 suasque
1127 3277 1233 3320 manus
1255 3259 1421 3325 Denseess.

112 3361 242 3424 Verbum
264 3362 398 3442 appellet,
422 3381 514 3442 seque
535 3371 630 3424 toturn
652 3359 803 3422 bominem
826 3359 913 3420 simul
935 3371 964 3422 et
981 3361 1073 3421 [ioum
1095 3379 1164 3422 esse
1185 3360 1334 3436 ostendit3

110 3463 193 3544 quod
216 3463 334 3542 quidem
355 3464 422 3543 ipso
446 3465 532 3526 etiam
557 3482 658 3532 sensu,
682 3471 714 3524 nt
735 3461 897 3540 intelligere
920 3469 975 3536 est,
996 3461 1089 3524 votuit
1109 3461 1238 3524 Verbum
1262 3481 1333 3524 san-

105 3573 179 3626 otes
202 3565 338 3644 septenbri,
361 3585 426 3626 oum
450 3584 537 3626 suurn
559 3583 668 3644 conpos
691 3562 787 3624 ianuis
809 3564 916 3625 clausis
939 3565 1104 3644 ingressum
1126 3571 1175 3624 est
1196 3564 1226 3625 in
1249 3563 1332 3625 cubi-

110 3665 228 3738 culum,
251 3685 285 3726 ιιι
306 3677 427 3746 repente
450 3667 570 3728 adstans
592 3649 658 3727 enm
682 3684 806 3746 corpore
828 3685 880 3727 ees
904 3666 1005 3752 derei
1030 3665 1150 3726 veritate
1171 3683 1334 3746 persuasos

107 3766 250 3829 reddidit.
295 3767 373 3830 Haec
394 3777 491 3830 autem
514 3765 649 3828 fidelibus
671 3767 788 3846 quidem
811 3767 846 3828 ad
869 3767 1142 3840 confirmationem,
1166 3766 1334 3848 infidelibus

108 3886 183 3930 vero
207 3868 243 3930 ad
267 3869 502 3930 emendationem
525 3870 598 3930 satis
621 3868 788 3930 dictasint.

109 4012 190 4070 εἴτι.
225 4023 250 4072 ιιι
270 4021 324 4071 siiis
342 4031 366 4072 et
383 4023 452 4072 editis
472 4021 539 4070 deest
555 4013 697 4079 τήνιιικαι.
785 4020 799 4068 i.
819 4019 924 4080 Sieiieg.
941 4019 1132 4080 codex,Segoer.
1151 4027 1175 4068 et
1193 4019 1274 4081 basii,
1293 4019 1336 4069 sed

145 4091 162 4138 ι.
183 4091 238 4152 [teg.
259 4098 282 4138 et
300 4090 398 4151 Segosa.
418 4081 495 4138 ὀστᾶ.
750 4086 821 4135 Basit.
848 4086 917 4134 babet
934 4083 1012 4148 βλέπε
1030 4079 1067 4138 sio
1079 4079 1176 4202 {siquis
1192 4101 1248 4150 μου
1290 4089 1334 4136 Atii

145 4174 169 4220 p.
189 4159 243 4220 Reg.
265 4151 519 4222 assuescendos.
557 4155 698 4230 iidem'ibid.
750 4155 853 4230 editiqne
871 4147 916 4200 καὶ
934 4148 982 4201 τὸν
1000 4147 1082 4202 drino
1099 4148 1131 4201 όν
1149 4166 1199 4201 σου
1216 4148 1279 4218 βάλε
1298 4145 1336 4205 cis·

107 4235 133 4275 et
151 4226 278 4276 aniiiens.
296 4226 386 4276 addunt
402 4221 448 4273 καὶ
466 4216 567 4290 φαγὼν
583 4215 699 4271 intonsos
749 4235 797 4273 τας
809 4214 905 4298 (aipein
920 4235 984 4287 pou.
1022 4223 1071 4272 idox
1091 4223 1176 4284 begins
1195 4233 1218 4272 et
1236 4223 1334 4294 Segner.

107 4283 218 4348 αὐτῶν,
243 4287 334 4356 λαβὼν
358 4288 392 4341 τὰ
417 4285 543 4342 ἐπίλοιπα
561 4282 698 4339 ἀπέδωκεν
750 4281 846 4340 besor
863 4281 949 4353 λόγος,
986 4291 1063 4340 Ceteri
1082 4292 1219 4339 comeditis
1238 4283 1252 4334 d
1269 4287 1334 4337 deos

107 4351 214 4416 αὐτοῖς,
235 4377 296 4425 quoe
314 4361 354 4411 atii
374 4369 396 4410 et
414 4363 470 4411 editi
489 4365 606 4410 omittunt.
749 4352 826 4421 λέγει.
1294 4417 1316 4426 ..

143 4431 168 4480 b.
188 4430 244 4491 neg.
263 4430 361 4490 Segner.
381 4424 594 4481 eremitottou.
620 4427 697 4478 Ceteri
782 4427 804 4474 ιι.
823 4424 863 4474 Sic
880 4425 935 4487 [teg.
947 4426 1076 4487 etSeguer.
1112 4425 1137 4472 ιιι
1157 4423 1209 4471 otiis
1227 4427 1248 4467 et
1262 4418 1331 4466 eduis

107 4507 132 4548 et
153 4499 210 4547 editi
228 4491 321 4550 otuu.
749 4493 816 4544 deest
834 4505 869 4542 τε.

345 4727 351 4756 Ι
