3174 5082
261 299 304 367 28
660 309 686 350 s.
701 307 855 352 ετιεαοειι
870 305 1093 354 ηυαιτνιευοει

38 517 42 532 ,
141 531 145 536 ,
174 480 249 526 mu.
258 468 368 550 κυρίου
390 461 450 528 τοῦ
472 459 557 524 θεοῦ
580 477 656 535 σου,
686 454 755 521 υίοί
776 453 850 524 δστε
870 460 983 542 κυρίου
1004 456 1064 522 τοῦ
1086 455 1170 522 θεοῦ
1192 449 1284 540 ἡμῶν
1293 457 1324 534 ¹).
1368 454 1492 534 καθὼς

257 567 311 632 καὶ
344 563 379 632 ἐν
411 563 459 646 τῷ
493 552 669 644 εὐαγγελίῳ
697 558 797 646 φησίν
827 549 1032 641 δ’ίωάννης·
1067 549 1145 622 ὅσοι
1172 555 1209 624 δέ
1231 555 1350 642 ἔλαβον
1372 549 1490 636 αὐτόν,

258 667 378 736 ἐ’δωκεν
401 656 515 739 αὐτοῖς
536 658 689 739 ἐξουσίαν
708 663 804 725 τέκνα
824 660 908 726 θεοῦ
923 659 1128 744 γενέσθαι’1·
1152 656 1264 743 ἑτέραν
1276 659 1312 728 δὲ
1323 657 1490 740 διάνοιαν,

258 761 335 834 καθ’
360 762 399 850 ἢν
417 759 524 832 Ἰσαὰκ
546 763 604 828 τοῦ
623 753 776 844 Ἀβραάμ
798 759 888 828 ἐστιν
909 757 982 838 υίὸς
1003 761 1057 826 καί
1081 753 1225 846 δ’ίαιιδιβ
1238 762 1297 826 τοῦ
1309 755 1416 828 Ἰσαὰκ
1430 765 1490 828 καί

261 869 294 934 οί
322 863 524 950 πατριάρχαι
551 865 609 930 τοῦ
629 857 750 948 Ἰακώβ.
795 855 889 928 αὐτοὶ
912 861 949 928 δὲ
970 860 1053 928 κατὰ
1076 867 1177 928 ποίαν
1200 859 1265 948 άρα
1286 849 1411 930 τοάτων
1432 887 1492 930 νο-

260 975 417 1054 μίσαντες
438 961 523 1034 εἶναι
543 964 601 1032 τὸν
622 966 680 1031 τοῦ
702 966 785 1032 θεοῦ
808 962 889 1044 υἱόν,
914 966 1052 1030 τοιαῦτα
1067 965 1144 1050 περὶ
1161 958 1261 1030 αὐτοῦ
1276 963 1491 1050 μυθολογοῦ-

260 1091 334 1152 σινς
368 1069 414 1148 τίς
440 1067 501 1156 γὰρ
522 1065 580 1154 τὴν
603 1061 703 1152 αὐτὴν
726 1059 880 1152 ἀσέβειαν
904 1053 939 1132 εὗ
962 1057 1030 1132 οἶδ’
1056 1061 1109 1132 ὅτι
1131 1067 1394 1152 συνδραμοῦνται
1414 1079 1491 1148 τοῖς

262 1176 338 1259 περὶ
359 1169 528 1258 Εὖσέβιον.
574 1167 604 1236 εί
632 1169 692 1254 μὲν
721 1157 779 1236 οὖν
806 1166 890 1236 κατά
910 1167 969 1254 τὴν
991 1165 1142 1256 πρώτην,
1172 1163 1240 1235 οἷοί
1261 1168 1328 1236 είσι
1354 1171 1425 1236 Ικαί
1453 1169 1490 1236 οἱ

261 1272 296 1342 ίκ
322 1272 527 1360 βελτιώσεως
554 1270 690 1357 τρόπων
712 1259 934 1356 ἐντεινόμενοι
954 1269 1012 1355 τὴν
1033 1273 1092 1336 τοῦ
1116 1264 1278 1353 ὀνόματος
1295 1270 1407 1358 χάριν,
1431 1275 1487 1338 καί

260 1375 481 1462 λαμβάνοντος
503 1373 671 1456 ἐξουσίαν,
696 1373 752 1440 ἵνα
773 1373 840 1440 υίοί
862 1375 947 1440 θεοῦ
969 1378 1145 1459 γένωνται·
1172 1373 1272 1440 τοῦτο
1293 1371 1354 1460 γὰρ
1378 1372 1489 1458 ἔλεγον

143 1512 149 1522 =
258 1471 419 1565 κᾷκεῒνοι·
442 1473 538 1544 οὐδὲν
562 1476 732 1563 διαφέρειν
753 1469 846 1563 ἡμῶν
868 1473 1002 1555 δόξειεν,
1028 1470 1104 1542 οὐδὲ
1124 1474 1302 1561 μονογενὴς
1316 1469 1356 1542 άν
1372 1475 1433 1563 εἴη,
1453 1474 1490 1555 ίξ

259 1576 376 1667 ἀρετῆς
403 1583 464 1645 καί
488 1573 587 1654 αὐτὸς
615 1575 756 1659 ἐσχηκὼς
784 1575 842 1662 τὴν
869 1580 927 1643 τοῦ
956 1575 1027 1656 υίὸς
1055 1583 1288 1664 προσηγορίαν.
1332 1570 1393 1664 κᾷν
1414 1577 1485 1662 γάρ,

260 1676 306 1758 ὥς
328 1701 424 1766 φασι,
448 1679 681 1764 προγνωσθεὶς
703 1676 846 1745 ἐ’σεσθαι
866 1682 1026 1759 τσωῦτος,
1051 1677 1269 1766 προλαμβάνῃ
1285 1681 1339 1746 καὶ
1355 1675 1426 1763 άμα
1440 1683 1486 1766 τῷ

260 1785 420 1865 γενέσθαι
448 1780 580 1867 δέχηται
607 1778 704 1848 τότε
726 1777 832 1863 άνομα
852 1783 907 1847 καί
928 1780 987 1867 τὴν
1008 1783 1067 1847 τοῦ
1092 1774 1254 1866 ὀνόματος
1276 1779 1391 1860 δόξαν,
1415 1775 1483 1848 ἀλλ’

262 1878 357 1948 οῦδὲν
380 1882 501 1948 διοίσει
522 1883 587 1946 τῶν
608 1880 692 1966 μετὰ
712 1879 772 1960 τάς
793 1881 931 1966 πράξεις
953 1881 1189 1967 λαμβανόντων
1211 1881 1250 1948 τὸ
1273 1879 1393 1965 ὄνομα,
1426 1883 1486 1962 ἕως

262 1977 348 2048 οὕτω
370 1984 424 2048 καὶ
447 1977 548 2060 αὐτὸς
567 1981 637 2062 υίὸς
660 1977 744 2050 εἶναι
765 1984 1018 2071 μεμαρτύρηται.
1049 1987 1102 2050 καί
1127 1983 1188 2069 γὰρ
1208 1977 1317 2067 Ἀδὰμ
1336 1985 1485 2071 προλαμ-

260 2082 371 2168 βάνων
392 2082 450 2172 τὴν
469 2083 580 2169 χάριν,
604 2083 659 2150 καὶ
681 2079 750 2169 ἅμα
771 2088 818 2172 τῷ
840 2091 999 2170 γενέσθαι
1020 2083 1133 2164 τεθείς
1155 2085 1189 2153 ίν
1211 2089 1258 2172 τῷ
1281 2087 1483 2172 παραδείσῳ,

176 2182 357 2252 εισιοῦδίν
380 2185 541 2275 διήνεγκεν
564 2184 640 2253 οὔτε
660 2190 719 2252 τοῦ
739 2182 849 2269 Ἑνώχ,
880 2185 1021 2270 ὅςμετὰ
1040 2185 1157 2272 χρόνον
1179 2189 1236 2273 τῆς
1257 2194 1413 2272 γενέσεως
1436 2183 1486 2256 εῦ-

261 2288 444 2375 αρεστήσας
464 2293 600 2374 μετέθη,
623 2284 700 2355 οὔτε
720 2291 777 2354 τοῦ
801 2281 992 2354 ἀποστόλου
1014 2291 1067 2354 καί
1091 2283 1191 2356 αὐτοῦ
1213 2288 1297 2373 μετὰ
1318 2289 1378 2368 τὰς
1399 2290 1486 2377 πρά-

259 2394 326 2472 ξεις
348 2387 552 2478 ἁρπαγέντες
575 2389 622 2469 εἰς
644 2388 702 2457 τὸν
723 2389 946 2476 παράδεισον,
975 2385 1044 2456 ἀλλ’
1070 2385 1225 2458 οὐδὲτοῦ
1249 2413 1333 2458 ποτε
1354 2393 1483 2478 λῃστοῦ,

260 2490 297 2572 ὃς
325 2492 381 2559 διὰ
408 2493 466 2578 τὴν
491 2488 669 2575 ὁμολογίαν
692 2491 889 2577 ἐπαγγελίαν
913 2491 1028 2576 ἔλαβεν
1051 2488 1152 2571 εὐθὺς
1175 2493 1222 2572 είς
1243 2493 1301 2560 τὸν
1323 2492 1484 2580 παράδει-

261 2615 320 2658 σον
343 2593 493 2660 ἐ’σεσθαι.
1039 2635 1040 2639 =

348 2700 376 2758 7.
417 2687 511 2758 Ἀλλ’
542 2692 575 2758 ἐν
608 2691 738 2770 τούτοις
769 2691 965 2776 διιυκόμενοι
993 2680 1141 2774 λέξουσιν
1171 2700 1254 2776 ἰσως
1285 2694 1509 2773 ὃπσλλάκις·

263 2793 410 2877 λέγοντες
430 2789 658 2880 ᾐσχύνθησαν·
682 2790 787 2872 οὕτως
810 2795 982 2880 νομίζομεν
1003 2795 1062 2863 τὸν
1083 2797 1156 2865 υίὸν
1178 2799 1280 2866 πλέον
1296 2800 1375 2882 ἐ’χειν
1389 2796 1482 2883 παρὰ

261 2893 304 2960 τά
325 2893 424 2972 άλλα,
454 2897 509 2960 καί
533 2893 589 2962 διὰ
611 2897 708 2963 τοῦτο
729 2901 888 2984 μονογενῆ
911 2900 1084 2985 λέγεσθαι,
1109 2897 1162 2965 ὅτι
1183 2889 1285 2985 μόνος
1305 2904 1364 2986 μέν
1387 2894 1483 2978 οὗτὸς

260 2990 328 3064 ὑπὸ
356 2996 458 3081 μόνου
486 3001 544 3064 τοῦ
566 3002 659 3082 θεοῖς
671 3005 798 3086 γέγονε,
827 2999 869 3066 τά
898 2996 931 3087 δ’
956 2999 1041 3068 ἄλλα
1068 3001 1179 3068 πάντα
1207 3002 1300 3086 παρὰ
1321 3005 1379 3068 τοῦ
1400 3006 1482 3070 θεοῦ

261 3098 317 3167 διὰ
338 3103 397 3167 τοῦ
419 3099 491 3168 υἱοῦ
515 3097 662 3188 ἐκτίσθη.
707 3107 759 3181 τίς
781 3099 847 3188 άρα
867 3101 988 3190 ταύτην
1010 3099 1088 3186 ὑμῖν
1110 3102 1168 3190 τὴν
1183 3103 1296 3187 μωρὰν
1307 3107 1362 3170 καί
1372 3102 1484 3190 καινὴν

260 3201 410 3269 ἐπίνοιαν
433 3197 607 3288 ὑπέβαλεν,
631 3203 687 3269 ἵνα
709 3204 841 3290 ε’ίπητε·
865 3202 922 3269 τὸν
944 3206 1003 3286 μὲν
1027 3203 1099 3270 υἱὸν
1120 3201 1483 3290 μόνονμόνοςδπσιὴρ

259 3299 468 3390 αὖτοάργησε,
493 3303 535 3368 τά
558 3299 590 3368 δ’
617 3302 702 3368 άλλα
724 3304 836 3369 πάντα
859 3303 915 3369 διὰ
929 3308 988 3370 τοῦ
1006 3307 1076 3372 υἱοῦ
1092 3313 1220 3393 γέγονεν
1236 3305 1281 3386 τίς
1296 3301 1342 3374 δι’
1360 3303 1485 3392 ὑπουρ-

259 3407 335 3488 γοῦς
371 3405 399 3469 εἰ
427 3405 487 3485 μέν
515 3403 577 3486 γὰρ
601 3400 657 3467 διὰ
678 3404 717 3466 τὸ
739 3402 874 3486 κάμνειν
895 3399 1041 3495 ἠρκέσθη
1063 3409 1165 3492 μόνον
1187 3405 1409 3496 αὐτουργῆσαι
1430 3407 1485 3475 τὸν

260 3502 332 3568 υίὸν
361 3499 499 3581 δ’θεός,
529 3500 571 3568 τά
600 3498 633 3568 δ’
658 3499 743 3568 άλλα
765 3498 889 3585 οὐκέτι,
924 3502 1039 3594 άσεβὲς
1061 3515 1199 3578 τοιαῦτα
1221 3509 1380 3598 περὶτοῦ
1401 3515 1484 3577 θεοῦ

260 3603 463 3688 λογίζεσθαι,
485 3602 631 3687 μάλιστα
652 3603 729 3684 τοὺς
751 3602 952 3689 ἀκούσαντας
964 3605 1103 3678 Ἡσαΐου
1119 3614 1285 3697 λέγοντος·
1306 3611 1390 3690 θεὸς
1405 3611 1486 3679 αἰά-

259 3727 345 3784 νιος,
368 3703 452 3783 θεὸς
474 3700 492 3770 ὃ
519 3707 765 3786 κατασκευάσας
786 3707 828 3776 τά
849 3707 932 3796 άκροι
953 3715 1011 3801 τῆς
1031 3716 1104 3799 γῆς,
1134 3708 1171 3780 οὐ
1195 3715 1364 3794 πεινάσει,
1388 3707 1485 3779 ὗοῦδὲ

259 3805 430 3888 κοπιάσει,
461 3803 539 3876 οάδέ
567 3809 656 3877 ἐστιν
678 3809 839 3898 ίξεάρεσις
859 3815 917 3900 τῆς
939 3814 1139 3902 φρονήσεως
1161 3809 1301 3897 αὐτοῦ’).
1346 3813 1483 3900 καὶγὰρ

258 3909 384 3991 μᾶλλον
408 3903 507 3990 αὐτὸς
528 3921 601 3989 τοῖς
622 3915 764 3982 πεινῶσι
786 3913 924 3982 δίδωσιν
947 3915 1048 3999 ἰαχάν,
1071 3919 1125 3983 καί
1149 3916 1205 3984 διὰ
1219 3919 1278 3983 τοῦ
1293 3915 1392 4002 λόγου
1409 3910 1485 3981 οαῦ-

258 4011 316 4075 τοῦ
338 4009 416 4089 τοὺς
436 4011 619 4110 κάμνοντας
641 4007 814 4084 άναιταάει.
849 4017 878 4086 εί
895 4018 931 4085 δὲ
946 4013 992 4096 ὡς
1006 4015 1166 4086 ταπεινὸν
1178 4013 1369 4105 ἀπηξίωσεν
1385 4011 1485 4094 αὐτὸς

308 4201 352 4262 1)
371 4201 465 4252 Denter.
486 4203 526 4264 13,
547 4204 586 4254 19.
605 4213 629 4254 ει
649 4205 687 4267 14,
709 4206 731 4256 1.
800 4207 826 4269 1)
845 4209 912 4259 Ιοεο.
934 4208 955 4268 1,
976 4207 1015 4258 12.
1086 4208 1113 4270 3)
1132 4208 1185 4259 Εεε.
1201 4208 1243 4272 40,
1262 4207 1303 4259 28.

257 4335 316 4386 ben!
331 4327 457 4385 ἐναντίον.
495 4337 538 4389 Hic
555 4353 630 4403 porro
641 4341 718 4401 Ιοευι,
737 4343 778 4406 qui
790 4343 844 4392 flnis
897 4333 991 4397 αῦτοῦ,
1011 4333 1079 4397 άσας
1095 4337 1149 4408 ἐγὼ
1168 4337 1327 4410 ἐντέλλομαί
1344 4353 1389 4390 σοι
1403 4333 1485 4407 σάμε-

257 4411 294 4454 εεῑ
313 4404 383 4456 ε.13.
403 4413 426 4455 et
445 4407 536 4456 initium
556 4423 575 4456 ε.
598 4407 636 4458 14,
657 4405 844 4472 ὓευιεεοιιί,τὶε
915 4423 962 4466 ον,
987 4410 1076 4460 ποιεῖν
1100 4406 1132 4460 τὸ
1150 4407 1235 4460 καλὸν
1250 4406 1297 4460 καί
1314 4406 1346 4458 τί
1366 4401 1486 4476 ἀρεστὸν
1525 4437 1533 4454 ·

257 4477 347 4522 ετείοῑε
371 4465 552 4540 ίαν-άκοάσγς
569 4473 617 4533 τῆς
634 4473 731 4539 φωνῆς
747 4471 843 4541 κυρίου
925 4473 1021 4526 αντίον
1037 4473 1132 4546 κυρίου
1150 4479 1199 4529 τοῦ
1208 4479 1275 4530 θεοῦ
1286 4491 1345 4535 σου,
1358 4469 1417 4526 υίοί
1423 4471 1487 4526 ἐστι

255 4535 305 4588 τοῦ
323 4539 389 4590 θεοῦ
407 4553 471 4598 σου,
497 4535 650 4606 φυλάττου
667 4537 717 4595 τὰς
733 4537 844 4598 ἐντολὰς
894 4541 989 4611 κυρίου
1006 4545 1056 4596 τοῦ
1074 4545 1141 4598 θεοῦ
1158 4541 1245 4614 ὑμῶν.
1284 4549 1310 4600 si
1328 4548 1433 4600 ικδίιτίτ
1442 4559 1487 4597 ου-
