3136 5046
222 263 284 334 ⁴08
621 277 648 320 ε.
664 261 818 318 immun
830 269 1054 316 ιιιειιιεειιοοει

134 431 308 505 διακρῖναι
328 435 387 518 σῆς
408 422 524 505 οόσίας
545 425 604 491 τοῦ
627 419 771 508 πατρός,
801 413 992 507 ἡκᾷκεῖνον
1015 413 1189 506 ἀλλότριον
1211 409 1312 498 ελναι,
1336 413 1449 506 ὥςπερ
1559 463 1560 470 .

197 540 276 605 ’καὶ
298 530 392 622 ἡμεῖς
414 529 511 615 έσμεν
534 520 713 611 ἀλλότριοι.
749 523 935 606 ταῦταμὲν
959 519 1078 588 ίκεῖνυι
1093 521 1267 608 ληροῦντες
1281 520 1450 609 φλυαροῦ-

223 663 291 718 σιν,
321 631 384 721 ἐγὼ
412 631 449 698 δέ
471 623 567 696 οῦδὲν
590 628 699 713 ἕτερον
721 623 774 692 ’έν
794 625 834 712 τῇ
856 621 992 710 τοιαύτη
1016 616 1125 690 αῦτιῦν
1145 627 1301 710 κακονοίφ
1321 622 1446 708 βλέπω,

221 733 243 828 ἡ
265 731 440 822 ἀλόγιστον
461 729 586 817 τόλμαν
607 725 663 796 καὶ
686 724 877 813 διαβολικὴν
898 719 1072 806 ἀπόνοιαν,
1095 724 1257 811 λεγόντων
1269 725 1324 790 καὶ
1339 717 1448 790 αῦτοῦν

222 833 290 908 κατ’
315 838 454 906 ἐκεῖνον·
482 833 530 912 είς
559 830 617 898 τὸν
646 823 785 916 οάρανὸν
809 821 1065 915 ἀναβησόμεθα,
1094 823 1245 916 ἐσόμεθα
1267 819 1380 911 ὅμοιοι
1400 827 1448 912 τῷ
1561 855 1562 866 ¹

222 937 356 1028 ὑψίστῳ
365 942 396 1020 ¹),
419 935 462 1004 τὰ
482 933 544 1022 γὰρ
565 929 650 1002 κατὰ
668 930 765 1018 χάριν
780 928 939 1014 διδόμενα
954 938 1027 1008 τοῖς
1040 921 1248 1014 ἀνθρώποις,
1270 929 1374 994 ταῦτα
1387 929 1449 994 θέ-

223 1045 338 1110 λουσιν
360 1033 418 1106 λσα
440 1038 498 1124 τῆς
520 1036 579 1104 τοῦ
602 1031 753 1111 διδόντος
775 1025 860 1098 εἶναι
876 1029 1047 1118 θεότητος.
1079 1024 1252 1108 ἀκούοντες
1265 1021 1342 1116 γοῦν
1358 1027 1450 1108 υίοῦς

222 1139 499 1234 ι’χρηματίζοντος
519 1133 596 1215 τοῦς
617 1132 821 1221 ἀνθρώπους
843 1131 1000 1216 ἐνόμισαν
1020 1133 1073 1198 καὶ
1097 1129 1234 1210 ἑαυτοὺς
1254 1131 1349 1210 ἴσους
1363 1125 1450 1198 εἶναι
1491 1137 1497 1148 ’

223 1249 282 1313 τοῦ
304 1239 468 1329 ἀληθινοῦ
490 1235 547 1306 καλ
568 1235 667 1326 φύσει
691 1235 774 1316 υἱοῦ,
797 1235 851 1302 καί
874 1235 931 1301 νῦν
953 1232 1058 1301 πάλιν
1081 1227 1255 1312 ἀκούοντες
1267 1235 1327 1300 τοῦ
1342 1235 1451 1320 σοιτὴ-

223 1367 297 1436 ρος·
320 1345 376 1413 ἵνα
398 1333 480 1410 ὦσιν
503 1343 538 1409 ἓν
559 1336 675 1417 καθὼς
695 1338 750 1405 καί
771 1332 875 1423 ἡμεῖς,
899 1337 1071 1404 πλανῶσιν
1094 1334 1229 1416 ἑαυτοὺς
1250 1333 1451 1422 καὶθρασυ-

224 1447 358 1533 νόμενοι
386 1443 577 1528 νομίζουσιν
606 1435 712 1519 οῦτως
741 1439 882 1506 ἔσεσθαι
902 1435 1072 1518 ’ἑαυτούς
1103 1433 1149 1517 ὡς
1171 1437 1260 1505 ἔστιν
1282 1432 1301 1504 6
1321 1436 1395 1516 υίός
1416 1435 1451 1504 έν

228 1553 276 1638 τῷ
298 1546 403 1635 πατρὶ
423 1543 479 1614 καὶ
501 1539 519 1611 6
542 1541 653 1632 πατὴρ
676 1541 710 1610 έν
731 1544 778 1629 τῷ
801 1539 871 1628 υίῷ,
895 1535 953 1624 οῦχ
968 1535 1108 1627 δρῶντες
1122 1539 1161 1606 τὸ
1177 1539 1212 1608 έκ
1225 1537 1453 1630 τὴςτοιαῦιης

225 1651 365 1737 οἰήσεως
386 1646 560 1736 γενόμενον
581 1648 640 1712 τοῦ
663 1641 792 1731 πατρὸς
814 1637 922 1710 αῦτιῦν
944 1645 1003 1709 τοῦ
1025 1641 1183 1729 διαβόλου
1205 1645 1348 1728 πτῶμα.

313 1756 361 1819 18.
406 1748 449 1815 Εί
469 1749 529 1832 μέν
551 1735 619 1826 οῦν,
643 1740 689 1824 υλς
709 1743 870 1824 πολλάκις
893 1745 1041 1830 εἴπομεν,
1065 1740 1083 1810 6
1106 1738 1205 1823 αάτός
1227 1743 1316 1812 ἐστιν
1336 1739 1451 1832 ἡμῖνό

224 1853 283 1917 τοῦ
311 1849 395 1917 θεοῦ
427 1847 539 1935 λόγος,
572 1849 625 1914 καί
649 1840 744 1913 οῦδὲν
765 1841 858 1932 ἡμῶν
881 1847 1033 1935 διαφέρει
1054 1839 1093 1935 ’ἢ
1111 1845 1236 1934 χρόνῳ·
1266 1847 1351 1914 ἔστω
1372 1841 1452 1934 ἡμῖν

226 1947 351 2037 ὅμοιος,
374 1952 428 2017 καί
449 1945 509 2038 τὴν
532 1942 632 2038 αῦτὴν
654 1946 752 2031 έχέτω
772 1946 883 2035 χώραν
905 1947 999 2034 παρὰ
1020 1951 1066 2036 τῷ
1090 1954 1203 2036 πατρί,
1225 1946 1267 2036 ἡν
1286 1950 1341 2016 καί
1356 1944 1451 2036 ἡμεῖς

223 2051 354 2138 ἔχομεν,
382 2055 436 2119 καί
464 2049 547 2139 μήτε
573 2047 750 2139 μονογενὴς
770 2050 853 2137 μήτε
873 2049 974 2136 μόνος
996 2049 1094 2138 λόγος
1113 2046 1152 2137 ’ἢ
1174 2053 1361 2140 σοφιστοῦ
1383 2073 1441 2118 πιε

224 2155 302 2242 πρὸς
325 2156 490 2242 λεγέσθω,
516 2147 601 2222 ἀλλὰ
621 2151 733 2220 κοινὸν
756 2150 842 2222 {ow
863 2152 947 2220 κατὰ
967 2152 1104 2220 πάντων
1124 2148 1217 2240 ἡμῶν
1238 2155 1305 2220 τῶν
1326 2148 1451 2239 όμοίων

222 2255 264 2325 τὸ
286 2252 367 2324 αάτό
391 2253 505 2342 ὄνομα.
545 2255 672 2324 δίκαιον
694 2253 765 2343 γάρ,
790 2244 836 2322 ὧν
851 2254 938 2322 ’ἐστι
953 2254 1055 2344 φύσις
1067 2261 1137 2340 μία,
1161 2255 1286 2322 τούτων
1302 2250 1452 2324 εἶναικαὶ

224 2359 264 2426 τὸ
287 2355 394 2444 ὄνομα
415 2358 542 2440 κοινόν,
565 2351 625 2446 κάν
647 2367 719 2436 τοῖς
739 2357 872 2445 χρόνοις
894 2351 1044 2444 ἀλλήλων
1067 2358 1280 2446 διαφέρωσιν.
1317 2355 1452 2444 ἀνθρω-

224 2483 290 2538 πος
310 2458 372 2546 γὰρ
396 2454 414 2525 6
432 2453 551 2544 Ἀδάμ,
575 2456 760 2544 ἀνθρωπος
780 2459 840 2527 ’δέ
861 2459 916 2526 καὶ
939 2455 957 2526 6
979 2461 1124 2541 Παῦλος,
1148 2457 1332 2548 ἅνθρωπος
1347 2462 1383 2529 δέ
1397 2461 1451 2530 καὶ

226 2555 244 2622 6
267 2561 322 2624 νῦν
344 2559 553 2644 γεννώμενος,
576 2561 630 2625 καί
654 2555 712 2642 οὐχ
735 2556 753 2626 6
772 2559 890 2648 χρόνος
911 2556 1045 2630 ἀλλοιοῖ
1064 2561 1123 2652 ιὴν
1139 2562 1240 2650 φύσιν
1254 2565 1450 2649 τοῦγένους.

226 2657 256 2726 εί
276 2663 387 2726 τοίνυν
408 2659 465 2726 καὶ
487 2655 505 2726 6
528 2659 624 2747 λόγος
646 2662 752 2748 χρόνῳ
775 2661 877 2746 μόνον
899 2659 992 2750 ἡμῶν
1015 2665 1176 2754 διαφέρει,
1201 2664 1269 2733 έδει
1288 2667 1341 2732 καί
1362 2661 1451 2754 ἡμᾶς

142 2755 272 2839 επεν-ὠς
305 2759 427 2828 ἐκεῖνον
458 2755 552 2828 εἶναι.
597 2757 666 2829 ἀλλ’
692 2761 768 2831 οότε
797 2759 892 2853 ἡμεῖς
920 2763 1016 2852 λόγος
1037 2760 1059 2854 ἡ
1081 2772 1201 2855 σοφία,
1232 2765 1305 2834 οὔτε
1325 2765 1449 2847 ἐκεῖνος

138 2879 145 2888 “
227 2864 239 2900 ''
247 2868 368 2948 κτίσμα
389 2853 410 2948 ἡ
432 2869 561 2952 ποίημα
582 2863 732 2952 τυγχάνει
755 2863 817 2932 ιῦν·
841 2865 916 2934 ἐπεὶ
939 2868 1030 2935 διατί
1051 2869 1084 2934 οό
1105 2867 1228 2947 πάντες
1249 2867 1284 2936 έκ
1302 2870 1361 2935 τοῦ
1377 2867 1452 2948 ένὸς

225 2961 410 3052 γεγόναμεν,
433 2963 489 3033 καὶ
509 2965 612 3052 μόνος
634 2967 723 3036 ἐστὶν
746 2965 845 3048 αῦτὸς
866 2967 980 3056 λόγοςς
1013 2965 1098 3037 ἀλλὰ
1117 2969 1179 3057 γὰρ
1195 2969 1224 3038 ελ
1239 2967 1295 3037 καὶ
1310 2969 1451 3050 ἐκείνους

224 3069 342 3155 Ι’λέγειν
364 3071 503 3136 τοιαῦτα
524 3075 657 3157 πρέπει,
682 3065 750 3138 ἀλλ’
775 3065 853 3158 ἡμῖν
875 3065 1026 3159 ἀπρεπές
1048 3071 1273 3158 ἐνθυμεῖσθαι
1294 3070 1355 3153 τὰς
1369 3071 1451 3141 έκεί-

225 3195 290 3236 νων
311 3171 532 3258 βλαςφημίας.
570 3171 648 3240 Ιικαὶ
671 3171 700 3240 εί
718 3169 776 3238 ’καὶ
800 3167 875 3240 οῦδὲ
898 3171 1179 3261 περιεργάζεσθαί
1200 3198 1233 3240 τι
1254 3175 1322 3241 τιῦν
1343 3175 1450 3262 ῥητῶν

227 3269 320 3354 ἐχρῆν
342 3270 428 3355 πρὸς
449 3270 508 3357 τὴν
531 3267 618 3339 οῦτω
641 3271 787 3360 φανερὰν
809 3276 864 3340 καί
887 3269 1003 3362 εῦσεβὴ
1027 3273 1177 3343 διάνοιαν
1191 3277 1245 3342 καὶ
1256 3273 1316 3364 τὴν
1327 3273 1362 3343 έν
1373 3273 1451 3363 ἡμῖν

227 3361 333 3454 ἀρθὴν
364 3375 496 3436 πίστιν·
531 3365 621 3454 ὅμως
648 3372 704 3440 ἵνα
734 3375 787 3440 καί
812 3374 965 3444 ἐντεῦθεν
988 3376 1168 3460 δειχθῶσιν
1190 3371 1337 3462 ἀσεβεῖς,
1372 3383 1452 3466 φέρε

226 3465 405 3552 συντόμως,
430 3464 475 3548 ὥς
496 3471 590 3557 παρὰ
612 3475 678 3540 τῶν
700 3479 855 3561 πατέρων
877 3475 1125 3564 μεμαθήκαμεν,
1149 3477 1183 3546 έκ
1204 3481 1263 3545 τοῦ
1278 3478 1379 3566 ῥητοῦ
1393 3478 1451 3568 τὴν

226 3565 431 3652 έτεροδοξίαν
454 3567 584 3638 ἐκείνων
607 3571 796 3660 έλέχξωμεν.
836 3577 917 3656 έθος
937 3581 977 3666 τῇ
999 3585 1080 3668 θείᾳ
1095 3582 1220 3669 Ιγραφῇ
1234 3577 1277 3647 τὰ
1289 3581 1373 3649 κατὰ
1388 3581 1453 3670 φό-

295 3755 319 3814 ιι
338 3755 401 3806 εειι.
422 3757 462 3820 ιι,
483 3757 522 3808 ιε.
544 3758 583 3810 ιε.

259 3905 278 3940 ε.
296 3889 338 3966 §ic
355 3900 455 3958 υιοιηαε
472 3893 530 3970 βας.
548 3901 572 3946 εί
590 3897 688 3960 ὃιςυει.
724 3897 752 3950 λι
770 3898 811 3950 alii
857 3895 1084 3966 χρηματίζοντος.
1121 3903 1181 3956 Εδίιὶ
1195 3899 1383 3972 χρηματίζειν.

225 3965 249 4006 εί
273 3956 331 4008 εδιῑί
354 3949 522 4028 ίντοιαυιη.
557 3961 609 4014 Μαι
628 3965 684 4027 neg.
705 3965 726 4016 1.
746 3966 811 4016 etz
896 3985 917 4018 ε.
935 3968 993 4030 neg.
1014 3969 1034 4019 Ι.
1054 3971 1190 4036 ειὸιςυεε.
1208 3964 1327 4027 ἱαυιοόε.
1363 3973 1451 4036 Amet

224 4023 323 4075 Gobler.
341 4035 365 4076 ει
382 4025 486 4078 δεΙεΙιισ.
508 4030 529 4080 Ι.
548 4021 563 4092 ἡ
582 4021 729 4097 ἀλόγιστον
754 4026 811 4082 τόλ-
862 4035 919 4086 editi
937 4027 1042 4092 αότσῦε.

223 4105 287 4152 μιν.
324 4093 403 4170 ῦείςιί
428 4103 451 4146 ει
475 4099 548 4148 edilia
574 4097 691 4152 Commel.
716 4093 811 4163 ἡάλά-
896 4107 919 4154 d.
939 4105 994 4168 [leg.
1017 4103 1153 4167 1.Seguer.
1180 4107 1278 4159 ῦόῖιίει.
1303 4117 1327 4158 οι
1344 4109 1452 4159 λέΙελιιι.

188 4192 197 4210 .
222 4171 320 4232 mm
344 4157 471 4228 πολεμον.
508 4165 567 4216 ibid.
593 4167 650 4228 λιες.
671 4169 692 4218 l.
711 4169 810 4232 Seguer.
864 4171 886 4222 1.
912 4161 928 4232 ἢ
950 4163 1054 4239 χρόνῳ.
1099 4171 1177 4224 Ceteri
1203 4181 1226 4224 ει
1251 4177 1308 4226 editi
1333 4167 1349 4236 ἢ
1371 4168 1452 4243 μόνην

114 4263 123 4276 .
221 4229 322 4279 ῦοόῖεε.
340 4237 364 4278 ει
386 4230 491 4284 ῖεΙελεε.
511 4232 532 4282 1.
550 4227 687 4298 λεγόντων
702 4232 748 4285 καὶ
766 4229 811 4286 αῦ
858 4233 961 4307 χρόνῳ.
1245 4265 1248 4272 ·

222 4293 287 4346 ταῖν.
311 4297 355 4346 Alii
367 4299 457 4350 ειεδίιί
473 4292 610 4367 λεγόντων
627 4295 725 4355 αὐτῶν.
752 4306 810 4356 Ιιειυ
896 4323 917 4354 ε.
937 4307 1041 4357 ίέΙεΙιιο.
1060 4307 1084 4358 5.
1100 4301 1171 4375 με’τε
1187 4303 1284 4374 σοφία.

224 4365 312 4442 ibjdem
339 4365 393 4444 ΙίεςἸ
419 4366 441 4417 1.
467 4377 491 4420 ει
514 4371 614 4434 δεςυεε.
638 4373 751 4426 omittunt
773 4365 812 4426 ελτ
895 4375 911 4423 ί.
938 4375 993 4436 Ιῖες.
1015 4375 1037 4423 1.
1056 4377 1155 4439 Seguer.
1180 4379 1278 4430 Gobler.
1304 4386 1327 4428 ει
1344 4377 1449 4428 δείελα.

226 4422 418 4498 τινοόριινον.
499 4441 503 4450 ’
862 4440 885 4491 1.
912 4433 972 4491 ἐστι
998 4435 1088 4510 φῦσιε.
1112 4445 1192 4496 Ἐδίιῖ
1219 4455 1241 4496 ιι
1268 4447 1308 4496 alii
1334 4437 1410 4494 έττιν
1434 4437 1451 4506 ἡ

258 4499 282 4550 h.
301 4500 357 4566 fleg.
371 4501 392 4555 1.
410 4503 509 4568 δεςυει.
526 4506 624 4559 Gobler.
635 4513 659 4558 εί
671 4507 775 4559 δείελα.
786 4507 809 4558 1.
861 4502 954 4576 φῦσιε.
981 4511 1033 4562 Μαι
1051 4513 1107 4576 λιες.
1127 4513 1149 4563 1.
1168 4521 1193 4565 ει
1209 4515 1310 4578 Βεςιιιε.
1326 4504 1377 4578 κᾷν
1394 4512 1455 4566 τοῖο
