3176 5058
257 219 300 286 48
657 233 684 277 ε.
699 233 851 276 ιτιεσιειι
866 231 1089 276 mammaeam

172 405 249 449 m
257 383 437 453 καὶταῦτα
458 384 517 469 τῆς
537 380 573 447 ἐκ
593 381 652 446 τσῦ
674 352 802 465 πατρός
822 377 1001 466 γεννήσεως
1023 378 1107 446 ἐἰσι
1121 383 1342 466 γνωρίσματα.
1389 373 1435 446 ἄν
1452 403 1498 446 τε

255 485 318 574 γάρ
339 483 397 552 τόν
419 481 539 550 υίὸν’
514 482 621 568 σίντης,
643 479 682 546 τὸ
705 480 741 560 ἐξ
761 475 862 548 αότσῦ
884 477 986 568 φάσει
1007 479 1246 565 όεόήλωκας·’
1232 476 1272 547 όν
1294 503 1331 546 τε
1350 476 1412 546 τὸν
1430 477 1498 546 λό-

255 609 315 675 γον
344 585 554 708 ίνθημηθής,
583 580 622 648 τὸ
650 575 807 662 ἐξαῦτοῦ
829 581 932 650 πάλιν
954 580 1070 650 καὶτὸ
1092 575 1280 703 ἀδιαίρετον
1303 573 1405 646 αῦτσῦ
1431 581 1496 646 λο-

256 683 345 776 γίζη·
367 685 424 754 καί
445 683 503 804 τήν
525 689 648 806 σοφίαν
671 684 706 750 66
729 685 846 779 λέγων,
870 672 1006 751 οὐδὲν
985 705 1087 806 ηττσν
1105 680 1144 748 τὸ
1165 679 1210 768 μή
1233 681 1374 762 ἐ’ξωθεν,
1397 673 1499 750 άλλὰ

257 787 298 854 τὸ
326 787 362 867 ἐξ
389 780 489 852 αάτοά
517 810 573 852 και
564 779 689 852 ἕν’
650 789 739 873 αυτῷ
761 785 864 852 πάλιν
886 794 1036 873 φρονεῖς·
1065 777 1105 852 άν
1128 785 1165 852 66
1185 781 1242 850 καὶ
1261 782 1320 871 τήν
1342 779 1495 866 δύναμιν

258 886 315 956 καὶ
335 885 394 974 τήν
412 897 508 973 χεῖρα
530 881 703 976 ὀνομόσης,
726 885 765 955 τὸ
787 888 874 954 ἰ’όιον
889 885 1047 953 πάλιν
1007 911 1066 1007 της
1081 879 1197 1010 οὐσίας
1211 886 1330 970 λίγεις·
1352 881 1409 950 καί
1425 885 1494 972 τὴν

259 987 369 1059 εἰκόνα
390 989 426 1057 66
448 991 558 1076 λέγων,
581 988 639 1056 τὸν
660 988 733 1056 υἱόν
748 998 935 1077 σημαίνεις·
957 986 1040 1054 τί
1004 1013 1066 1074 γαρ
1082 981 1122 1054 άν
1138 987 1189 1075 εἰἠ
1205 982 1320 1072 όμοιον
1335 1009 1382 1070 τῳ
1365 987 1491 1072 θεῷ,

257 1087 280 1182 6
299 1090 339 1159 τὸ
361 1091 397 1172 ἐξ
416 1085 517 1158 αὐτοῦ
537 1097 698 1179 γίννημα;
732 1085 846 1176 άμίλει
860 1085 967 1177 ἱ’άπερ
983 1088 1040 1156 διὰ
1053 1091 1113 1156 τοῦ
1128 1087 1227 1174 λόγου
1241 1092 1361 1174 γέγονε,
1376 1089 1492 1152 ταῦτα

256 1197 298 1284 τῇ
320 1200 425 1282 σοφίᾳ
444 1195 701 1280 τεθεμελίωται·
729 1191 786 1260 καὶ
808 1189 830 1258 ἃ
851 1190 886 1260 ἐν
907 1193 947 1279 τῇ
970 1196 1075 1278 σοφίᾳ
1096 1189 1352 1274 τεθεμελίωται,
1374 1189 1490 1254 ταῦτα

160 1363 166 1370 ,
256 1295 368 1365 πάντα
390 1295 424 1364 ἐν
445 1298 485 1384 τῇ
506 1293 592 1382 χειρὶ
612 1301 807 1382 πεποίηται,
830 1291 886 1360 καὶ
907 1291 966 1360 διὰ
986 1295 1045 1360 τοῦ
1067 1287 1142 1359 υῖοῦ
1163 1296 1282 1378 γέγονε.
1327 1285 1384 1356 καὶ
1404 1289 1489 1355 τοῦ·

255 1425 321 1466 των
344 1392 402 1468 οόκ
423 1397 551 1478 Ιἔξωθεν
572 1392 676 1484 ήμεῖς,
701 1389 769 1462 ἄλλ’
794 1393 829 1462 ἐκ
849 1397 916 1462 τῶν
937 1397 1075 1481 γραφῶν
1098 1393 1212 1479 ἲχσμεν
1232 1389 1292 1481 τήν
1307 1397 1441 1458 πίστιν·
1468 1387 1487 1456 6

255 1499 399 1587 μὲνγὰρ
421 1498 504 1577 θεὸς
519 1493 618 1574 οὗτὸς
640 1494 697 1562 διὰ
715 1490 853 1562 Ἡσαΐου
875 1499 933 1562 τοῦ
956 1493 1132 1585 προφήτου
1155 1495 1256 1581 λέγει·
1283 1489 1304 1579 6
1325 1497 1395 1578 χείρ
1416 1517 1486 1578 μου

257 1602 461 1684 ἐθεμελίωσε
481 1597 540 1685 τήν
561 1601 629 1684 γῆν,
652 1595 708 1664 καὶ
728 1593 748 1684 6
765 1595 857 1676 όεξιά
869 1621 934 1681 μου
950 1597 1129 1683 ἒστερέωσε
1142 1594 1201 1662 τὸν
1215 1589 1397 1682 σάρανόν“).
1426 1593 1488 1662 καὶ

257 1700 377 1768 πάλιν·
399 1697 455 1766 καὶ
476 1694 544 1765 άπὸ
554 1696 625 1785 ’τήν
647 1697 742 1765 σκιάν
763 1700 822 1785 τῆς
835 1697 944 1784 χειρός
957 1722 1022 1783 μου
1038 1696 1195 1766 σκεπάσω
1211 1721 1258 1777 σε,
1275 1695 1309 1762 ἐν
1323 1685 1345 1784 ᾗ
1360 1694 1486 1783 ἔστησε

257 1799 316 1868 τὸν
338 1793 477 1884 σόρανὸν
498 1798 555 1866 καὶ
576 1798 785 1884 ίθεμελίωσα
805 1798 863 1884 τὴν
884 1802 981 1886 μ’μ’).
1013 1795 1031 1865 6
1053 1800 1091 1866 δὲ
1107 1799 1220 1884 Δαβὶό
1240 1800 1339 1865 τοῦτο
1360 1796 1485 1883 μαθὼν

206 1957 210 1963 .
257 1900 313 1970 καὶ
342 1900 439 1979 είόὼς
464 1899 522 1986 τήν
548 1903 641 1984 χεῖρα
669 1895 769 1989 αὐτήν
792 1889 893 1967 οὖσαν
914 1899 972 1986 τήν
994 1895 1118 1988 σοφίαν
1141 1900 1283 1987 ἔψαλλε·
1314 1898 1427 1966 πάντα
1448 1901 1483 1965 ἐν

144 2060 148 2068 .
258 2009 365 2092 σοφίᾳ
386 2001 561 2124 ἐποίησας·
591 2000 771 2090 ἐπληρώθη
800 1995 960 2089 ήγήτῇς
980 1999 1118 2081 κτίσεως
1140 2003 1246 2081 σου11·
1272 1995 1322 2079 ὡς
1342 1999 1399 2066 καὶ
1419 2005 1483 2066 Σο-

258 2104 369 2190 λομὼν
390 2102 484 2189 παρὰ
505 2106 590 2172 θεοῦ
611 2102 723 2190 λαβὼν
744 2097 908 2190 ἔλεγεν·”
891 2128 909 2170 ο
930 2103 1014 2182 θεὸς
1027 2129 1069 2226 τη
1051 2107 1189 2224 σρφίᾳ
1204 2098 1481 2186 ἐθεμελίωσεν
1422 2127 1481 2188 την

256 2209 356 2293 μήν’)
399 2199 548 2294 Ἰωάννης
568 2231 604 2273 τε
631 2204 815 2328 γινώσκων
821 2204 878 2292 τήν
899 2215 993 2308 χεῖρα
1014 2204 1070 2271 καὶ
1073 2204 1149 2328 τήν
1172 2211 1296 2292 σοφίαν
1318 2197 1458 2270 εἶναι
1424 2227 1482 2270 τον

256 2306 353 2394 λόγον
376 2301 612 2432 εὖαγγελίζετο·
635 2301 712 2375 6v'
692 2309 774 2394 αρχῇ
795 2297 834 2393 ἦν
857 2331 875 2372 ο
864 2283 1003 2393 “λόγσς,
1026 2304 1082 2372 καὶ
1105 2301 1124 2371 6
1146 2295 1283 2392 λόγος’
1263 2331 1302 2393 ην
1324 2303 1411 2391 πρὸς
1425 2302 1481 2370 τὸν

255 2409 357 2490 θεόν,
389 2409 446 2476 καί
478 2397 612 2488 θεὸςῖ
592 2435 631 2493 ην
662 2404 679 2473 6
708 2407 821 2495 λόγος·
854 2397 952 2485 οὗτος
979 2433 1018 2527 ην
1040 2401 1116 2474 66³
1098 2409 1178 2495 αργηή
1196 2406 1287 2492 πρὸς
1308 2405 1366 2474 τὸν
1387 2405 1479 2472 θεόν.

172 2510 369 2577 ναικπάντα
391 2504 438 2576 δι’
464 2504 565 2577 αὐτοῦ
588 2507 730 2594 ἐγένετο,
753 2507 810 2576 καὶ
829 2506 930 2593 χωρὶς
952 2501 1052 2573 αὐτοῦ
1076 2507 1202 2594 ἐγένετο
1225 2504 1358 2588 0666).
1377 2577 1381 2582 ,
1403 2502 1422 2572 6
1446 2508 1482 2573 δὲ

259 2606 448 2690 ἀπόστολος
467 2612 602 2696 βλέπων
624 2607 682 2696 τήν
703 2619 813 2695 χεῖρα,
837 2607 895 2695 τήν
917 2614 1056 2697 σοφίαν,
1079 2609 1137 2676 τὸν
1159 2609 1256 2697 λόγον
1279 2604 1375 2676 αὐτὸν
1396 2604 1481 2673 ὄντα

257 2710 315 2778 τὸν
336 2710 407 2780 υίόν
430 2733 534 2834 φησι
556 2711 754 2796 πολυμερῶς
772 2735 828 2776 και
819 2708 1069 2796 πολυτρόπως
1083 2710 1191 2778 πάλαι
1206 2707 1224 2776 6
1239 2711 1322 2790 θεὸς
1336 2706 1479 2794 λαλήσας

256 2823 329 2893 ταῖς
355 2813 524 2901 πατράσιν
546 2811 580 2880 ἐν
601 2822 674 2891 τοῖς
695 2810 975 2901 προφήταις,π
931 2806 982 2880 ἐπ’
1007 2811 1144 2895 ἐσχάτου
1166 2816 1232 2890 τῶν
1254 2808 1382 2900 ήμεράν
1402 2808 1481 2876 τοῦ·

256 2939 322 2984 των
346 2912 557 3004 ἓλόλησενη
524 2925 603 3035 ημῖν
625 2913 659 2982 ἓν
683 2911 793 3000 υίηῖ,““
777 2937 814 2980 ον
837 2913 954 3000 ἔθηκεν
976 2913 1178 3035 κληρονόμον
1200 2913 1352 2982 πάντων·
1375 2905 1415 2978 66
1441 2900 1480 2977 06

255 3043 311 3084 και
302 3015 471 3138 ἐποίησε
491 3014 569 3095 τοὺς
591 3016 760 3140 a66vag⁰)·
782 3041 838 3082 και
830 3013 978 3083 πάλιν·
1002 3010 1103 3095 εἷς
1066 3038 1179 3102 κυρισς
1190 3009 1478 3101 ἸησοῦςΧριστός,

237 3113 298 3193 ,δι’
324 3103 363 3181 06
383 3115 425 3182 τά
446 3117 567 3199 πάντα,
588 3115 645 3184 καί
665 3113 760 3204 ἡμεῖς
782 3110 823 3184 δι’
849 3111 999 3238 αῦτρῦῖ.)
1018 3116 1115 3197 είόώς
1134 3117 1170 3184 66
1185 3114 1334 3184 παλιν
1300 3139 1358 3182 τον
1373 3113 1478 3200 λογον

254 3217 314 3338 τήν
337 3219 469 3302 σοφίαν,
492 3217 550 3283 τὸν
571 3218 644 3284 υἱὸν
667 3213 766 3284 αότὸν
789 3215 870 3282 όντα
891 3217 949 3304 τήν
971 3216 1305 3304 είκόνατσῦπατρός,
1330 3215 1480 3342 φησὶνίη

256 3320 296 3405 τῇ
318 3315 405 3403 πρὸς
426 3318 635 3395 Κολασσαεῖς
657 3313 891 3404 ίπιστολῇ·’
858 3322 1122 3405 ευχσριστοάντες
1143 3323 1209 3440 τῷ.
1213 3323 1285 3442 θεᾳῦ
1306 3319 1363 3386 καί
1376 3316 1480 3402 πατρὶ

255 3421 303 3505 τῷ
327 3413 564 3484 1κανώσαντι“
545 3420 632 3503 ημᾶς
654 3415 755 3496 είς
721 3443 780 3544 την
801 3415 920 3505 μερίδα
941 3422 1000 3486 τοῦ
1021 3421 1140 3543 κλήρου
1162 3424 1229 3488 τῶν
1251 3416 1307 3506 άγί
1308 3447 1354 3488 ων
1376 3419 1411 3487 ἓν
1434 3421 1479 3505 τῷ

257 3515 360 3606 φωτί,
391 3515 428 3598 ὃς
450 3513 650 3642 ἑρρήσατο
630 3521 718 3606 ημᾶς
739 3517 773 3586 ἐκ
793 3522 852 3607 τῆς
874 3519 985 3600 ἕξουσί
985 3547 1024 3600 ας
1045 3526 1104 3589 τοῦ
1126 3523 1280 3603 σκότους,
1309 3520 1367 3590 καὶ
1387 3526 1481 3620 μετί-

256 3643 375 3710 στησεν
397 3619 542 3709 είςατήν
563 3621 736 3707 βασιλείαν
757 3621 991 3711 τουΗυῖοῦτης
1013 3619 1143 3712 άγάπης
1164 3619 1282 3691 αὐτοῦ
1306 3613 1391 3690 ίν
1362 3649 1389 3711 ῳ
1410 3623 1480 3706 ἕχο-

255 3747 315 3808 μεν
336 3724 395 3812 τήν
417 3719 725 3811 ἀπολύτρωσιν,
691 3749 750 3812 την
772 3719 893 3812 ἄφεσιν
915 3726 982 3790 τῶν
997 3721 1190 3812 ἁμαρτιῶν·
1213 3723 1250 3805 ός
1273 3711 1363 3793 ἔστιν
1380 3723 1480 3792 εἰκὼν

255 3829 315 3891 τοῦ
336 3829 420 3894 θεοῦ
442 3828 501 3892 τοῦ
519 3819 683 3947 άοράτοη,
711 3824 924 3912 πρωτότοκος
945 3825 1057 3913 πάσης
1078 3834 1229 3906 κτίσεως·
1259 3823 1312 3894 ότι
1335 3826 1369 3893 ἐν
1373 3820 1480 3948 6666

257 3925 393 4016 ἕκτίσθη
415 3926 457 3994 τά
479 3925 598 4007 πάντα,
622 3926 664 3993 τά
683 3953 720 3996 τε
741 3927 775 3996 ἐν
797 3938 868 4007 τοῖς
890 3923 1045 4015 οὐρανοῖς
1065 3927 1121 3994 καί
1141 3927 1183 3994 τά
1205 3927 1318 3995 όπὶ”
1277 3953 1336 4008 τις
1349 3929 1416 4016 γῆς,
1439 3924 1481 3992 τὰ

257 4023 361 4116 όρατὰ
381 4028 437 4096 καὶ
457 4028 500 4096 τὰ
522 4023 656 4116 άόρατα,
681 4030 748 4097 εἴτε
761 4028 891 4116 θρόνοι,
916 4023 1188 4117 εἵτεκυρῖότητες,
1213 4027 1397 4116 ε’ίτεάρχαί,
1415 4027 1480 4095 ε’ίτε

257 4130 420 4212 ἐξουσίαι,
449 4129 491 4197 τά
519 4129 630 4199 πάντα
652 4125 693 4198 66
719 4127 820 4198 αὐτοῦ
841 4131 897 4199 καί
920 4132 967 4210 εἷς
989 4129 1088 4198 αὐτὸν
1111 4131 1271 4212 ἔκτισται,
1304 4129 1360 4198 καί
1381 4124 1479 4207 αάτός

166 4237 181 4249 “
256 4232 329 4301 ἔστι
350 4231 417 4317 πρὸ
439 4232 584 4316 πάντων,
607 4233 664 4300 καὶ
683 4232 726 4300 τὰ
739 4233 858 4302 ’πάντα
874 4224 1011 4320 6666
1028 4237 1255 4321 uvv6ov6m⁸6
1287 4228 1332 4312 ὡς
1345 4229 1407 4318 γὰρ
1423 4226 1479 4295 διὰ

327 4387 352 4448 11
369 4389 423 4439 Eun
442 4389 485 4454 18,
506 4390 545 4442 13
616 4389 642 4446 11
659 4391 713 4441 Fsa
732 4392 774 4453 61,
795 4391 833 4442 16.
904 4386 1247 4457 3)1’σε1.164[163.1.1111.,]
1265 4387 1306 4439 14.
1376 4385 1478 4446 Mun.

257 4455 334 4518 3,.111
388 4429 495 4520 6106.
502 4459 525 4522 1,
539 4457 611 4510 1-3.
665 4459 812 4524 6)11ε61.,1
825 4458 881 4510 1..2
934 4459 1133 4523 1)1..6οτ11,.6
1186 4453 1433 4520 8J0010ss.1‚12-
1438 4451 1476 4502 11.
