<?xml version="1.0" encoding="UTF-8"?>
<!DOCTYPE html PUBLIC "-//W3C//DTD XHTML 1.0 Transitional//EN"
    "http://www.w3.org/TR/xhtml1/DTD/xhtml1-transitional.dtd">
<html xmlns="http://www.w3.org/1999/xhtml" xml:lang="en" lang="en">
 <head>
  <title>
</title>
<meta http-equiv="Content-Type" content="text/html;charset=utf-8" />
  <meta name='ocr-system' content='tesseract 3.04.00' />
  <meta name='ocr-capabilities' content='ocr_page ocr_carea ocr_par ocr_line ocrx_word'/>
</head>
<body>
  <div class='ocr_page' id='page_1' title='image "./sanctiathanasii03athagoog_0336.png"; bbox 0 0 3216 5048; ppageno 0'>
   <div class='ocr_carea' id='block_1_1' title="bbox 232 281 1065 349">
    <p class='ocr_par' dir='ltr' id='par_1_1' title="bbox 232 281 1065 349">
     <span class='ocr_line' id='line_1_1' title="bbox 232 281 1065 349; baseline 0.005 -9"><span class='ocrx_word' id='word_1_1' title='bbox 232 281 296 349; x_wconf 77' lang='lat'><strong><em>288</em></strong></span> <span class='ocrx_word' id='word_1_2' title='bbox 632 297 1065 344; x_wconf 55' lang='lat' dir='ltr'><strong><em>animumanimum</em></strong></span> 
     </span>
    </p>
   </div>
   <div class='ocr_carea' id='block_1_2' title="bbox 94 440 1581 3886">
    <p class='ocr_par' dir='ltr' id='par_1_2' title="bbox 94 440 1581 3886">
     <span class='ocr_line' id='line_1_2' title="bbox 144 440 1459 538; baseline 0.006 -26"><span class='ocrx_word' id='word_1_3' title='bbox 144 447 286 516; x_wconf 79' lang='grc' dir='ltr'><strong><em>ν.ιιι.κιιλ</em></strong></span> <span class='ocrx_word' id='word_1_4' title='bbox 308 441 360 515; x_wconf 82' lang='grc' dir='ltr'><strong><em>ἐπ’</em></strong></span> <span class='ocrx_word' id='word_1_5' title='bbox 385 440 486 512; x_wconf 76' lang='grc' dir='ltr'><strong><em>αὐτοῦ</em></strong></span> <span class='ocrx_word' id='word_1_6' title='bbox 513 447 573 512; x_wconf 81' lang='grc' dir='ltr'><strong><em>τοῦ</em></strong></span> <span class='ocrx_word' id='word_1_7' title='bbox 600 444 699 532; x_wconf 90' lang='grc' dir='ltr'><strong><em>λόγου</em></strong></span> <span class='ocrx_word' id='word_1_8' title='bbox 729 441 805 512; x_wconf 73' lang='grc' dir='ltr'><strong><em>ἀντὶ</em></strong></span> <span class='ocrx_word' id='word_1_9' title='bbox 830 447 891 512; x_wconf 77' lang='grc' dir='ltr'><strong><em>τοῦ</em></strong></span> <span class='ocrx_word' id='word_1_10' title='bbox 919 447 966 532; x_wconf 83' lang='grc' dir='ltr'><strong><em>τῷ</em></strong></span> <span class='ocrx_word' id='word_1_11' title='bbox 993 445 1187 534; x_wconf 72' lang='grc' dir='ltr'><strong><em>γεννήσαντι</em></strong></span> <span class='ocrx_word' id='word_1_12' title='bbox 1207 447 1256 536; x_wconf 77' lang='grc' dir='ltr'><strong><em>τῷ</em></strong></span> <span class='ocrx_word' id='word_1_13' title='bbox 1277 448 1459 538; x_wconf 90' lang='grc' dir='ltr'><strong><em>ποιήσαντι</em></strong></span> 
     </span>
     <span class='ocr_line' id='line_1_3' title="bbox 229 540 1460 636; baseline 0.003 -21"><span class='ocrx_word' id='word_1_14' title='bbox 229 542 467 632; x_wconf 84' lang='grc' dir='ltr'><strong><em>·δνομάζουσιν</em></strong></span> <span class='ocrx_word' id='word_1_15' title='bbox 489 546 522 612; x_wconf 86' lang='grc' dir='ltr'><strong><em>ολ</em></strong></span> <span class='ocrx_word' id='word_1_16' title='bbox 544 542 651 632; x_wconf 82' lang='grc' dir='ltr'><strong><em>άγιοι,</em></strong></span> <span class='ocrx_word' id='word_1_17' title='bbox 675 541 721 626; x_wconf 81' lang='grc' dir='ltr'><strong><em>αλς</em></strong></span> <span class='ocrx_word' id='word_1_18' title='bbox 742 540 929 636; x_wconf 77' lang='grc' dir='ltr'><strong><em>ἀδιαφόρου</em></strong></span> <span class='ocrx_word' id='word_1_19' title='bbox 944 549 1011 614; x_wconf 79' lang='grc' dir='ltr'><strong><em>τοῦ</em></strong></span> <span class='ocrx_word' id='word_1_20' title='bbox 1033 546 1180 634; x_wconf 78' lang='grc' dir='ltr'><strong><em>ῥήματος</em></strong></span> <span class='ocrx_word' id='word_1_21' title='bbox 1201 546 1297 628; x_wconf 76' lang='grc' dir='ltr'><strong><em>ὄντος</em></strong></span> <span class='ocrx_word' id='word_1_22' title='bbox 1318 549 1377 618; x_wconf 69' lang='lat' dir='ltr'><strong><em>ini</em></strong></span> <span class='ocrx_word' id='word_1_23' title='bbox 1392 555 1460 620; x_wconf 80' lang='grc' dir='ltr'><strong><em>τῶν</em></strong></span> 
     </span>
     <span class='ocr_line' id='line_1_4' title="bbox 228 644 1459 740; baseline 0.004 -25"><span class='ocrx_word' id='word_1_24' title='bbox 228 647 404 726; x_wconf 77' lang='grc' dir='ltr'><strong><em>τοιούτων,</em></strong></span> <span class='ocrx_word' id='word_1_25' title='bbox 434 647 497 726; x_wconf 77' lang='grc' dir='ltr'><strong><em>ἕως</em></strong></span> <span class='ocrx_word' id='word_1_26' title='bbox 517 646 556 712; x_wconf 87' lang='grc' dir='ltr'><strong><em>τὸ</em></strong></span> <span class='ocrx_word' id='word_1_27' title='bbox 577 645 662 714; x_wconf 87' lang='grc' dir='ltr'><strong><em>κατὰ</em></strong></span> <span class='ocrx_word' id='word_1_28' title='bbox 683 646 784 736; x_wconf 89' lang='grc' dir='ltr'><strong><em>φύσιν</em></strong></span> <span class='ocrx_word' id='word_1_29' title='bbox 806 644 1025 734; x_wconf 76' lang='grc' dir='ltr'><strong><em>ὁμολογεῖται</em></strong></span> <span class='ocrx_word' id='word_1_30' title='bbox 1072 644 1109 716; x_wconf 90' lang='grc' dir='ltr'><strong><em>ού</em></strong></span> <span class='ocrx_word' id='word_1_31' title='bbox 1132 649 1194 736; x_wconf 86' lang='grc' dir='ltr'><strong><em>γάρ</em></strong></span> <span class='ocrx_word' id='word_1_32' title='bbox 1217 651 1253 718; x_wconf 88' lang='grc' dir='ltr'><strong><em>αλ</em></strong></span> <span class='ocrx_word' id='word_1_33' title='bbox 1274 652 1379 732; x_wconf 88' lang='grc' dir='ltr'><strong><em>λέξεις</em></strong></span> <span class='ocrx_word' id='word_1_34' title='bbox 1400 652 1459 740; x_wconf 79' lang='grc' dir='ltr'><strong><em>τὴν</em></strong></span> 
     </span>
     <span class='ocr_line' id='line_1_5' title="bbox 228 744 1460 843; baseline 0.005 -27"><span class='ocrx_word' id='word_1_35' title='bbox 228 747 331 836; x_wconf 86' lang='grc' dir='ltr'><strong><em>φύσιν</em></strong></span> <span class='ocrx_word' id='word_1_36' title='bbox 352 751 610 835; x_wconf 78' lang='grc' dir='ltr'><strong><em>παραιροῦνται,</em></strong></span> <span class='ocrx_word' id='word_1_37' title='bbox 645 744 730 815; x_wconf 81' lang='grc' dir='ltr'><strong><em>ἀλλὰ</em></strong></span> <span class='ocrx_word' id='word_1_38' title='bbox 749 751 877 832; x_wconf 84' lang='grc' dir='ltr'><strong><em>μᾶλλον</em></strong></span> <span class='ocrx_word' id='word_1_39' title='bbox 897 747 918 839; x_wconf 79' lang='grc' dir='ltr'><em>ἦ</em></span> <span class='ocrx_word' id='word_1_40' title='bbox 942 749 1043 839; x_wconf 83' lang='grc' dir='ltr'><strong><em>φύσις</em></strong></span> <span class='ocrx_word' id='word_1_41' title='bbox 1063 750 1124 830; x_wconf 85' lang='grc' dir='ltr'><strong><em>τὰς</em></strong></span> <span class='ocrx_word' id='word_1_42' title='bbox 1145 753 1250 832; x_wconf 81' lang='grc' dir='ltr'><strong><em>λέξεις</em></strong></span> <span class='ocrx_word' id='word_1_43' title='bbox 1269 752 1318 832; x_wconf 82' lang='grc' dir='ltr'><strong><em>είς</em></strong></span> <span class='ocrx_word' id='word_1_44' title='bbox 1340 751 1460 843; x_wconf 78' lang='grc' dir='ltr'><strong><em>ἑαυτὴν</em></strong></span> 
     </span>
     <span class='ocr_line' id='line_1_6' title="bbox 228 847 1456 939; baseline 0.004 -21"><span class='ocrx_word' id='word_1_45' title='bbox 228 850 369 918; x_wconf 77' lang='grc' dir='ltr'><strong><em>λ’λκουσα</em></strong></span> <span class='ocrx_word' id='word_1_46' title='bbox 390 849 603 936; x_wconf 82' lang='grc' dir='ltr'><strong><em>μεταβάλλει·</em></strong></span> <span class='ocrx_word' id='word_1_47' title='bbox 625 853 679 918; x_wconf 86' lang='grc' dir='ltr'><strong><em>καλ</em></strong></span> <span class='ocrx_word' id='word_1_48' title='bbox 701 849 764 938; x_wconf 83' lang='grc' dir='ltr'><strong><em>γάρ</em></strong></span> <span class='ocrx_word' id='word_1_49' title='bbox 785 847 824 918; x_wconf 87' lang='grc' dir='ltr'><strong><em>ού</em></strong></span> <span class='ocrx_word' id='word_1_50' title='bbox 846 850 1009 939; x_wconf 86' lang='grc' dir='ltr'><strong><em>πρότεραι</em></strong></span> <span class='ocrx_word' id='word_1_51' title='bbox 1028 855 1096 920; x_wconf 83' lang='grc' dir='ltr'><strong><em>τῶν</em></strong></span> <span class='ocrx_word' id='word_1_52' title='bbox 1118 847 1241 921; x_wconf 78' lang='grc' dir='ltr'><strong><em>ούσαύν</em></strong></span> <span class='ocrx_word' id='word_1_53' title='bbox 1263 855 1320 921; x_wconf 75' lang='grc' dir='ltr'><strong><em>ιἀλ</em></strong></span> <span class='ocrx_word' id='word_1_54' title='bbox 1341 855 1456 936; x_wconf 78' lang='grc' dir='ltr'><strong><em>λέξεις,</em></strong></span> 
     </span>
     <span class='ocr_line' id='line_1_7' title="bbox 228 944 1460 1040; baseline 0.006 -23"><span class='ocrx_word' id='word_1_55' title='bbox 228 944 304 1018; x_wconf 76' lang='grc' dir='ltr'><strong><em>ἄλλ’</em></strong></span> <span class='ocrx_word' id='word_1_56' title='bbox 334 951 370 1018; x_wconf 89' lang='grc' dir='ltr'><strong><em>αλ</em></strong></span> <span class='ocrx_word' id='word_1_57' title='bbox 398 945 511 1018; x_wconf 85' lang='grc' dir='ltr'><strong><em>ούσίαι</em></strong></span> <span class='ocrx_word' id='word_1_58' title='bbox 535 953 670 1037; x_wconf 83' lang='grc' dir='ltr'><strong><em>πρῶται</em></strong></span> <span class='ocrx_word' id='word_1_59' title='bbox 695 950 753 1020; x_wconf 84' lang='grc' dir='ltr'><strong><em>καὶ</em></strong></span> <span class='ocrx_word' id='word_1_60' title='bbox 781 951 931 1040; x_wconf 85' lang='grc' dir='ltr'><strong><em>δεύτεραι</em></strong></span> <span class='ocrx_word' id='word_1_61' title='bbox 957 952 1083 1022; x_wconf 91' lang='grc' dir='ltr'><strong><em>τούτων</em></strong></span> <span class='ocrx_word' id='word_1_62' title='bbox 1110 954 1146 1021; x_wconf 90' lang='grc' dir='ltr'><strong><em>αλ</em></strong></span> <span class='ocrx_word' id='word_1_63' title='bbox 1167 955 1280 1034; x_wconf 78' lang='grc' dir='ltr'><strong><em>λέξεις.</em></strong></span> <span class='ocrx_word' id='word_1_64' title='bbox 1326 954 1381 1022; x_wconf 87' lang='grc' dir='ltr'><strong><em>διὸ</em></strong></span> <span class='ocrx_word' id='word_1_65' title='bbox 1403 955 1460 1024; x_wconf 82' lang='grc' dir='ltr'><strong><em>καὶ</em></strong></span> 
     </span>
     <span class='ocr_line' id='line_1_8' title="bbox 227 1044 1458 1148; baseline 0.006 -28"><span class='ocrx_word' id='word_1_66' title='bbox 227 1047 309 1120; x_wconf 79' lang='grc' dir='ltr'><strong><em>ὅταν</em></strong></span> <span class='ocrx_word' id='word_1_67' title='bbox 328 1048 349 1148; x_wconf 75' lang='grc' dir='ltr'><em>ᾗ</em></span> <span class='ocrx_word' id='word_1_68' title='bbox 372 1047 471 1120; x_wconf 83' lang='grc' dir='ltr'><strong><em>ούσίοι</em></strong></span> <span class='ocrx_word' id='word_1_69' title='bbox 490 1059 639 1140; x_wconf 65' lang='grc' dir='ltr'><strong><em>ιποίημα</em></strong></span> <span class='ocrx_word' id='word_1_70' title='bbox 658 1047 680 1141; x_wconf 83' lang='grc' dir='ltr'><em>ἢ</em></span> <span class='ocrx_word' id='word_1_71' title='bbox 701 1059 823 1139; x_wconf 79' lang='grc' dir='ltr'><strong><em>κτίσμα</em></strong></span> <span class='ocrx_word' id='word_1_72' title='bbox 842 1044 873 1142; x_wconf 81' lang='grc' dir='ltr'><strong><em>ᾗ,</em></strong></span> <span class='ocrx_word' id='word_1_73' title='bbox 896 1053 973 1122; x_wconf 86' lang='grc' dir='ltr'><strong><em>τότε</em></strong></span> <span class='ocrx_word' id='word_1_74' title='bbox 993 1055 1033 1121; x_wconf 86' lang='grc' dir='ltr'><strong><em>τὸ</em></strong></span> <span class='ocrx_word' id='word_1_75' title='bbox 1047 1054 1187 1144; x_wconf 70' lang='grc' dir='ltr'><strong><em>ἐποίησε</em></strong></span> <span class='ocrx_word' id='word_1_76' title='bbox 1200 1058 1255 1124; x_wconf 84' lang='grc' dir='ltr'><strong><em>καλ</em></strong></span> <span class='ocrx_word' id='word_1_77' title='bbox 1269 1055 1309 1122; x_wconf 88' lang='grc' dir='ltr'><strong><em>τὸ</em></strong></span> <span class='ocrx_word' id='word_1_78' title='bbox 1330 1055 1458 1144; x_wconf 71' lang='grc' dir='ltr'><strong><em>ἐγένετο</em></strong></span> 
     </span>
     <span class='ocr_line' id='line_1_9' title="bbox 225 1149 1460 1248; baseline 0.004 -25"><span class='ocrx_word' id='word_1_79' title='bbox 225 1156 281 1223; x_wconf 83' lang='grc' dir='ltr'><strong><em>καί</em></strong></span> <span class='ocrx_word' id='word_1_80' title='bbox 302 1152 341 1222; x_wconf 83' lang='grc' dir='ltr'><strong><em>τὸ</em></strong></span> <span class='ocrx_word' id='word_1_81' title='bbox 363 1153 470 1222; x_wconf 82' lang='grc' dir='ltr'><strong><em>έκτισε</em></strong></span> <span class='ocrx_word' id='word_1_82' title='bbox 490 1151 610 1241; x_wconf 82' lang='grc' dir='ltr'><strong><em>κυρίως</em></strong></span> <span class='ocrx_word' id='word_1_83' title='bbox 631 1150 683 1223; x_wconf 82' lang='grc' dir='ltr'><strong><em>ἐπ’</em></strong></span> <span class='ocrx_word' id='word_1_84' title='bbox 707 1149 817 1223; x_wconf 75' lang='grc' dir='ltr'><strong><em>αὐτῶν</em></strong></span> <span class='ocrx_word' id='word_1_85' title='bbox 837 1157 967 1243; x_wconf 83' lang='grc' dir='ltr'><strong><em>λέγεταί</em></strong></span> <span class='ocrx_word' id='word_1_86' title='bbox 986 1181 1023 1226; x_wconf 85' lang='grc' dir='ltr'><strong><em>τε</em></strong></span> <span class='ocrx_word' id='word_1_87' title='bbox 1043 1155 1101 1224; x_wconf 81' lang='grc' dir='ltr'><strong><em>καὶ</em></strong></span> <span class='ocrx_word' id='word_1_88' title='bbox 1122 1163 1277 1246; x_wconf 88' lang='grc' dir='ltr'><strong><em>σημαίνει</em></strong></span> <span class='ocrx_word' id='word_1_89' title='bbox 1296 1157 1336 1225; x_wconf 88' lang='grc' dir='ltr'><strong><em>τὸ</em></strong></span> <span class='ocrx_word' id='word_1_90' title='bbox 1356 1166 1460 1248; x_wconf 85' lang='grc' dir='ltr'><strong><em>ποίη·</em></strong></span> 
     </span>
     <span class='ocr_line' id='line_1_10' title="bbox 225 1246 1457 1350; baseline 0.004 -26"><span class='ocrx_word' id='word_1_91' title='bbox 225 1278 290 1342; x_wconf 88' lang='grc' dir='ltr'><strong><em>μοι·</em></strong></span> <span class='ocrx_word' id='word_1_92' title='bbox 313 1251 393 1324; x_wconf 77' lang='grc' dir='ltr'><strong><em>ὅταν</em></strong></span> <span class='ocrx_word' id='word_1_93' title='bbox 416 1255 452 1324; x_wconf 80' lang='grc' dir='ltr'><strong><em>δὲ</em></strong></span> <span class='ocrx_word' id='word_1_94' title='bbox 472 1251 493 1343; x_wconf 75' lang='grc' dir='ltr'>ἡ</span> <span class='ocrx_word' id='word_1_95' title='bbox 516 1250 615 1330; x_wconf 89' lang='grc' dir='ltr'><strong><em>ούσία</em></strong></span> <span class='ocrx_word' id='word_1_96' title='bbox 634 1262 778 1345; x_wconf 75' lang='grc' dir='ltr'><strong><em>γέννημα</em></strong></span> <span class='ocrx_word' id='word_1_97' title='bbox 797 1246 819 1345; x_wconf 81' lang='grc' dir='ltr'><strong><em>ᾖ</em></strong></span> <span class='ocrx_word' id='word_1_98' title='bbox 840 1256 898 1326; x_wconf 79' lang='grc' dir='ltr'><strong><em>καὶ</em></strong></span> <span class='ocrx_word' id='word_1_99' title='bbox 917 1257 999 1340; x_wconf 88' lang='grc' dir='ltr'><strong><em>υλύς,</em></strong></span> <span class='ocrx_word' id='word_1_100' title='bbox 1021 1256 1099 1326; x_wconf 77' lang='grc' dir='ltr'><strong><em>τότε</em></strong></span> <span class='ocrx_word' id='word_1_101' title='bbox 1118 1258 1159 1326; x_wconf 84' lang='grc' dir='ltr'><strong><em>τὸ</em></strong></span> <span class='ocrx_word' id='word_1_102' title='bbox 1181 1258 1321 1350; x_wconf 76' lang='grc' dir='ltr'><strong><em>ἐποίησε</em></strong></span> <span class='ocrx_word' id='word_1_103' title='bbox 1340 1263 1395 1329; x_wconf 85' lang='grc' dir='ltr'><strong><em>καλ</em></strong></span> <span class='ocrx_word' id='word_1_104' title='bbox 1415 1258 1457 1328; x_wconf 89' lang='grc' dir='ltr'><strong><em>τὸ</em></strong></span> 
     </span>
     <span class='ocr_line' id='line_1_11' title="bbox 225 1353 1459 1451; baseline 0.003 -25"><span class='ocrx_word' id='word_1_105' title='bbox 225 1357 352 1446; x_wconf 84' lang='grc' dir='ltr'><strong><em>λγένετο</em></strong></span> <span class='ocrx_word' id='word_1_106' title='bbox 374 1359 448 1425; x_wconf 67' lang='grc' dir='ltr'><strong><em>’καλ</em></strong></span> <span class='ocrx_word' id='word_1_107' title='bbox 469 1356 509 1424; x_wconf 85' lang='grc' dir='ltr'><strong><em>τά</em></strong></span> <span class='ocrx_word' id='word_1_108' title='bbox 531 1357 657 1428; x_wconf 79' lang='grc' dir='ltr'><strong><em>έκτισεν</em></strong></span> <span class='ocrx_word' id='word_1_109' title='bbox 678 1353 738 1426; x_wconf 86' lang='grc' dir='ltr'><strong><em>ούκ</em></strong></span> <span class='ocrx_word' id='word_1_110' title='bbox 757 1358 808 1428; x_wconf 73' lang='lat' dir='ltr'><strong><em>&#39;in</em></strong></span> <span class='ocrx_word' id='word_1_111' title='bbox 821 1365 941 1446; x_wconf 88' lang='grc' dir='ltr'><strong><em>κυρίως</em></strong></span> <span class='ocrx_word' id='word_1_112' title='bbox 956 1353 1008 1428; x_wconf 77' lang='grc' dir='ltr'><strong><em>ἐπ’</em></strong></span> <span class='ocrx_word' id='word_1_113' title='bbox 1025 1353 1128 1426; x_wconf 68' lang='grc' dir='ltr'><strong><em>αὐτοῦ</em></strong></span> <span class='ocrx_word' id='word_1_114' title='bbox 1142 1369 1251 1428; x_wconf 77' lang='grc' dir='ltr'><strong><em>κεῖται</em></strong></span> <span class='ocrx_word' id='word_1_115' title='bbox 1264 1355 1341 1430; x_wconf 80' lang='grc' dir='ltr'><strong><em>ούδλ</em></strong></span> <span class='ocrx_word' id='word_1_116' title='bbox 1355 1369 1459 1451; x_wconf 89' lang='grc' dir='ltr'><strong><em>ποίη-</em></strong></span> 
     </span>
     <span class='ocr_line' id='line_1_12' title="bbox 223 1454 1459 1551; baseline 0.002 -23"><span class='ocrx_word' id='word_1_117' title='bbox 223 1483 273 1548; x_wconf 86' lang='grc' dir='ltr'><strong><em>μα</em></strong></span> <span class='ocrx_word' id='word_1_118' title='bbox 294 1465 457 1548; x_wconf 84' lang='grc' dir='ltr'><strong><em>σημαίνει,</em></strong></span> <span class='ocrx_word' id='word_1_119' title='bbox 483 1454 553 1528; x_wconf 79' lang='grc' dir='ltr'><strong><em>ἀλλ’</em></strong></span> <span class='ocrx_word' id='word_1_120' title='bbox 578 1454 652 1529; x_wconf 78' lang='grc' dir='ltr'><strong><em>ἀντὶ</em></strong></span> <span class='ocrx_word' id='word_1_121' title='bbox 672 1465 733 1529; x_wconf 79' lang='grc' dir='ltr'><strong><em>τοῦ</em></strong></span> <span class='ocrx_word' id='word_1_122' title='bbox 755 1460 905 1548; x_wconf 71' lang='grc' dir='ltr'><strong><em>ἐγέννησε</em></strong></span> <span class='ocrx_word' id='word_1_123' title='bbox 925 1463 973 1549; x_wconf 79' lang='grc' dir='ltr'><strong><em>τῷ</em></strong></span> <span class='ocrx_word' id='word_1_124' title='bbox 995 1459 1152 1549; x_wconf 72' lang='grc' dir='ltr'><strong><em>ἐποίησεν</em></strong></span> <span class='ocrx_word' id='word_1_125' title='bbox 1174 1457 1369 1551; x_wconf 76' lang='grc' dir='ltr'><strong><em>ἀδιαφόρως</em></strong></span> <span class='ocrx_word' id='word_1_126' title='bbox 1390 1473 1459 1544; x_wconf 74' lang='grc' dir='ltr'><strong><em>ο’τις</em></strong></span> 
     </span>
     <span class='ocr_line' id='line_1_13' title="bbox 224 1559 1459 1652; baseline 0.002 -22"><span class='ocrx_word' id='word_1_127' title='bbox 224 1567 377 1650; x_wconf 82' lang='grc' dir='ltr'><strong><em>κέχρηται</em></strong></span> <span class='ocrx_word' id='word_1_128' title='bbox 404 1561 536 1651; x_wconf 82' lang='grc' dir='ltr'><strong><em>ῥήματι.</em></strong></span> <span class='ocrx_word' id='word_1_129' title='bbox 580 1561 744 1643; x_wconf 76' lang='grc' dir='ltr'><strong><em>πολλάκις</em></strong></span> <span class='ocrx_word' id='word_1_130' title='bbox 769 1564 849 1650; x_wconf 86' lang='grc' dir='ltr'><strong><em>γούν</em></strong></span> <span class='ocrx_word' id='word_1_131' title='bbox 875 1566 1017 1648; x_wconf 78' lang='grc' dir='ltr'><strong><em>πατέρες</em></strong></span> <span class='ocrx_word' id='word_1_132' title='bbox 1043 1561 1122 1642; x_wconf 84' lang='grc' dir='ltr'><strong><em>τοὺς</em></strong></span> <span class='ocrx_word' id='word_1_133' title='bbox 1144 1562 1181 1644; x_wconf 73' lang='grc' dir='ltr'><strong><em>ἐξ</em></strong></span> <span class='ocrx_word' id='word_1_134' title='bbox 1200 1559 1309 1632; x_wconf 74' lang='grc' dir='ltr'><strong><em>αὐτῶν</em></strong></span> <span class='ocrx_word' id='word_1_135' title='bbox 1331 1563 1459 1652; x_wconf 86' lang='grc' dir='ltr'><strong><em>φύντας</em></strong></span> 
     </span>
     <span class='ocr_line' id='line_1_14' title="bbox 223 1658 1459 1754; baseline 0.004 -24"><span class='ocrx_word' id='word_1_136' title='bbox 223 1663 317 1744; x_wconf 76' lang='grc' dir='ltr'><strong><em>υἱούς</em></strong></span> <span class='ocrx_word' id='word_1_137' title='bbox 340 1662 477 1744; x_wconf 80' lang='grc' dir='ltr'><strong><em>δούλους</em></strong></span> <span class='ocrx_word' id='word_1_138' title='bbox 498 1663 624 1732; x_wconf 78' lang='grc' dir='ltr'><strong><em>ἑαυτῶν</em></strong></span> <span class='ocrx_word' id='word_1_139' title='bbox 647 1658 862 1750; x_wconf 83' lang='grc' dir='ltr'><strong><em>ὀνομάζουσι,</em></strong></span> <span class='ocrx_word' id='word_1_140' title='bbox 890 1665 944 1730; x_wconf 80' lang='grc' dir='ltr'><strong><em>καί</em></strong></span> <span class='ocrx_word' id='word_1_141' title='bbox 967 1658 1027 1730; x_wconf 86' lang='grc' dir='ltr'><strong><em>ούκ</em></strong></span> <span class='ocrx_word' id='word_1_142' title='bbox 1055 1660 1233 1751; x_wconf 74' lang='grc' dir='ltr'><strong><em>ἀρνοῦνται</em></strong></span> <span class='ocrx_word' id='word_1_143' title='bbox 1260 1663 1301 1732; x_wconf 86' lang='grc' dir='ltr'><strong><em>τὸ</em></strong></span> <span class='ocrx_word' id='word_1_144' title='bbox 1321 1665 1459 1754; x_wconf 91' lang='grc' dir='ltr'><strong><em>γνήσιον</em></strong></span> 
     </span>
     <span class='ocr_line' id='line_1_15' title="bbox 223 1763 1460 1856; baseline 0.002 -21"><span class='ocrx_word' id='word_1_145' title='bbox 223 1768 282 1855; x_wconf 79' lang='grc' dir='ltr'><strong><em>τῆς</em></strong></span> <span class='ocrx_word' id='word_1_146' title='bbox 304 1765 452 1854; x_wconf 86' lang='grc' dir='ltr'><strong><em>φύσεως·</em></strong></span> <span class='ocrx_word' id='word_1_147' title='bbox 486 1767 539 1832; x_wconf 82' lang='grc' dir='ltr'><strong><em>καὶ</em></strong></span> <span class='ocrx_word' id='word_1_148' title='bbox 568 1764 731 1844; x_wconf 81' lang='grc' dir='ltr'><strong><em>πολλάκις</em></strong></span> <span class='ocrx_word' id='word_1_149' title='bbox 751 1763 829 1843; x_wconf 82' lang='grc' dir='ltr'><strong><em>τοὺς</em></strong></span> <span class='ocrx_word' id='word_1_150' title='bbox 851 1763 956 1843; x_wconf 79' lang='grc' dir='ltr'><strong><em>ἰδίους</em></strong></span> <span class='ocrx_word' id='word_1_151' title='bbox 984 1764 1123 1845; x_wconf 85' lang='grc' dir='ltr'><strong><em>δούλους</em></strong></span> <span class='ocrx_word' id='word_1_152' title='bbox 1152 1766 1460 1856; x_wconf 83' lang='grc' dir='ltr'><strong><em>φιλοφρονούμενοι</em></strong></span> 
     </span>
     <span class='ocr_line' id='line_1_16' title="bbox 223 1861 1456 1956; baseline 0.002 -20"><span class='ocrx_word' id='word_1_153' title='bbox 223 1872 321 1936; x_wconf 86' lang='grc' dir='ltr'><strong><em>τέκνα</em></strong></span> <span class='ocrx_word' id='word_1_154' title='bbox 340 1868 488 1946; x_wconf 79' lang='grc' dir='ltr'><strong><em>καλοῦσι,</em></strong></span> <span class='ocrx_word' id='word_1_155' title='bbox 511 1863 568 1933; x_wconf 83' lang='grc' dir='ltr'><strong><em>καλ</em></strong></span> <span class='ocrx_word' id='word_1_156' title='bbox 590 1861 628 1932; x_wconf 88' lang='grc' dir='ltr'><strong><em>ού</em></strong></span> <span class='ocrx_word' id='word_1_157' title='bbox 649 1865 834 1954; x_wconf 82' lang='grc' dir='ltr'><strong><em>κρύπτουσι</em></strong></span> <span class='ocrx_word' id='word_1_158' title='bbox 853 1867 865 1907; x_wconf 87' lang='lat'><strong><em>¹</em></strong></span> <span class='ocrx_word' id='word_1_159' title='bbox 870 1864 929 1954; x_wconf 76' lang='grc' dir='ltr'><strong><em>τὴν</em></strong></span> <span class='ocrx_word' id='word_1_160' title='bbox 952 1865 988 1946; x_wconf 78' lang='grc' dir='ltr'><strong><em>έξ</em></strong></span> <span class='ocrx_word' id='word_1_161' title='bbox 1009 1861 1109 1956; x_wconf 80' lang='grc' dir='ltr'><strong><em>ἀρχῆς</em></strong></span> <span class='ocrx_word' id='word_1_162' title='bbox 1131 1862 1241 1936; x_wconf 80' lang='grc' dir='ltr'><strong><em>αύτῶν</em></strong></span> <span class='ocrx_word' id='word_1_163' title='bbox 1262 1871 1394 1956; x_wconf 83' lang='grc' dir='ltr'><strong><em>κτῆσιν·</em></strong></span> <span class='ocrx_word' id='word_1_164' title='bbox 1416 1871 1456 1937; x_wconf 86' lang='grc' dir='ltr'><strong><em>τὸ</em></strong></span> 
     </span>
     <span class='ocr_line' id='line_1_17' title="bbox 222 1961 1457 2057; baseline 0.002 -21"><span class='ocrx_word' id='word_1_165' title='bbox 222 1969 359 2057; x_wconf 72' lang='grc' dir='ltr'><strong><em>μὲνγὰρ</em></strong></span> <span class='ocrx_word' id='word_1_166' title='bbox 375 1965 427 2037; x_wconf 78' lang='grc' dir='ltr'><strong><em>ἐπ’</em></strong></span> <span class='ocrx_word' id='word_1_167' title='bbox 452 1968 605 2048; x_wconf 73' lang='grc' dir='ltr'><strong><em>ἐξουσίας</em></strong></span> <span class='ocrx_word' id='word_1_168' title='bbox 619 1966 664 2046; x_wconf 76' lang='grc' dir='ltr'><strong><em>αλς</em></strong></span> <span class='ocrx_word' id='word_1_169' title='bbox 682 1972 824 2053; x_wconf 84' lang='grc' dir='ltr'><strong><em>πατέρες</em></strong></span> <span class='ocrx_word' id='word_1_170' title='bbox 831 1966 980 2053; x_wconf 81' lang='grc' dir='ltr'><strong><em>λέγουσι,</em></strong></span> <span class='ocrx_word' id='word_1_171' title='bbox 1003 1967 1042 2035; x_wconf 84' lang='grc' dir='ltr'><strong><em>τὸ</em></strong></span> <span class='ocrx_word' id='word_1_172' title='bbox 1058 1969 1096 2036; x_wconf 81' lang='grc' dir='ltr'><strong><em>δὲ</em></strong></span> <span class='ocrx_word' id='word_1_173' title='bbox 1110 1961 1366 2057; x_wconf 79' lang='grc' dir='ltr'><strong><em>φιλανθρώπως</em></strong></span> <span class='ocrx_word' id='word_1_174' title='bbox 1380 1966 1457 2038; x_wconf 85' lang='grc' dir='ltr'><strong><em>δνο-</em></strong></span> 
     </span>
     <span class='ocr_line' id='line_1_18' title="bbox 222 2063 1456 2158; baseline 0.002 -20"><span class='ocrx_word' id='word_1_175' title='bbox 222 2069 374 2156; x_wconf 85' lang='grc' dir='ltr'><strong><em>μάζουσι.</em></strong></span> <span class='ocrx_word' id='word_1_176' title='bbox 418 2069 532 2157; x_wconf 84' lang='grc' dir='ltr'><strong><em>Σάῤῥα</em></strong></span> <span class='ocrx_word' id='word_1_177' title='bbox 552 2071 631 2154; x_wconf 81' lang='grc' dir='ltr'><strong><em>γοῦν</em></strong></span> <span class='ocrx_word' id='word_1_178' title='bbox 652 2068 711 2143; x_wconf 82' lang='grc' dir='ltr'><strong><em>τὸν</em></strong></span> <span class='ocrx_word' id='word_1_179' title='bbox 729 2063 882 2155; x_wconf 77' lang='grc' dir='ltr'><strong><em>Ἀβραάμ</em></strong></span> <span class='ocrx_word' id='word_1_180' title='bbox 903 2067 1016 2154; x_wconf 90' lang='grc' dir='ltr'><strong><em>κύριον</em></strong></span> <span class='ocrx_word' id='word_1_181' title='bbox 1038 2068 1157 2152; x_wconf 75' lang='grc' dir='ltr'><strong><em>ἐκάλει,</em></strong></span> <span class='ocrx_word' id='word_1_182' title='bbox 1179 2078 1236 2140; x_wconf 89' lang='grc' dir='ltr'><strong><em>καί</em></strong></span> <span class='ocrx_word' id='word_1_183' title='bbox 1249 2095 1304 2140; x_wconf 85' lang='grc' dir='ltr'><strong><em>τοι</em></strong></span> <span class='ocrx_word' id='word_1_184' title='bbox 1316 2072 1362 2158; x_wconf 87' lang='grc' dir='ltr'><strong><em>μὴ</em></strong></span> <span class='ocrx_word' id='word_1_185' title='bbox 1378 2071 1456 2140; x_wconf 89' lang='grc' dir='ltr'><strong><em>δού-</em></strong></span> 
     </span>
     <span class='ocr_line' id='line_1_19' title="bbox 223 2159 1455 2262; baseline 0.002 -24"><span class='ocrx_word' id='word_1_186' title='bbox 223 2173 263 2262; x_wconf 92' lang='grc' dir='ltr'><strong><em>λη</em></strong></span> <span class='ocrx_word' id='word_1_187' title='bbox 286 2166 370 2240; x_wconf 86' lang='grc' dir='ltr'><strong><em>άλλὰ</em></strong></span> <span class='ocrx_word' id='word_1_188' title='bbox 392 2171 529 2258; x_wconf 86' lang='grc' dir='ltr'><strong><em>σάζυγος</em></strong></span> <span class='ocrx_word' id='word_1_189' title='bbox 551 2159 643 2254; x_wconf 83' lang='grc' dir='ltr'><strong><em>ούσα,</em></strong></span> <span class='ocrx_word' id='word_1_190' title='bbox 666 2173 722 2239; x_wconf 88' lang='grc' dir='ltr'><strong><em>καλ</em></strong></span> <span class='ocrx_word' id='word_1_191' title='bbox 745 2165 763 2236; x_wconf 85' lang='grc' dir='ltr'><strong><em>δ</em></strong></span> <span class='ocrx_word' id='word_1_192' title='bbox 784 2171 845 2255; x_wconf 82' lang='grc' dir='ltr'><strong><em>μλν</em></strong></span> <span class='ocrx_word' id='word_1_193' title='bbox 868 2163 1059 2251; x_wconf 87' lang='grc' dir='ltr'><strong><em>άπάστολος</em></strong></span> <span class='ocrx_word' id='word_1_194' title='bbox 1083 2172 1250 2260; x_wconf 79' lang='grc' dir='ltr'><strong><em>Φιλήμονι</em></strong></span> <span class='ocrx_word' id='word_1_195' title='bbox 1263 2175 1311 2260; x_wconf 76' lang='grc' dir='ltr'><strong><em>τῷ</em></strong></span> <span class='ocrx_word' id='word_1_196' title='bbox 1332 2195 1455 2258; x_wconf 84' lang='grc' dir='ltr'><strong><em>κτησα-</em></strong></span> 
     </span>
     <span class='ocr_line' id='line_1_20' title="bbox 221 2266 1452 2362; baseline -0.003 -20"><span class='ocrx_word' id='word_1_197' title='bbox 221 2280 311 2362; x_wconf 83' lang='grc' dir='ltr'><strong><em>μένῳ</em></strong></span> <span class='ocrx_word' id='word_1_198' title='bbox 333 2275 498 2360; x_wconf 85' lang='grc' dir='ltr'><strong><em>σννήπτεν</em></strong></span> <span class='ocrx_word' id='word_1_199' title='bbox 519 2268 565 2352; x_wconf 80' lang='grc' dir='ltr'><strong><em>ὥς</em></strong></span> <span class='ocrx_word' id='word_1_200' title='bbox 587 2267 732 2362; x_wconf 85' lang='grc' dir='ltr'><strong><em>άδιλφὸν</em></strong></span> <span class='ocrx_word' id='word_1_201' title='bbox 751 2266 927 2357; x_wconf 86' lang='grc' dir='ltr'><strong><em>Ὠνήσιμον</em></strong></span> <span class='ocrx_word' id='word_1_202' title='bbox 948 2269 1008 2337; x_wconf 84' lang='grc' dir='ltr'><strong><em>τὸν</em></strong></span> <span class='ocrx_word' id='word_1_203' title='bbox 1029 2272 1160 2353; x_wconf 82' lang='grc' dir='ltr'><strong><em>δοῦλον,</em></strong></span> <span class='ocrx_word' id='word_1_204' title='bbox 1181 2269 1201 2340; x_wconf 85' lang='lat' dir='ltr'><strong><em>r‘</em></strong></span> <span class='ocrx_word' id='word_1_205' title='bbox 1223 2274 1259 2342; x_wconf 80' lang='grc' dir='ltr'><strong><em>δὲ</em></strong></span> <span class='ocrx_word' id='word_1_206' title='bbox 1279 2275 1452 2361; x_wconf 73' lang='grc' dir='ltr'><strong><em>Βηρσαβεέ</em></strong></span> 
     </span>
     <span class='ocr_line' id='line_1_21' title="bbox 222 2364 1451 2465; baseline -0.004 -21"><span class='ocrx_word' id='word_1_207' title='bbox 222 2383 279 2444; x_wconf 90' lang='grc' dir='ltr'><strong><em>καί</em></strong></span> <span class='ocrx_word' id='word_1_208' title='bbox 299 2399 354 2442; x_wconf 89' lang='grc' dir='ltr'><strong><em>τοι</em></strong></span> <span class='ocrx_word' id='word_1_209' title='bbox 374 2375 480 2465; x_wconf 83' lang='grc' dir='ltr'><strong><em>μήτηρ</em></strong></span> <span class='ocrx_word' id='word_1_210' title='bbox 511 2364 596 2444; x_wconf 83' lang='grc' dir='ltr'><strong><em>ούσα</em></strong></span> <span class='ocrx_word' id='word_1_211' title='bbox 615 2375 673 2442; x_wconf 82' lang='grc' dir='ltr'><strong><em>τὸν</em></strong></span> <span class='ocrx_word' id='word_1_212' title='bbox 695 2372 768 2442; x_wconf 85' lang='grc' dir='ltr'><strong><em>υλὸν</em></strong></span> <span class='ocrx_word' id='word_1_213' title='bbox 790 2371 900 2441; x_wconf 79' lang='grc' dir='ltr'><strong><em>ἐκάλει</em></strong></span> <span class='ocrx_word' id='word_1_214' title='bbox 922 2373 1056 2454; x_wconf 81' lang='grc' dir='ltr'><strong><em>δοῦλον,</em></strong></span> <span class='ocrx_word' id='word_1_215' title='bbox 1088 2375 1229 2462; x_wconf 71' lang='grc' dir='ltr'><strong><em>λέγουσα</em></strong></span> <span class='ocrx_word' id='word_1_216' title='bbox 1255 2377 1302 2462; x_wconf 79' lang='grc' dir='ltr'><strong><em>τῷ</em></strong></span> <span class='ocrx_word' id='word_1_217' title='bbox 1329 2377 1451 2460; x_wconf 87' lang='grc' dir='ltr'><strong><em>πατρί·</em></strong></span> 
     </span>
     <span class='ocr_line' id='line_1_22' title="bbox 222 2469 1581 2564; baseline 0 -20"><span class='ocrx_word' id='word_1_218' title='bbox 222 2479 281 2544; x_wconf 84' lang='grc' dir='ltr'><strong><em>τὸν</em></strong></span> <span class='ocrx_word' id='word_1_219' title='bbox 304 2476 422 2544; x_wconf 81' lang='grc' dir='ltr'><strong><em>δοῦλόν</em></strong></span> <span class='ocrx_word' id='word_1_220' title='bbox 445 2499 505 2544; x_wconf 93' lang='grc' dir='ltr'><strong><em>σου</em></strong></span> <span class='ocrx_word' id='word_1_221' title='bbox 528 2478 740 2562; x_wconf 64' lang='grc' dir='ltr'><strong><em>ῦΣολομῶνα,</em></strong></span> <span class='ocrx_word' id='word_1_222' title='bbox 764 2469 837 2542; x_wconf 85' lang='grc' dir='ltr'><strong><em>εἶτα</em></strong></span> <span class='ocrx_word' id='word_1_223' title='bbox 856 2476 912 2542; x_wconf 84' lang='grc' dir='ltr'><strong><em>καί</em></strong></span> <span class='ocrx_word' id='word_1_224' title='bbox 927 2473 1052 2542; x_wconf 85' lang='grc' dir='ltr'><strong><em>Νάθαν</em></strong></span> <span class='ocrx_word' id='word_1_225' title='bbox 1069 2470 1278 2564; x_wconf 85' lang='grc' dir='ltr'><strong><em>άπροφήτης</em></strong></span> <span class='ocrx_word' id='word_1_226' title='bbox 1296 2474 1455 2556; x_wconf 82' lang='grc' dir='ltr'><strong><em>είςελθών</em></strong></span> <span class='ocrx_word' id='word_1_227' title='bbox 1579 2517 1581 2521; x_wconf 91' lang='grc'><strong>-</strong></span> 
     </span>
     <span class='ocr_line' id='line_1_23' title="bbox 222 2569 1455 2666; baseline 0.001 -22"><span class='ocrx_word' id='word_1_228' title='bbox 222 2575 266 2644; x_wconf 83' lang='grc' dir='ltr'><strong><em>τά</em></strong></span> <span class='ocrx_word' id='word_1_229' title='bbox 287 2569 372 2643; x_wconf 87' lang='grc' dir='ltr'><strong><em>αύτὰ</em></strong></span> <span class='ocrx_word' id='word_1_230' title='bbox 394 2575 498 2666; x_wconf 73' lang='grc' dir='ltr'><strong><em>ἐκείνῃ</em></strong></span> <span class='ocrx_word' id='word_1_231' title='bbox 521 2580 611 2666; x_wconf 72' lang='grc' dir='ltr'><strong><em>ἔλεγε</em></strong></span> <span class='ocrx_word' id='word_1_232' title='bbox 631 2579 679 2665; x_wconf 76' lang='grc' dir='ltr'><strong><em>τῷ</em></strong></span> <span class='ocrx_word' id='word_1_233' title='bbox 701 2575 828 2662; x_wconf 82' lang='grc' dir='ltr'><strong><em>Δαβίδ,</em></strong></span> <span class='ocrx_word' id='word_1_234' title='bbox 852 2571 907 2642; x_wconf 81' lang='grc' dir='ltr'><strong><em>ὅτι</em></strong></span> <span class='ocrx_word' id='word_1_235' title='bbox 927 2577 1110 2661; x_wconf 84' lang='grc' dir='ltr'><strong><em>Σολομῶνα</em></strong></span> <span class='ocrx_word' id='word_1_236' title='bbox 1129 2576 1187 2642; x_wconf 84' lang='grc' dir='ltr'><strong><em>τὸν</em></strong></span> <span class='ocrx_word' id='word_1_237' title='bbox 1210 2576 1331 2645; x_wconf 82' lang='grc' dir='ltr'><strong><em>δοῦλόν</em></strong></span> <span class='ocrx_word' id='word_1_238' title='bbox 1353 2579 1455 2658; x_wconf 60' lang='grc' dir='ltr'><strong><em>σουλ),</em></strong></span> 
     </span>
     <span class='ocr_line' id='line_1_24' title="bbox 222 2670 1456 2764; baseline -0.003 -18"><span class='ocrx_word' id='word_1_239' title='bbox 222 2679 277 2746; x_wconf 86' lang='grc' dir='ltr'><strong><em>καλ</em></strong></span> <span class='ocrx_word' id='word_1_240' title='bbox 300 2671 359 2746; x_wconf 86' lang='grc' dir='ltr'><strong><em>ούκ</em></strong></span> <span class='ocrx_word' id='word_1_241' title='bbox 379 2677 512 2764; x_wconf 62' lang='grc' dir='ltr'><strong><em>ιἔμελεν</em></strong></span> <span class='ocrx_word' id='word_1_242' title='bbox 534 2675 649 2756; x_wconf 74' lang='grc' dir='ltr'><strong><em>αὐτοῖς</em></strong></span> <span class='ocrx_word' id='word_1_243' title='bbox 668 2676 727 2743; x_wconf 89' lang='grc' dir='ltr'><strong><em>τὸν</em></strong></span> <span class='ocrx_word' id='word_1_244' title='bbox 749 2674 822 2743; x_wconf 81' lang='grc' dir='ltr'><strong><em>υἱὸν</em></strong></span> <span class='ocrx_word' id='word_1_245' title='bbox 844 2675 952 2746; x_wconf 76' lang='grc' dir='ltr'><strong><em>εἰπεῖν</em></strong></span> <span class='ocrx_word' id='word_1_246' title='bbox 970 2678 1104 2745; x_wconf 82' lang='grc' dir='ltr'><strong><em>δοῦλον·</em></strong></span> <span class='ocrx_word' id='word_1_247' title='bbox 1126 2670 1253 2742; x_wconf 78' lang='grc' dir='ltr'><strong><em>ἀκούων</em></strong></span> <span class='ocrx_word' id='word_1_248' title='bbox 1265 2675 1328 2760; x_wconf 85' lang='grc' dir='ltr'><strong><em>γὰρ</em></strong></span> <span class='ocrx_word' id='word_1_249' title='bbox 1343 2671 1456 2762; x_wconf 74' lang='grc' dir='ltr'><strong><em>κᾴκεί-</em></strong></span> 
     </span>
     <span class='ocr_line' id='line_1_25' title="bbox 222 2766 1457 2869; baseline -0.006 -20"><span class='ocrx_word' id='word_1_250' title='bbox 222 2803 280 2862; x_wconf 89' lang='grc' dir='ltr'><strong><em>νος</em></strong></span> <span class='ocrx_word' id='word_1_251' title='bbox 301 2779 500 2869; x_wconf 79' lang='grc' dir='ltr'><strong><em>δπιγίνωσκε</em></strong></span> <span class='ocrx_word' id='word_1_252' title='bbox 520 2780 579 2865; x_wconf 79' lang='grc' dir='ltr'><strong><em>τήν</em></strong></span> <span class='ocrx_word' id='word_1_253' title='bbox 602 2777 712 2865; x_wconf 87' lang='grc' dir='ltr'><strong><em>φύσιν,</em></strong></span> <span class='ocrx_word' id='word_1_254' title='bbox 735 2775 792 2844; x_wconf 82' lang='grc' dir='ltr'><strong><em>καὶ</em></strong></span> <span class='ocrx_word' id='word_1_255' title='bbox 814 2766 908 2845; x_wconf 87' lang='grc' dir='ltr'><strong><em>ούτοι</em></strong></span> <span class='ocrx_word' id='word_1_256' title='bbox 930 2778 966 2846; x_wconf 84' lang='grc' dir='ltr'><strong><em>δὲ</em></strong></span> <span class='ocrx_word' id='word_1_257' title='bbox 988 2781 1134 2866; x_wconf 83' lang='grc' dir='ltr'><strong><em>λέγοντες</em></strong></span> <span class='ocrx_word' id='word_1_258' title='bbox 1149 2771 1253 2855; x_wconf 84' lang='grc' dir='ltr'><strong><em>ούτως</em></strong></span> <span class='ocrx_word' id='word_1_259' title='bbox 1275 2769 1333 2842; x_wconf 88' lang='grc' dir='ltr'><strong><em>ούκ</em></strong></span> <span class='ocrx_word' id='word_1_260' title='bbox 1355 2769 1457 2864; x_wconf 87' lang='grc' dir='ltr'><strong><em>ήγνό-</em></strong></span> 
     </span>
     <span class='ocr_line' id='line_1_26' title="bbox 222 2875 1456 2973; baseline -0.006 -21"><span class='ocrx_word' id='word_1_261' title='bbox 222 2907 280 2952; x_wconf 91' lang='grc' dir='ltr'><strong><em>οον</em></strong></span> <span class='ocrx_word' id='word_1_262' title='bbox 308 2883 348 2952; x_wconf 86' lang='grc' dir='ltr'><strong><em>τὸ</em></strong></span> <span class='ocrx_word' id='word_1_263' title='bbox 375 2884 525 2973; x_wconf 88' lang='grc' dir='ltr'><strong><em>γνήσιον·</em></strong></span> <span class='ocrx_word' id='word_1_264' title='bbox 553 2876 756 2968; x_wconf 84' lang='grc' dir='ltr'><strong><em>κληρονόμον</em></strong></span> <span class='ocrx_word' id='word_1_265' title='bbox 777 2881 857 2965; x_wconf 81' lang='grc' dir='ltr'><strong><em>γοῦν</em></strong></span> <span class='ocrx_word' id='word_1_266' title='bbox 877 2875 990 2968; x_wconf 82' lang='grc' dir='ltr'><strong><em>ἠξίουν</em></strong></span> <span class='ocrx_word' id='word_1_267' title='bbox 1012 2877 1113 2948; x_wconf 75' lang='grc' dir='ltr'><strong><em>αὐτὸν</em></strong></span> <span class='ocrx_word' id='word_1_268' title='bbox 1134 2880 1192 2946; x_wconf 84' lang='grc' dir='ltr'><strong><em>τού</em></strong></span> <span class='ocrx_word' id='word_1_269' title='bbox 1213 2875 1344 2964; x_wconf 84' lang='grc' dir='ltr'><strong><em>πατρὸς</em></strong></span> <span class='ocrx_word' id='word_1_270' title='bbox 1365 2882 1456 2964; x_wconf 85' lang='grc' dir='ltr'><strong><em>γενέ-</em></strong></span> 
     </span>
     <span class='ocr_line' id='line_1_27' title="bbox 94 2969 1404 3071; baseline -0.008 -16"><span class='ocrx_word' id='word_1_271' title='bbox 94 3025 101 3030; x_wconf 88' lang='grc'><strong><em>·</em></strong></span> <span class='ocrx_word' id='word_1_272' title='bbox 222 2992 318 3068; x_wconf 89' lang='grc' dir='ltr'><strong><em>σθαι,</em></strong></span> <span class='ocrx_word' id='word_1_273' title='bbox 343 2985 381 3054; x_wconf 85' lang='grc' dir='ltr'><strong><em>ὃν</em></strong></span> <span class='ocrx_word' id='word_1_274' title='bbox 403 2981 449 3065; x_wconf 81' lang='grc' dir='ltr'><strong><em>ὥς</em></strong></span> <span class='ocrx_word' id='word_1_275' title='bbox 470 2983 589 3051; x_wconf 81' lang='grc' dir='ltr'><strong><em>δοῦλον</em></strong></span> <span class='ocrx_word' id='word_1_276' title='bbox 611 2979 757 3061; x_wconf 71' lang='grc' dir='ltr'><strong><em>ἐκάλουν,</em></strong></span> <span class='ocrx_word' id='word_1_277' title='bbox 779 2969 819 3069; x_wconf 83' lang='grc' dir='ltr'><strong><em>ἦν</em></strong></span> <span class='ocrx_word' id='word_1_278' title='bbox 840 2969 996 3068; x_wconf 78' lang='grc' dir='ltr'><strong><em>γὰρύλὸς</em></strong></span> <span class='ocrx_word' id='word_1_279' title='bbox 1016 2984 1057 3070; x_wconf 79' lang='grc' dir='ltr'><strong><em>τῇ</em></strong></span> <span class='ocrx_word' id='word_1_280' title='bbox 1081 2981 1181 3071; x_wconf 87' lang='grc' dir='ltr'><strong><em>φύσει</em></strong></span> <span class='ocrx_word' id='word_1_281' title='bbox 1201 2981 1260 3048; x_wconf 84' lang='grc' dir='ltr'><strong><em>τοῦ</em></strong></span> <span class='ocrx_word' id='word_1_282' title='bbox 1282 2979 1404 3066; x_wconf 76' lang='grc' dir='ltr'><strong><em>Δαβίδ.</em></strong></span> 
     </span>
     <span class='ocr_line' id='line_1_28' title="bbox 306 3077 1453 3172; baseline -0.005 -18"><span class='ocrx_word' id='word_1_283' title='bbox 306 3096 337 3157; x_wconf 82' lang='grc'><strong><em>4.</em></strong></span> <span class='ocrx_word' id='word_1_284' title='bbox 375 3085 499 3172; x_wconf 83' lang='grc' dir='ltr'><strong><em>Ὥςπερ</em></strong></span> <span class='ocrx_word' id='word_1_285' title='bbox 520 3089 632 3152; x_wconf 86' lang='grc' dir='ltr'><strong><em>τοίνυν</em></strong></span> <span class='ocrx_word' id='word_1_286' title='bbox 654 3077 932 3169; x_wconf 77' lang='grc' dir='ltr'><strong><em>ἀναγινώσκοντες</em></strong></span> <span class='ocrx_word' id='word_1_287' title='bbox 958 3085 1065 3151; x_wconf 83' lang='grc' dir='ltr'><strong><em>ταῦτα</em></strong></span> <span class='ocrx_word' id='word_1_288' title='bbox 1086 3081 1315 3168; x_wconf 80' lang='grc' dir='ltr'><strong><em>διανοούμεθα</em></strong></span> <span class='ocrx_word' id='word_1_289' title='bbox 1335 3082 1453 3162; x_wconf 80' lang='grc' dir='ltr'><strong><em>καλῶς,</em></strong></span> 
     </span>
     <span class='ocr_line' id='line_1_29' title="bbox 220 3177 1453 3271; baseline -0.008 -14"><span class='ocrx_word' id='word_1_290' title='bbox 220 3191 276 3257; x_wconf 85' lang='grc' dir='ltr'><strong><em>καλ</em></strong></span> <span class='ocrx_word' id='word_1_291' title='bbox 299 3187 474 3268; x_wconf 82' lang='grc' dir='ltr'><strong><em>ἀκούοντες</em></strong></span> <span class='ocrx_word' id='word_1_292' title='bbox 496 3187 614 3254; x_wconf 82' lang='grc' dir='ltr'><strong><em>δοῦλον</em></strong></span> <span class='ocrx_word' id='word_1_293' title='bbox 636 3185 695 3253; x_wconf 83' lang='grc' dir='ltr'><strong><em>τὸν</em></strong></span> <span class='ocrx_word' id='word_1_294' title='bbox 716 3185 898 3270; x_wconf 80' lang='grc' dir='ltr'><strong><em>Σολομῶνα</em></strong></span> <span class='ocrx_word' id='word_1_295' title='bbox 914 3179 952 3251; x_wconf 84' lang='grc' dir='ltr'><strong><em>οὗ</em></strong></span> <span class='ocrx_word' id='word_1_296' title='bbox 967 3185 1144 3271; x_wconf 87' lang='grc' dir='ltr'><strong><em>νομίζομεν</em></strong></span> <span class='ocrx_word' id='word_1_297' title='bbox 1158 3179 1259 3252; x_wconf 75' lang='grc' dir='ltr'><strong><em>αὐτὸν</em></strong></span> <span class='ocrx_word' id='word_1_298' title='bbox 1274 3177 1361 3252; x_wconf 77' lang='grc' dir='ltr'><strong><em>εἶναι</em></strong></span> <span class='ocrx_word' id='word_1_299' title='bbox 1375 3182 1453 3248; x_wconf 79' lang='grc' dir='ltr'><strong><em>δοά-</em></strong></span> 
     </span>
     <span class='ocr_line' id='line_1_30' title="bbox 221 3282 1456 3379; baseline -0.003 -23"><span class='ocrx_word' id='word_1_300' title='bbox 221 3291 289 3372; x_wconf 88' lang='grc' dir='ltr'><strong><em>λον,</em></strong></span> <span class='ocrx_word' id='word_1_301' title='bbox 314 3286 403 3358; x_wconf 33' lang='grc' dir='ltr'><strong><em>ἀλλὰ,</em></strong></span> <span class='ocrx_word' id='word_1_302' title='bbox 420 3288 521 3379; x_wconf 87' lang='grc' dir='ltr'><strong><em>φύσει</em></strong></span> <span class='ocrx_word' id='word_1_303' title='bbox 540 3285 598 3354; x_wconf 85' lang='grc' dir='ltr'><strong><em>καὶ</em></strong></span> <span class='ocrx_word' id='word_1_304' title='bbox 617 3284 752 3372; x_wconf 88' lang='grc' dir='ltr'><strong><em>γνήσων</em></strong></span> <span class='ocrx_word' id='word_1_305' title='bbox 773 3284 861 3353; x_wconf 88' lang='grc' dir='ltr'><strong><em>υλύν·</em></strong></span> <span class='ocrx_word' id='word_1_306' title='bbox 884 3282 991 3366; x_wconf 72' lang='grc' dir='ltr'><strong><em>οὕτως</em></strong></span> <span class='ocrx_word' id='word_1_307' title='bbox 1013 3285 1070 3354; x_wconf 76' lang='grc' dir='ltr'><strong><em>ἐὰν</em></strong></span> <span class='ocrx_word' id='word_1_308' title='bbox 1092 3285 1148 3356; x_wconf 83' lang='grc' dir='ltr'><strong><em>καὶ</em></strong></span> <span class='ocrx_word' id='word_1_309' title='bbox 1168 3284 1250 3372; x_wconf 85' lang='grc' dir='ltr'><strong><em>περὶ</em></strong></span> <span class='ocrx_word' id='word_1_310' title='bbox 1270 3288 1329 3353; x_wconf 87' lang='grc' dir='ltr'><strong><em>τού</em></strong></span> <span class='ocrx_word' id='word_1_311' title='bbox 1348 3285 1456 3370; x_wconf 60' lang='lat' dir='ltr'>amii-</span> 
     </span>
     <span class='ocr_line' id='line_1_31' title="bbox 222 3382 1506 3478; baseline -0.002 -21"><span class='ocrx_word' id='word_1_312' title='bbox 222 3413 280 3478; x_wconf 92' lang='grc' dir='ltr'><strong><em>ρος</em></strong></span> <span class='ocrx_word' id='word_1_313' title='bbox 300 3394 359 3458; x_wconf 85' lang='grc' dir='ltr'><strong><em>τοῦ</em></strong></span> <span class='ocrx_word' id='word_1_314' title='bbox 382 3386 520 3477; x_wconf 85' lang='grc' dir='ltr'><strong><em>άληθῶς</em></strong></span> <span class='ocrx_word' id='word_1_315' title='bbox 542 3382 805 3474; x_wconf 78' lang='grc' dir='ltr'><strong><em>ὁμολογουμένου</em></strong></span> <span class='ocrx_word' id='word_1_316' title='bbox 833 3388 907 3456; x_wconf 83' lang='grc' dir='ltr'><strong><em>υλοῦ</em></strong></span> <span class='ocrx_word' id='word_1_317' title='bbox 933 3389 989 3456; x_wconf 82' lang='grc' dir='ltr'><strong><em>καὶ</em></strong></span> <span class='ocrx_word' id='word_1_318' title='bbox 1019 3387 1120 3476; x_wconf 85' lang='grc' dir='ltr'><strong><em>φύσει</em></strong></span> <span class='ocrx_word' id='word_1_319' title='bbox 1148 3386 1247 3474; x_wconf 87' lang='grc' dir='ltr'><strong><em>λόγου</em></strong></span> <span class='ocrx_word' id='word_1_320' title='bbox 1271 3384 1367 3466; x_wconf 76' lang='grc' dir='ltr'><strong><em>ὄντος</em></strong></span> <span class='ocrx_word' id='word_1_321' title='bbox 1388 3386 1456 3454; x_wconf 67' lang='grc' dir='ltr'><strong><em>λλέ-</em></strong></span> <span class='ocrx_word' id='word_1_322' title='bbox 1498 3417 1506 3436; x_wconf 74' lang='lat'>=</span> 
     </span>
     <span class='ocr_line' id='line_1_32' title="bbox 220 3481 1472 3579; baseline -0.002 -22"><span class='ocrx_word' id='word_1_323' title='bbox 220 3511 324 3578; x_wconf 90' lang='grc' dir='ltr'><strong><em>γωσιν</em></strong></span> <span class='ocrx_word' id='word_1_324' title='bbox 346 3490 380 3557; x_wconf 90' lang='grc' dir='ltr'><strong><em>ολ</em></strong></span> <span class='ocrx_word' id='word_1_325' title='bbox 402 3486 510 3576; x_wconf 81' lang='grc' dir='ltr'><strong><em>άγιοι·</em></strong></span> <span class='ocrx_word' id='word_1_326' title='bbox 538 3487 661 3558; x_wconf 84' lang='grc' dir='ltr'><strong><em>πιστὸν</em></strong></span> <span class='ocrx_word' id='word_1_327' title='bbox 684 3485 764 3556; x_wconf 78' lang='grc' dir='ltr'><strong><em>ὄντα</em></strong></span> <span class='ocrx_word' id='word_1_328' title='bbox 784 3491 833 3577; x_wconf 77' lang='grc' dir='ltr'><strong><em>τῷ</em></strong></span> <span class='ocrx_word' id='word_1_329' title='bbox 853 3489 1036 3579; x_wconf 82' lang='grc' dir='ltr'><strong><em>ποιήσαντι</em></strong></span> <span class='ocrx_word' id='word_1_330' title='bbox 1057 3483 1173 3570; x_wconf 84' lang='grc' dir='ltr'><strong><em>αύυύν,</em></strong></span> <span class='ocrx_word' id='word_1_331' title='bbox 1203 3483 1225 3576; x_wconf 80' lang='grc' dir='ltr'><strong><em>ἢ</em></strong></span> <span class='ocrx_word' id='word_1_332' title='bbox 1253 3481 1353 3568; x_wconf 84' lang='grc' dir='ltr'><strong><em>αύτὸς</em></strong></span> <span class='ocrx_word' id='word_1_333' title='bbox 1374 3489 1472 3572; x_wconf 76' lang='grc' dir='ltr'><strong><em>περὶ·</em></strong></span> 
     </span>
     <span class='ocr_line' id='line_1_33' title="bbox 221 3585 1455 3680; baseline -0.006 -19"><span class='ocrx_word' id='word_1_334' title='bbox 221 3591 340 3662; x_wconf 77' lang='grc' dir='ltr'><strong><em>ἑαυτοῦ</em></strong></span> <span class='ocrx_word' id='word_1_335' title='bbox 363 3590 420 3660; x_wconf 75' lang='grc' dir='ltr'><strong><em>ἐὰν</em></strong></span> <span class='ocrx_word' id='word_1_336' title='bbox 442 3593 535 3680; x_wconf 83' lang='grc' dir='ltr'><strong><em>λέγῃ·</em></strong></span> <span class='ocrx_word' id='word_1_337' title='bbox 555 3589 668 3679; x_wconf 90' lang='grc' dir='ltr'><strong><em>κύριος</em></strong></span> <span class='ocrx_word' id='word_1_338' title='bbox 689 3591 797 3660; x_wconf 81' lang='grc' dir='ltr'><strong><em>έκτισέ</em></strong></span> <span class='ocrx_word' id='word_1_339' title='bbox 816 3616 874 3678; x_wconf 89' lang='grc' dir='ltr'><strong><em>με,</em></strong></span> <span class='ocrx_word' id='word_1_340' title='bbox 902 3597 974 3660; x_wconf 88' lang='grc' dir='ltr'><strong><em>καί·</em></strong></span> <span class='ocrx_word' id='word_1_341' title='bbox 997 3589 1061 3678; x_wconf 77' lang='grc' dir='ltr'><strong><em>ἐγὼ</em></strong></span> <span class='ocrx_word' id='word_1_342' title='bbox 1083 3591 1202 3669; x_wconf 83' lang='grc' dir='ltr'><strong><em>δοῦλος</em></strong></span> <span class='ocrx_word' id='word_1_343' title='bbox 1224 3587 1284 3669; x_wconf 89' lang='grc' dir='ltr'><strong><em>σὸς</em></strong></span> <span class='ocrx_word' id='word_1_344' title='bbox 1303 3585 1360 3656; x_wconf 82' lang='grc' dir='ltr'><strong><em>καλ</em></strong></span> <span class='ocrx_word' id='word_1_345' title='bbox 1381 3586 1455 3666; x_wconf 87' lang='grc' dir='ltr'><strong><em>υλὸς</em></strong></span> 
     </span>
     <span class='ocr_line' id='line_1_34' title="bbox 220 3683 1453 3783; baseline -0.006 -20"><span class='ocrx_word' id='word_1_346' title='bbox 220 3698 281 3783; x_wconf 81' lang='grc' dir='ltr'><strong><em>τῆς</em></strong></span> <span class='ocrx_word' id='word_1_347' title='bbox 301 3696 481 3783; x_wconf 72' lang='grc' dir='ltr'><strong><em>παιδίσκης</em></strong></span> <span class='ocrx_word' id='word_1_348' title='bbox 493 3687 563 3762; x_wconf 88' lang='grc' dir='ltr'><strong><em>Ισου</em></strong></span> <span class='ocrx_word' id='word_1_349' title='bbox 575 3697 607 3776; x_wconf 86' lang='lat'><strong><em>²),</em></strong></span> <span class='ocrx_word' id='word_1_350' title='bbox 630 3696 684 3762; x_wconf 86' lang='grc' dir='ltr'><strong><em>καλ</em></strong></span> <span class='ocrx_word' id='word_1_351' title='bbox 708 3690 772 3762; x_wconf 79' lang='grc' dir='ltr'><strong><em>ὅσα</em></strong></span> <span class='ocrx_word' id='word_1_352' title='bbox 792 3695 941 3775; x_wconf 82' lang='grc' dir='ltr'><strong><em>τοιαῦτα,</em></strong></span> <span class='ocrx_word' id='word_1_353' title='bbox 963 3693 1009 3782; x_wconf 83' lang='grc' dir='ltr'><strong><em>μὴ</em></strong></span> <span class='ocrx_word' id='word_1_354' title='bbox 1032 3692 1090 3760; x_wconf 86' lang='grc' dir='ltr'><strong><em>διά</em></strong></span> <span class='ocrx_word' id='word_1_355' title='bbox 1103 3694 1202 3759; x_wconf 82' lang='grc' dir='ltr'><strong><em>τοῦτο</em></strong></span> <span class='ocrx_word' id='word_1_356' title='bbox 1219 3683 1453 3777; x_wconf 81' lang='grc' dir='ltr'><strong><em>δρνείσθωσάν</em></strong></span> 
     </span>
     <span class='ocr_line' id='line_1_35' title="bbox 220 3789 1455 3886; baseline -0.005 -20"><span class='ocrx_word' id='word_1_357' title='bbox 220 3821 309 3879; x_wconf 87' lang='grc' dir='ltr'><strong><em>τινες</em></strong></span> <span class='ocrx_word' id='word_1_358' title='bbox 329 3797 388 3885; x_wconf 85' lang='grc' dir='ltr'><strong><em>τήν</em></strong></span> <span class='ocrx_word' id='word_1_359' title='bbox 410 3795 446 3866; x_wconf 76' lang='grc' dir='ltr'><strong><em>ἐκ</em></strong></span> <span class='ocrx_word' id='word_1_360' title='bbox 465 3798 525 3864; x_wconf 81' lang='grc' dir='ltr'><strong><em>τοῦ</em></strong></span> <span class='ocrx_word' id='word_1_361' title='bbox 547 3796 676 3886; x_wconf 88' lang='grc' dir='ltr'><strong><em>πατρὸς</em></strong></span> <span class='ocrx_word' id='word_1_362' title='bbox 698 3789 799 3865; x_wconf 81' lang='grc' dir='ltr'><strong><em>αύτοῦ</em></strong></span> <span class='ocrx_word' id='word_1_363' title='bbox 822 3793 990 3883; x_wconf 82' lang='grc' dir='ltr'><strong><em>ἰδιότητα,</em></strong></span> <span class='ocrx_word' id='word_1_364' title='bbox 1013 3789 1082 3864; x_wconf 81' lang='grc' dir='ltr'><strong><em>ἀλλ’</em></strong></span> <span class='ocrx_word' id='word_1_365' title='bbox 1108 3790 1155 3874; x_wconf 78' lang='grc' dir='ltr'><strong><em>ὡς</em></strong></span> <span class='ocrx_word' id='word_1_366' title='bbox 1175 3791 1233 3862; x_wconf 80' lang='grc' dir='ltr'><strong><em>λπλ</em></strong></span> <span class='ocrx_word' id='word_1_367' title='bbox 1254 3794 1455 3877; x_wconf 81' lang='grc' dir='ltr'><strong><em>Σολομῶνος</em></strong></span> 
     </span>
    </p>
   </div>
   <div class='ocr_carea' id='block_1_3' title="bbox 291 3981 1456 4090">
    <p class='ocr_par' dir='ltr' id='par_1_3' title="bbox 291 3981 1456 4090">
     <span class='ocr_line' id='line_1_36' title="bbox 291 3981 1456 4090; baseline -0.009 -16"><span class='ocrx_word' id='word_1_368' title='bbox 291 4022 317 4086; x_wconf 84' lang='grc' dir='ltr'><strong><em>ι)</em></strong></span> <span class='ocrx_word' id='word_1_369' title='bbox 338 4023 359 4074; x_wconf 87' lang='grc' dir='ltr'><strong><em>ι.</em></strong></span> <span class='ocrx_word' id='word_1_370' title='bbox 378 4015 416 4088; x_wconf 82' lang='grc' dir='ltr'><strong><em>[υ.</em></strong></span> <span class='ocrx_word' id='word_1_371' title='bbox 434 4020 514 4090; x_wconf 67' lang='grc' dir='ltr'><strong><em>ιιι]</em></strong></span> <span class='ocrx_word' id='word_1_372' title='bbox 532 4023 588 4088; x_wconf 62' lang='grc' dir='ltr'><strong><em>αις.</em></strong></span> <span class='ocrx_word' id='word_1_373' title='bbox 610 4023 632 4084; x_wconf 87' lang='grc' dir='ltr'><strong><em>ι,</em></strong></span> <span class='ocrx_word' id='word_1_374' title='bbox 653 4021 693 4074; x_wconf 83' lang='grc' dir='ltr'><strong><em>ιο.</em></strong></span> <span class='ocrx_word' id='word_1_375' title='bbox 711 4019 752 4072; x_wconf 82' lang='grc' dir='ltr'><strong><em>ιο.</em></strong></span> <span class='ocrx_word' id='word_1_376' title='bbox 829 4017 855 4080; x_wconf 85' lang='grc' dir='ltr'><strong><em>ι)</em></strong></span> <span class='ocrx_word' id='word_1_377' title='bbox 874 4019 936 4073; x_wconf 73' lang='grc' dir='ltr'><strong><em>ναι.</em></strong></span> <span class='ocrx_word' id='word_1_378' title='bbox 958 4019 1015 4083; x_wconf 82' lang='grc' dir='ltr'><strong><em>ιιι,</em></strong></span> <span class='ocrx_word' id='word_1_379' title='bbox 1035 4019 1067 4072; x_wconf 82' lang='grc' dir='ltr'><strong><em>ιο</em></strong></span> <span class='ocrx_word' id='word_1_380' title='bbox 1085 4014 1162 4086; x_wconf 68' lang='grc' dir='ltr'><strong><em>μιν,</em></strong></span> <span class='ocrx_word' id='word_1_381' title='bbox 1176 4017 1200 4068; x_wconf 83' lang='grc' dir='ltr'><strong><em>ι.</em></strong></span> <span class='ocrx_word' id='word_1_382' title='bbox 1218 3981 1287 4068; x_wconf 77' lang='grc' dir='ltr'><strong><em>ιιι.</em></strong></span> <span class='ocrx_word' id='word_1_383' title='bbox 1305 4012 1345 4065; x_wconf 88' lang='grc' dir='ltr'><strong><em>ιο.</em></strong></span> <span class='ocrx_word' id='word_1_384' title='bbox 1363 4007 1456 4078; x_wconf 58' lang='grc' dir='ltr'><strong><em>νοις.</em></strong></span> 
     </span>
    </p>
   </div>
   <div class='ocr_carea' id='block_1_4' title="bbox 219 4175 1457 4601">
    <p class='ocr_par' dir='ltr' id='par_1_4' title="bbox 255 4175 1457 4264">
     <span class='ocr_line' id='line_1_37' title="bbox 255 4175 1457 4264; baseline -0.029 -6"><span class='ocrx_word' id='word_1_385' title='bbox 255 4209 277 4244; x_wconf 75' lang='lat'><strong><em>⁸·</em></strong></span> <span class='ocrx_word' id='word_1_386' title='bbox 296 4191 396 4256; x_wconf 63' lang='grc' dir='ltr'><strong><em>ὅτινα.</em></strong></span> <span class='ocrx_word' id='word_1_387' title='bbox 414 4184 595 4258; x_wconf 71' lang='grc' dir='ltr'><strong><em>ὀνομάζων.</em></strong></span> <span class='ocrx_word' id='word_1_388' title='bbox 862 4189 936 4240; x_wconf 68' lang='lat' dir='ltr'><strong><em>nun.</em></strong></span> <span class='ocrx_word' id='word_1_389' title='bbox 954 4187 1044 4264; x_wconf 66' lang='grc' dir='ltr'><strong><em>ιιιοιἱ</em></strong></span> <span class='ocrx_word' id='word_1_390' title='bbox 1069 4186 1126 4262; x_wconf 67' lang='grc' dir='ltr'><strong><em>ηις.</em></strong></span> <span class='ocrx_word' id='word_1_391' title='bbox 1146 4181 1245 4259; x_wconf 59' lang='lat' dir='ltr'><strong><em>(iiiior.</em></strong></span> <span class='ocrx_word' id='word_1_392' title='bbox 1272 4175 1418 4255; x_wconf 50' lang='lat' dir='ltr'><strong><em>minicia.</em></strong></span> <span class='ocrx_word' id='word_1_393' title='bbox 1432 4175 1457 4254; x_wconf 69' lang='grc' dir='ltr'><strong><em>η.</em></strong></span> 
     </span>
    </p>

    <p class='ocr_par' dir='ltr' id='par_1_5' title="bbox 219 4245 1456 4382">
     <span class='ocr_line' id='line_1_38' title="bbox 254 4245 1456 4319; baseline -0.019 -7"><span class='ocrx_word' id='word_1_394' title='bbox 254 4261 279 4312; x_wconf 88' lang='lat' dir='ltr'><strong><em>b.</em></strong></span> <span class='ocrx_word' id='word_1_395' title='bbox 297 4261 439 4313; x_wconf 75' lang='lat' dir='ltr'>Feieim.5.</span> <span class='ocrx_word' id='word_1_396' title='bbox 458 4253 489 4310; x_wconf 82' lang='grc' dir='ltr'><strong><em>αλ</em></strong></span> <span class='ocrx_word' id='word_1_397' title='bbox 505 4257 600 4319; x_wconf 75' lang='grc' dir='ltr'><strong><em>λέξεις·</em></strong></span> <span class='ocrx_word' id='word_1_398' title='bbox 619 4253 663 4309; x_wconf 76' lang='grc' dir='ltr'><strong><em>διὸ</em></strong></span> <span class='ocrx_word' id='word_1_399' title='bbox 680 4253 727 4308; x_wconf 83' lang='grc' dir='ltr'><strong><em>καλ</em></strong></span> <span class='ocrx_word' id='word_1_400' title='bbox 744 4247 813 4307; x_wconf 78' lang='grc' dir='ltr'><strong><em>ὅταν</em></strong></span> <span class='ocrx_word' id='word_1_401' title='bbox 864 4265 888 4308; x_wconf 81' lang='grc' dir='ltr'><strong><em>ελ</em></strong></span> <span class='ocrx_word' id='word_1_402' title='bbox 905 4255 929 4305; x_wconf 77' lang='grc' dir='ltr'><strong><em>ά.</em></strong></span> <span class='ocrx_word' id='word_1_403' title='bbox 946 4247 991 4304; x_wconf 75' lang='grc' dir='ltr'><strong><em>ἐπ’</em></strong></span> <span class='ocrx_word' id='word_1_404' title='bbox 1012 4263 1111 4301; x_wconf 86' lang='grc' dir='ltr'><strong><em>αυτων.</em></strong></span> <span class='ocrx_word' id='word_1_405' title='bbox 1146 4249 1192 4300; x_wconf 84' lang='grc' dir='ltr'><strong><em>λΙιι</em></strong></span> <span class='ocrx_word' id='word_1_406' title='bbox 1215 4255 1240 4296; x_wconf 82' lang='grc' dir='ltr'><strong><em>ελ</em></strong></span> <span class='ocrx_word' id='word_1_407' title='bbox 1265 4245 1322 4296; x_wconf 75' lang='lat' dir='ltr'>editi</span> <span class='ocrx_word' id='word_1_408' title='bbox 1340 4254 1376 4290; x_wconf 78' lang='lat' dir='ltr'><strong><em>vn</em></strong></span> <span class='ocrx_word' id='word_1_409' title='bbox 1409 4255 1456 4290; x_wconf 77' lang='grc' dir='ltr'><strong><em>αν·</em></strong></span> 
     </span>
     <span class='ocr_line' id='line_1_39' title="bbox 219 4309 1454 4382; baseline -0.018 0"><span class='ocrx_word' id='word_1_410' title='bbox 219 4337 265 4382; x_wconf 63' lang='lat' dir='ltr'><strong><em>eie,</em></strong></span> <span class='ocrx_word' id='word_1_411' title='bbox 284 4330 383 4380; x_wconf 74' lang='lat' dir='ltr'>omissis</span> <span class='ocrx_word' id='word_1_412' title='bbox 400 4330 559 4382; x_wconf 73' lang='lat' dir='ltr'>intermediis.</span> <span class='ocrx_word' id='word_1_413' title='bbox 863 4321 926 4373; x_wconf 79' lang='grc' dir='ltr'><strong><em>ταῖν.</em></strong></span> <span class='ocrx_word' id='word_1_414' title='bbox 962 4319 1023 4370; x_wconf 79' lang='lat' dir='ltr'>lbid.</span> <span class='ocrx_word' id='word_1_415' title='bbox 1042 4319 1142 4380; x_wconf 70' lang='lat' dir='ltr'>Seguer.</span> <span class='ocrx_word' id='word_1_416' title='bbox 1162 4314 1261 4368; x_wconf 80' lang='lat' dir='ltr'><strong>Goblet.</strong></span> <span class='ocrx_word' id='word_1_417' title='bbox 1279 4309 1419 4363; x_wconf 76' lang='lat' dir='ltr'>eii&#39;eickm.</span> <span class='ocrx_word' id='word_1_418' title='bbox 1432 4310 1454 4360; x_wconf 90' lang='lat' dir='ltr'><strong><em>l.</em></strong></span> 
     </span>
    </p>

    <p class='ocr_par' dir='ltr' id='par_1_6' title="bbox 221 4377 1457 4601">
     <span class='ocr_line' id='line_1_40' title="bbox 256 4377 1457 4462; baseline -0.015 -15"><span class='ocrx_word' id='word_1_419' title='bbox 256 4413 276 4450; x_wconf 89' lang='grc' dir='ltr'><strong><em>ε.</em></strong></span> <span class='ocrx_word' id='word_1_420' title='bbox 295 4397 336 4448; x_wconf 79' lang='lat' dir='ltr'><strong><em>Sic</em></strong></span> <span class='ocrx_word' id='word_1_421' title='bbox 353 4399 452 4462; x_wconf 75' lang='grc' dir='ltr'><strong><em>διςαετ.</em></strong></span> <span class='ocrx_word' id='word_1_422' title='bbox 472 4399 571 4450; x_wconf 76' lang='lat' dir='ltr'>Gobier.</span> <span class='ocrx_word' id='word_1_423' title='bbox 588 4393 727 4448; x_wconf 59' lang='lat' dir='ltr'><strong><em>Feickmd.</em></strong></span> <span class='ocrx_word' id='word_1_424' title='bbox 745 4401 770 4445; x_wconf 82' lang='grc' dir='ltr'><strong><em>αλ</em></strong></span> <span class='ocrx_word' id='word_1_425' title='bbox 786 4393 812 4445; x_wconf 76' lang='grc'><strong><em>4.</em></strong></span> <span class='ocrx_word' id='word_1_426' title='bbox 863 4379 970 4456; x_wconf 79' lang='grc' dir='ltr'><strong><em>λέγεταί</em></strong></span> <span class='ocrx_word' id='word_1_427' title='bbox 986 4399 1022 4438; x_wconf 83' lang='grc' dir='ltr'><strong><em>τε.</em></strong></span> <span class='ocrx_word' id='word_1_428' title='bbox 1058 4385 1106 4438; x_wconf 71' lang='lat' dir='ltr'><strong><em>sid</em></strong></span> <span class='ocrx_word' id='word_1_429' title='bbox 1134 4387 1158 4436; x_wconf 88' lang='lat' dir='ltr'><strong><em>in</em></strong></span> <span class='ocrx_word' id='word_1_430' title='bbox 1183 4383 1238 4435; x_wconf 73' lang='lat' dir='ltr'>aiiii</span> <span class='ocrx_word' id='word_1_431' title='bbox 1255 4388 1280 4432; x_wconf 80' lang='grc' dir='ltr'><strong><em>ελ</em></strong></span> <span class='ocrx_word' id='word_1_432' title='bbox 1297 4379 1369 4431; x_wconf 74' lang='lat' dir='ltr'>edilis</span> <span class='ocrx_word' id='word_1_433' title='bbox 1387 4377 1457 4458; x_wconf 75' lang='grc' dir='ltr'><strong><em>διεελ</em></strong></span> 
     </span>
     <span class='ocr_line' id='line_1_41' title="bbox 221 4447 1452 4528; baseline -0.016 -12"><span class='ocrx_word' id='word_1_434' title='bbox 221 4465 251 4516; x_wconf 82' lang='grc' dir='ltr'><strong><em>λλ</em></strong></span> <span class='ocrx_word' id='word_1_435' title='bbox 268 4481 282 4516; x_wconf 80' lang='grc' dir='ltr'><strong><em>κ</em></strong></span> <span class='ocrx_word' id='word_1_436' title='bbox 299 4465 374 4528; x_wconf 71' lang='lat' dir='ltr'>Regio</span> <span class='ocrx_word' id='word_1_437' title='bbox 393 4467 538 4518; x_wconf 72' lang='lat' dir='ltr'>etFoickm.</span> <span class='ocrx_word' id='word_1_438' title='bbox 554 4465 578 4515; x_wconf 79' lang='grc'><strong><em>5.</em></strong></span> <span class='ocrx_word' id='word_1_439' title='bbox 603 4463 672 4512; x_wconf 69' lang='lat' dir='ltr'>obesi</span> <span class='ocrx_word' id='word_1_440' title='bbox 688 4447 712 4528; x_wconf 74' lang='grc' dir='ltr'><strong><em>ᾖ.</em></strong></span> <span class='ocrx_word' id='word_1_441' title='bbox 749 4461 812 4512; x_wconf 82' lang='lat' dir='ltr'>Editi</span> <span class='ocrx_word' id='word_1_442' title='bbox 863 4471 901 4509; x_wconf 80' lang='grc' dir='ltr'><strong><em>τε.</em></strong></span> <span class='ocrx_word' id='word_1_443' title='bbox 938 4457 998 4508; x_wconf 74' lang='lat' dir='ltr'><strong><em>item</em></strong></span> <span class='ocrx_word' id='word_1_444' title='bbox 1025 4454 1114 4506; x_wconf 79' lang='lat' dir='ltr'>ibidem</span> <span class='ocrx_word' id='word_1_445' title='bbox 1133 4467 1194 4505; x_wconf 75' lang='grc' dir='ltr'><strong><em>αισι.</em></strong></span> <span class='ocrx_word' id='word_1_446' title='bbox 1212 4465 1298 4502; x_wconf 73' lang='lat' dir='ltr'>omnes</span> <span class='ocrx_word' id='word_1_447' title='bbox 1316 4457 1452 4515; x_wconf 80' lang='grc' dir='ltr'><strong><em>σημαινει.</em></strong></span> 
     </span>
     <span class='ocr_line' id='line_1_42' title="bbox 221 4517 1375 4601; baseline -0.019 -9"><span class='ocrx_word' id='word_1_448' title='bbox 221 4519 361 4600; x_wconf 56' lang='lat' dir='ltr'><strong><em>”oswui</em></strong></span> <span class='ocrx_word' id='word_1_449' title='bbox 381 4525 396 4596; x_wconf 79' lang='grc' dir='ltr'><strong><em>ἢ</em></strong></span> <span class='ocrx_word' id='word_1_450' title='bbox 414 4529 524 4601; x_wconf 78' lang='grc' dir='ltr'><strong><em>κτίσμα.</em></strong></span> <span class='ocrx_word' id='word_1_451' title='bbox 557 4528 632 4580; x_wconf 70' lang='lat' dir='ltr'>Pinio</span> <span class='ocrx_word' id='word_1_452' title='bbox 644 4528 812 4593; x_wconf 73' lang='grc' dir='ltr'><strong><em>ροιιδιςσιτ.</em></strong></span> <span class='ocrx_word' id='word_1_453' title='bbox 863 4525 942 4578; x_wconf 80' lang='lat' dir='ltr'>Editio</span> <span class='ocrx_word' id='word_1_454' title='bbox 961 4524 1079 4578; x_wconf 65' lang='lat' dir='ltr'><strong><em>Commii·</em></strong></span> <span class='ocrx_word' id='word_1_455' title='bbox 1097 4517 1229 4589; x_wconf 70' lang='grc' dir='ltr'><strong><em>σημαίνῃ,</em></strong></span> <span class='ocrx_word' id='word_1_456' title='bbox 1247 4519 1375 4572; x_wconf 73' lang='lat' dir='ltr'>mendose.</span> 
     </span>
    </p>
   </div>
   <div class='ocr_carea' id='block_1_5' title="bbox 0 0 1612 5048">
    <p class='ocr_par' dir='ltr' id='par_1_7' title="bbox 0 0 1612 5048">
     <span class='ocr_line' id='line_1_43' title="bbox 0 0 1612 5048; baseline 0 2"><span class='ocrx_word' id='word_1_457' title='bbox 0 0 1612 5048; x_wconf 95' lang='lat' dir='ltr'><strong><em> </em></strong></span> 
     </span>
    </p>
   </div>
  </div>
 </body>
</html>
