3174 5082
397 340 542 384 ttrtsrots
557 339 594 382 llE
610 341 752 384 llllssllfflfl
768 341 913 384 Nlffllldli
929 341 1046 384 Siliolll.
1287 330 1334 394 35

97 491 226 572 psalmis
249 489 306 552 alt:
337 487 408 568 lpse
437 491 516 553 deicit
538 500 567 552 et
586 490 671 569 secto
691 501 782 554 seat:
810 495 876 573 ipse
897 493 1053 555 manmit
1075 503 1104 554 et
1125 503 1231 557 crecta
1252 505 1423 559 euntem

17 603 19 628 ι
92 594 179 666 Qttis
202 593 303 671 itaque
327 589 375 656 ille
397 597 462 662 est,
484 589 531 652 eui
553 591 819 665 lletmmaudanit,
849 601 882 654 nt
903 601 932 653 et
953 593 1020 672 ipsc
1041 593 1219 658 crearetur?
1260 593 1337 660 Nem

99 713 172 758 esse
195 701 317 774 oportet
337 689 478 763 Verbum,
501 691 546 754 cui
561 691 639 756 Dens
662 693 791 766 mandat,
814 701 844 754 et
865 693 896 756 in
917 713 976 773 qno
999 713 1049 758 res
1071 697 1163 758 iactae
1187 706 1335 762 meretur.

97 797 191 875 Atqui
213 793 294 856 aliutl
318 791 448 854 Verbum
470 792 602 854 indicare
624 809 685 854 non
707 793 845 871 potestis,
866 803 982 872 praeter
1003 795 1084 872 illud,
1105 797 1187 876 quod
1208 799 1334 879 negatis,

100 897 164 958 nisi
191 898 269 956 lorte
298 911 407 954 norum
437 891 534 954 adlrnc
560 901 761 954 commentum
781 894 895 972 placeat
911 897 1089 973 excogitare.
1133 900 1176 962 lta
1199 907 1260 976 est,
1282 901 1332 964 in-
1366 895 1370 910 ’

102 997 220 1075 quiunt,
243 995 411 1058 invenimus
433 993 525 1068 (idem
548 993 699 1066 nimirum,
722 993 802 1073 quod
825 994 895 1056 olim
916 993 953 1055 sb
967 995 1140 1062 Eusebienis
1158 1011 1332 1082 usurpatum

101 1097 226 1172 audiri).
278 1096 412 1170 „idcirco
441 1113 548 1174 nempe
570 1094 623 1156 llei
644 1095 752 1156 Filium
781 1093 892 1174 aliquid
925 1095 989 1158 aliis
1021 1099 1144 1176 amplius
1173 1101 1281 1166 habere
1303 1113 1334 1166 et

106 1199 319 1276 „unigenitum
341 1197 398 1260 dici
421 1197 608 1270 arbitremur,
631 1196 698 1275 quis
719 1197 804 1258 solus
828 1197 894 1276 ipsc
915 1197 1014 1260 Patris
1037 1207 1083 1260 est
1104 1199 1260 1280 particeps,
1281 1223 1331 1266 res

103 1308 233 1373 „autem
256 1299 327 1360 eliee
350 1317 452 1362 omnes
465 1297 530 1360 ritit
554 1307 624 1360 sunt
646 1297 840 1378 participes.“
885 1299 936 1361 Sic
957 1299 1047 1378 igitur
1068 1299 1108 1362 illi
1131 1299 1333 1364 iuimmntan-

103 1399 152 1462 dis
181 1399 387 1482 variandisqnc
413 1399 514 1462 scalis
546 1419 608 1462 non
639 1419 726 1462 secus
755 1419 790 1462 ec
809 1401 964 1464 ¹colonibus
986 1401 1131 1464 laborant
1177 1401 1284 1466 Verum
1306 1401 1336 1464 id

105 1501 178 1563 nihil
200 1501 348 1581 impediet,
373 1503 533 1582 quominus
557 1502 771 1576 ostendamus,
793 1503 861 1564 illos
884 1521 953 1564 vere
975 1502 1073 1566 inania
1096 1523 1130 1564 er
1155 1513 1233 1566 tetra
1252 1503 1336 1584 loqui

101 1605 225 1684 suisque
247 1603 475 1683 cogitationibus
500 1611 647 1684 tamquam
670 1603 699 1666 iu
721 1603 783 1664 luto
805 1603 940 1666 volutari.

190 1709 239 1769 10.
283 1704 443 1768 Eniutrero
465 1705 494 1766 si
515 1704 564 1767 ille
585 1704 638 1766 uei
661 1704 739 1766 lilius
761 1714 791 1766 ει
811 1723 868 1766 nos
892 1703 956 1766 Filii
980 1705 1076 1784 ipsius
1099 1705 1150 1766 lilii
1163 1705 1332 1786 appellare-

96 1822 178 1881 mur,
201 1805 355 1888 probabile
371 1799 460 1870 esset
482 1807 599 1868 illorum
622 1815 838 1878 commentum
859 1807 913 1868 sed
935 1807 960 1868 si
982 1825 1039 1870 nos
1056 1805 1145 1868 etiem
1159 1807 1331 1888 ipsiusliei,

99 1909 188 1971 cuins
211 1907 259 1970 ille
282 1915 329 1969 est
350 1907 439 1980 lilius,
462 1907 514 1970 lilii
537 1906 672 1981 dicimur,
695 1918 774 1968 certe
797 1908 903 1988 liquet,
927 1909 1094 1970 noscitans
1117 1907 1212 1972 Patris
1233 1909 1331 1988 parti·

98 2011 185 2090 cipes
208 2027 286 2084 csse,
309 2009 418 2114 quippe
439 2010 488 2090 qui
512 2010 603 2072 dicat:
627 2009 721 2072 Filios
743 2014 834 2088 penos·
853 2021 883 2071 et
904 2010 1048 2074 ccultant.
1094 2010 1127 2071 Si
1139 2011 1221 2074 anim
1236 2008 1330 2090 ipsius

99 2109 263 2192 participes
285 2129 346 2172 non
368 2129 516 2184 essemus,
539 2130 599 2172 non
623 2109 735 2172 diceret
755 2114 861 2190 pennu
884 2109 910 2172 si
931 2119 1029 2172 nutem
1052 2111 1117 2190 ipse
1136 2111 1247 2190 genuit,
1271 2129 1332 2172 nou

94 2213 177 2276 alius
199 2214 312 2293 utique,
336 2213 388 2275 sed
413 2212 491 2274 idem
515 2213 580 2292 ipsc
601 2211 689 2278 Pater
711 2217 815 2273 noster
837 2219 894 2272 εει.
922 2211 1001 2274 Nihil
1011 2231 1082 2274 reno
1093 2214 1194 2286 relcrt,
1217 2211 1243 2274 si
1261 2231 1329 2274 am-

95 2314 179 2395 plius
208 2315 256 2376 ille
285 2315 396 2396 aliquid
423 2315 530 2376 habeat
557 2323 587 2376 ει
615 2314 729 2394 primns
758 2315 852 2374 lactus
881 2313 937 2386 sit,
966 2333 1081 2391 nosque
1103 2311 1212 2391 adquiri
1233 2313 1332 2376 minus

96 2435 190 2497 quem
214 2415 261 2478 illc
281 2417 513 2489 habeamus,'ec
533 2426 603 2496 post
625 2416 721 2495 ipsum
738 2413 806 2474 lecti
822 2413 927 2486 simus,
952 2412 1113 2474 dummodo
1130 2429 1234 2474 omnes
1250 2412 1333 2474 eius·

98 2519 170 2580 dem
193 2517 335 2578 fuerimus
357 2517 516 2598 participes
538 2517 641 2580 attilii
664 2515 797 2578 eiusdem
814 2499 918 2576 Patris*
929 2531 1143 2593 nuncupemur.
1172 2513 1247 2576 Nam
1265 2483 1342 2593 plus¹

96 2619 148 2680 rel
177 2619 275 2682 minus
304 2619 449 2682 diuersam
476 2619 609 2682 naturam
640 2619 763 2680 minime
792 2616 950 2696 significat:
981 2615 1010 2676 id
1038 2614 1116 2676 enim
1145 2613 1202 2676 sibi
1223 2613 1332 2693 singuli

96 2729 180 2784 recte
200 2721 285 2784 lactis
306 2731 495 2803 comparant3
524 2730 611 2800 atque
641 2719 715 2782 alius
738 2719 857 2799 quidem
880 2718 982 2780 decem
1005 2715 1171 2778 deitatibus
1192 2714 1331 2794 praelici-

99 2831 159 2896 tur,
182 2823 257 2884 alias
280 2823 426 2902 quinque3
449 2823 497 2884 alii
519 2823 625 2883 sedent
646 2840 738 2900 snper
760 2821 847 2882 sedes
870 2818 1045 2890 duodecim,
1067 2817 1230 2880 iudicantes
1252 2815 1329 2878 duo-

103 2921 199 2984 decim
222 2921 317 2981 tribus
338 2923 449 2992 lsrael,
471 2921 519 2981 alii
540 2922 676 2982 audiunt:
704 2921 802 2983 Venite
818 2921 969 2982 Benedicti
980 2919 1162 2992 Putrisntet',
1178 2925 1225 2979 et:
1247 2917 1329 2998 linge

103 3038 192 3082 cerne
216 3021 292 3080 done
315 3033 342 3083 et
364 3019 474 3100 fidelia.
519 3019 590 3080 Cum
613 3019 685 3080 haec
707 3019 795 3097 igitur
817 3020 934 3080 illorum
953 3019 1162 3091 succulentis,
1184 3019 1249 3080 iure
1264 3037 1329 3080 nte·

105 3121 165 3182 rito
189 3116 367 3192 existimant,
390 3119 562 3180 huiusmodi
576 3119 642 3180 Filii
656 3119 750 3180 llenm
772 3137 832 3180 nnn
846 3137 965 3197 semper
977 3119 1072 3181 luisse
1086 3119 1211 3194 Patrem,
1232 3139 1330 3199 neque

104 3221 193 3284 talem
215 3219 321 3282 Filium
343 3239 465 3300 semper
485 3221 587 3296 luisse,
611 3221 664 3282 sed
687 3239 723 3282 er
743 3219 835 3282 nihilo
859 3239 927 3282 csse
948 3227 1079 3282 meatum
1100 3229 1129 3282 et
1142 3221 1259 3296 lectum,
1274 3237 1417 3284 necent.

100 3325 197 3386 luisse
225 3331 381 3402 autequam
403 3323 521 3402 genitus
545 3332 643 3396 esset;
673 3321 819 3402 siquidem
841 3321 890 3384 ille
912 3311 985 3383 alius
1009 3322 1129 3384 omuino
1151 3329 1199 3384 est
1219 3339 1236 3386 a
1257 3341 1328 3384 rere

100 3425 261 3487 nutritio.
306 3424 414 3488 Verum
437 3443 503 3487 cum
524 3424 597 3486 haec
619 3423 685 3486 illos
708 3423 872 3486 diceresne
895 3424 1113 3500 insumpsit,
1136 3433 1239 3506 utpote
1262 3441 1329 3486 curu

101 3527 159 3588 ista
180 3525 419 3588 Sadducaeortun
441 3527 541 3606 potius
564 3533 594 3588 ει
616 3525 834 3588 Samosatensis
856 3525 917 3589 sint
937 3527 1069 3606 proprie,
1091 3533 1194 3600 restat,
1217 3533 1250 3588 ut
1271 3525 1354 3588 alio.

101 3646 211 3701 sensu,
241 3646 300 3706 quo
322 3627 461 3692 nimirum
482 3627 567 3690 lseac
587 3628 720 3690 Abrahae
734 3611 789 3688 'est
809 3625 904 3701 illius,
926 3627 978 3689 liei
1001 3627 1107 3689 Filium
1129 3647 1197 3689 esse
1219 3645 1328 3688 conce-

101 3730 181 3791 dant
224 3727 298 3791 Natu
328 3730 407 3810 qnod
430 3747 466 3792 cx
485 3729 584 3810 aliquo
608 3729 735 3808 gignitur
756 3748 811 3790 nee
833 3727 1019 3802 extrinsecus
1042 3727 1211 3802 advehitur,
1235 3728 1327 3790 lilium

98 3846 169 3892 esse
200 3831 337 3909 agnoscit
362 3837 489 3903 ustura,
523 3849 615 3910 eaque
648 3841 694 3893 est
723 3817 843 3910 propria
871 3830 960 3892 huius
989 3829 1119 3894 nominis
1142 3829 1327 3909 significatio.

99 3931 178 3994 Num
200 3949 273 4010 ergo
295 3931 360 3996 Filii
379 3931 533 4012 generatio
555 3935 684 3994 humano
708 3949 792 3992 more
814 3939 861 3992 est
881 3931 1069 4010 intelligenda
1091 3933 1180 4006 (sorte
1202 3931 1281 3992 cuim
1297 3931 1328 3996 id

102 4031 176 4111 ipsi,
206 4041 239 4094 nt
261 4039 290 4094 et
312 4033 354 4095 illi
376 4033 463 4106 olim,
490 4033 585 4114 ignari
606 4031 787 4112 reponenti?
820 4031 1020 4126 Nequaquam.
1065 4032 1125 4093 Nec
1147 4031 1225 4094 enirn
1247 4031 1326 4096 Deus

102 4133 232 4196 hominis
256 4135 362 4198 similis
385 4143 440 4211 est,
463 4135 507 4197 nti
528 4153 585 4196 nec
606 4133 742 4196 homines
757 4133 821 4194 Dei.
865 4133 909 4194 lili
933 4133 1011 4194 enirn
1033 4151 1068 4194 ex
1090 4133 1212 4196 materia
1234 4153 1327 4214 eaque

136 4435 157 4470 c
175 4419 248 4470 Basil.
264 4417 425 4488 xatotpeea.
741 4423 798 4484 lleg.
823 4436 869 4470 me.
894 4421 965 4471 habet
983 4417 1065 4482 dulor
1083 4415 1141 4478 ὅτι,
1167 4423 1210 4473 aed
1235 4423 1327 4484 alisque
1391 4453 1395 4458 .

137 4488 160 4537 d.
178 4489 219 4538 Sic
235 4489 390 4540 scribendum
408 4499 529 4556 putamus,
548 4489 688 4540 utetvide·
741 4491 792 4538 ello
818 4497 917 4538 accentu
939 4491 962 4540 in
987 4485 1077 4549 δῆλον.
1119 4489 1197 4540 Ceteri
1222 4497 1246 4538 et
1269 4485 1328 4535 editi

101 4563 142 4604 tur
158 4555 265 4608 Ninnios
283 4559 382 4622 legisse,
401 4560 441 4623 qui
459 4559 528 4608 vertit
545 4563 629 4608 cutum
647 4563 689 4608 eat.
742 4549 883 4616 δηλονότι,
904 4565 929 4608 nt
947 4565 970 4606 ει
987 4559 1045 4620 legit
1062 4557 1171 4608 imbros.
1191 4549 1327 4606 Cemaldul.

1084 4637 1122 4688 3*
