3176 5058
244 258 285 324 80
642 268 667 312 s.
683 267 837 312 ιττκιιιειι
850 267 1075 312 εκεειτνιεεοει

157 420 359 488 Μνττούτου
381 421 435 486 καὶ
458 415 516 484 τόν
538 413 572 483 ἐν
593 415 640 502 τῷ
662 417 774 504 πατρίΙ
787 413 893 502 λόγον.
924 415 954 482 τί
975 413 1086 482 δὲκαὶ
1109 419 1239 502 πατέρα
1251 417 1348 484 θέλει
1362 417 1470 503 λέγειν

240 517 333 612 ἡμῶν
354 520 413 588 τὸν
434 520 522 586 ἰ’διον
545 517 662 584 ἑαυτοῦ
683 521 821 602 πατέρα,
844 510 883 584 σύ
902 515 962 605 χρὴ
978 515 1035 584 διὰ
1048 517 1146 583 τοῦτο
1162 523 1375 585 συνεκτείνειν
1389 517 1470 585 έαυ-

240 624 319 702 τοὺς
348 624 396 708 τῷ
425 621 486 698 υἱῷ
514 618 597 686 κατὰ
622 616 681 706 τὴν
710 617 819 706 φύσιν.
864 621 922 691 καί,
940 620 1039 684 τοῦτο
1060 617 1121 704 γὰρ
1144 611 1192 683 δι’
1217 611 1315 684 αὐτὸν
1336 619 1469 704 λέγεται

242 718 320 810 παρ’
350 718 459 810 ἡμῶν·
489 719 604 808 ἐπειδὴ
632 718 693 806 γὰρ
721 718 760 786 τὸ
788 714 947 806 ἡμέτερον
970 713 988 784 ό
1011 718 1108 804 λόγος
1130 717 1270 806 ἐφόριοι
1292 721 1388 802 σῶμα
1409 718 1469 786 καὶ

242 831 372 912 γέγονεν
400 821 433 890 ἐν
461 818 555 910 ἡμῖν,
587 816 781 899 ἀκολούθως
809 819 866 888 διὰ
892 820 950 888 τὸν
979 819 1014 889 ἓν
1035 815 1113 906 ἡμῖν
1136 817 1233 904 λόγον
1255 823 1310 885 καί
1330 815 1423 904 ἡμῶν
1445 814 1466 886 ὃ
1543 836 1544 902 η

242 924 326 1005 θεὸς
346 926 474 1010 λέγεται
494 921 614 1011 πατήρ.
659 921 697 988 τὸ
718 921 780 1007 γάρ
803 921 837 988 ἐν
859 917 938 1009 ἡμῖν
959 923 1091 1006 πνεῦμα
1113 923 1170 986 τοῦ
1192 918 1291 1006 λόγου
1306 915 1354 987 δι’
1370 915 1466 1006 ἡμῶν
1544 922 1545 998 λ

242 1025 300 1096 τὸν
328 1027 445 1095 έαιποῦ
467 1030 596 1111 πατέρα
618 1018 664 1103 ὥς
684 1019 778 1111 ἡμῶν
801 1017 969 1107 ὀνομάζει·
998 1011 1095 1101 οὗτος
1114 1022 1170 1090 ’δὲ
1191 1023 1251 1089 τοῦ
1273 1017 1465 1090 ἀποστόλου
1545 1010 1546 1076 ί

242 1132 318 1208 νοῦς
339 1127 410 1197 ἐστι
431 1128 598 1214 λέγοντος·
621 1123 850 1205 ἐξαπέστειλεν
873 1119 892 1188 ό
912 1121 995 1202 θεὸς
1015 1121 1055 1188 τὸ
1076 1125 1208 1208 πνεῦμα
1227 1123 1287 1190 τοῦ
1310 1123 1382 1190 υἱοῦ
1405 1119 1465 1192 αύ-

241 1235 299 1299 τοῦ
322 1231 369 1310 εἰς
390 1227 450 1309 τὰς
470 1229 607 1315 καρδίας
628 1222 730 1316 ἡμῶν,
753 1225 887 1312 κρᾶζον·
911 1217 999 1310 ἀββᾶ
1020 1219 1038 1290 ό
1060 1223 1171 1312 πατήρ
1181 1229 1211 1302 ¹).
1548 1272 1549 1320 η

323 1339 376 1402 θλ.
417 1325 504 1398 Ἀλλ’
530 1330 613 1408 ἰ’σιυς
640 1330 695 1396 καί
728 1325 786 1394 διὰ
814 1325 852 1393 τὸ
882 1323 987 1412 όνυμα
1008 1324 1048 1392 τὸ
1070 1319 1223 1413 ἀγένητον
1247 1324 1461 1412 ἐλεγχθέντες,
1549 1360 1550 1392 ι

240 1433 383 1523 πονηροὶ
412 1431 469 1500 τὸν
495 1428 622 1517 τρόπον
650 1426 743 1508 ὄντες
765 1427 963 1517 ἐθελήλουσι
983 1429 1037 1496 καί
1059 1421 1155 1492 αὐτοὶ
1176 1427 1298 1513 λέγειν·
1321 1427 1389 1496 ἔδει
1408 1428 1464 1496 καὶ
1550 1446 1551 1480 ί

240 1538 399 1622 περὶτοῦ
421 1540 533 1617 κυρίου
556 1529 611 1596 καὶ
634 1531 781 1616 σωτῆρος
802 1526 894 1616 ἡμῶν
905 1524 1008 1616 Ἰησοῦ
1022 1531 1173 1615 Χριστοῦ
1196 1527 1231 1595 ἐκ
1247 1532 1312 1597 τῶν
1326 1533 1463 1618 γραφῶν
1551 1533 1552 1544 ’

241 1635 284 1702 τά
305 1633 385 1718 περὶ
406 1627 506 1700 αὐτοῦ
527 1635 732 1718 γεγραμμένα
752 1631 920 1716 λέγεσθαι,
945 1633 1017 1697 ὴκαλ
1039 1628 1084 1715 μὴ
1107 1625 1276 1718 ἀγράφους
1296 1629 1463 1718 ἐπειςάγε·

243 1740 330 1802 σθαι
351 1735 462 1814 λέξεις.
508 1735 561 1800 ναί
591 1731 674 1812 ἔδει,
704 1737 806 1819 φαίην
829 1725 869 1798 ἀν
890 1733 944 1799 καί
968 1732 1081 1817 ἐγωγε,
1112 1726 1325 1818 ἀκριβέστερα
1346 1731 1408 1818 γὰρ
1430 1733 1463 1800 ἐκ

242 1839 307 1902 τῶν
329 1837 466 1922 γραφῶν
487 1834 612 1918 μᾶλλον
634 1827 655 1918 ἢ
677 1832 713 1912 ἐξ
733 1832 852 1918 ἐτέρων
864 1831 932 1899 ἐστὶ
944 1831 987 1900 τὰ
996 1835 1055 1920 τῆς
1066 1829 1227 1922 ἀληθείας
1236 1840 1461 1920 γνωρίσματα·

243 1931 311 2005 ἀλλ’
334 1932 355 2024 ἦ
383 1933 565 2022 κακοήθεια
591 1935 645 2001 καί
671 1932 755 2017 μετὰ
782 1939 985 2020 πανουργίας
1010 1935 1219 2021 παλίμβολος
1241 1930 1377 2020 ἀσέβεια
1397 1939 1462 2004 τῶν

241 2037 321 2126 περὶ
342 2033 503 2123 Εὖσέβιον
525 2030 694 2124 ἠνάγκασε,
717 2033 809 2102 καθὰ
823 2044 999 2120 προεῖπον,
1022 2033 1100 2114 τούς
1115 2033 1329 2117 ἐπισκόπους,
1352 2035 1463 2105 λευκό-

241 2163 336 2228 τερον
358 2139 523 2207 ἐκθέσθαι
544 2135 586 2203 τὰ
606 2135 664 2226 τὴν
687 2131 839 2223 ἀσέβειαν
861 2131 969 2204 αύτιῦν
992 2131 1219 2224 ἀνατρέποντα
1233 2137 1372 2224 ῥήματα.
1409 2141 1462 2206 καὶ

241 2241 284 2310 τά
303 2243 363 2328 μέν
385 2239 479 2328 παρὰ
499 2242 557 2325 τῆς
579 2236 719 2305 συνόδου
740 2243 908 2326 γραφέντα
929 2237 1077 2304 διάνοιον
1100 2232 1207 2325 ὀρθὴν
1229 2239 1344 2321 ἔχοντα
1359 2241 1463 2308 δέδει·
1500 2235 1504 2242 ’

240 2369 330 2425 κται,
353 2346 419 2411 τῶν
442 2337 473 2410 δ’
495 2335 676 2428 Ἀρειανιῦν
696 2343 751 2407 καλ
773 2339 816 2407 τά
838 2337 976 2425 λογάρια
999 2337 1112 2426 σαθρὰ
1134 2342 1188 2407 καί
1212 2333 1230 2405 ὃ
1250 2340 1377 2427 τρόπος
1398 2365 1462 2410 πο-

240 2443 337 2531 νηρὸς
359 2443 472 2531 ἐφάνη.
493 2440 497 2448 ’
516 2445 571 2508 καί
592 2440 653 2527 γάρ
674 2443 728 2514 καί
750 2439 789 2506 τὸ
812 2436 966 2526 ἀγένητον
988 2437 1093 2524 όνομα
1115 2440 1203 2509 ίδίαν
1224 2441 1297 2525 έχον
1312 2441 1463 2512 διάνοιαν

241 2547 295 2610 καὶ
323 2543 501 2626 δυνάμενον
525 2537 668 2627 εύσεβιῦς
689 2547 926 2630 προφέρεσθαι
947 2537 1042 2608 αῦτοὶ
1064 2541 1167 2609 πάλιν
1188 2541 1272 2610 κατὰ
1293 2541 1350 2629 τὴν
1372 2544 1462 2614 ἰδίαν

242 2643 439 2730 ἐνθύμησιν,
469 2638 514 2721 ὥς
540 2635 726 2729 ἠθέλησαν,
756 2636 973 2728 ὀνομάζουσιν
1002 2638 1053 2710 ἐπ’
1078 2639 1195 2732 ἀτιμίᾳ
1222 2647 1281 2712 τοῦ
1301 2647 1457 2742 σωτῆρος,

242 2745 298 2812 ἵνα
317 2743 419 2830 μόνον
442 2739 487 2823 ιός
506 2739 655 2830 γίγαντες
675 2742 854 2828 θεομάχειν
877 2746 1118 2832 φιλονεικοῦσιν.
1164 2740 1232 2811 ἀλλ’
1257 2742 1329 2812 οότε
1350 2743 1460 2813 έκελνα

241 2845 284 2913 τά
304 2844 442 2934 λογάρια
463 2850 688 2933 προφέροντες
710 2845 840 2931 ἔμειναν
863 2840 1123 2932 ἀκατάγνιυστοι,
1148 2843 1225 2914 ούτε
1245 2845 1284 2914 τό
1306 2843 1461 2935 ἀγένητον

239 2949 347 3028 καλῶς
378 2951 431 3015 καί
461 2941 603 3034 εάσεβιῦς
631 2946 810 3031 δυνάμενον
840 2943 1081 3035 ὀνομάζεσθαι,
1115 2943 1205 3031 ὅμως
1232 2951 1338 3029 κακῶς
1365 2945 1459 3018 αύτολ

240 3053 445 3139 φρονοῦντες,
468 3051 587 3118 λαθεῖν
610 3042 668 3117 υάκ
688 3045 916 3137 ἠδυνήθησαν·
938 3046 1209 3138 κατησχύνθησαν
1230 3048 1292 3138 γάρ
1315 3051 1350 3120 ἐν
1363 3054 1460 3136 πάσι,

239 3153 294 3220 καὶ
315 3149 335 3242 ἡ
356 3154 484 3240 αἵρεσις
505 3147 612 3220 αὐτῶν
635 3150 851 3238 ἐστηλιτεύθη
875 3153 1053 3234 πανταχοῦ.
1097 3154 1202 3218 ταῦτα
1222 3157 1292 3236 μέν,
1316 3149 1363 3232 ὡς
1383 3149 1461 3240 ἠδυ-

239 3253 361 3339 νήθην,
391 3249 686 3338 ἀπομνημονεύσας
712 3252 754 3318 τά
780 3251 815 3318 ἐν
842 3255 881 3337 τῇ
905 3250 1032 3338 συνόδῳ
1053 3251 1130 3321 τότε
1150 3259 1345 3340 πραχθέντα
1368 3252 1462 3342 δεδύ-

156 3354 345 3420 mamma·
381 3349 456 3419 οῖδα
485 3354 521 3418 δὲ
550 3347 602 3416 ότι
628 3353 695 3416 τῶν
720 3351 947 3436 χριστομάχιυν
976 3353 1009 3420 ολ
1037 3356 1204 3443 φιλέριδες
1230 3348 1308 3422 ούδέ
1335 3355 1460 3423 τούτων

242 3446 437 3530 ἀκούσαντες
457 3450 728 3536 μεταβάλλεσθαι
749 3450 960 3537 θελήσουσιν,
984 3449 1067 3522 ἀλλὰ
1088 3457 1371 3544 περιδραμοῦνται
1392 3457 1460 3526 πά·

240 3553 293 3618 λιν
321 3551 433 3638 ἑτέρας
463 3553 632 3639 ζητοῦντες
659 3551 862 3639 προφάσεις,
891 3558 944 3623 καὶ
972 3557 1057 3641 μετὰ
1077 3557 1199 3638 ταύτας
1220 3557 1323 3626 πάλιν
1346 3559 1459 3647 ἑτέρας

240 3651 464 3742 ἐπινοήσουσι.
509 3651 592 3719 κατὰ
612 3651 673 3738 γάρ
695 3652 739 3736 τόΙ
756 3656 977 3746 προφητικόν·
1007 3659 1037 3725 εί
1058 3653 1233 3740 ἀλλάξεται
1254 3661 1398 3747 Αἰθίοψ
1419 3660 1458 3727 τὸ

138 3840 142 3848 Ι
240 3755 343 3841 δέρμα
365 3749 475 3835 αύτοῦ,
498 3753 553 3822 καὶ
574 3753 740 3840 πάρδαλις
761 3754 803 3822 τά
825 3761 1028 3844 ποικίλματα
1049 3759 1188 3849 αύτῆς’),
1211 3759 1266 3828 καὶ
1288 3757 1382 3828 αὐτοὶ
1397 3767 1459 3830 θε-

238 3857 394 3945 λήσουσιν
417 3852 559 3941 εὐσεβῶς
581 3867 716 3944 φρονεῖν
737 3859 966 3948 μεμαθηκότες
988 3855 1128 3946 ἀσεβεῖν.
1162 3861 1201 3928 σὺ
1215 3867 1275 3946 μέν
1290 3885 1353 3944 τοι,
1377 3858 1458 3948 ἀγα-

238 3965 338 4046 πητέ,
370 3956 545 4043 δεξάμενος
573 3958 683 4042 ἔντυχε
710 3959 793 4027 κατά
821 3960 956 4042 σαυτόν,
986 3961 1042 4028 καὶ
1063 3963 1094 4030 εί
1116 3962 1329 4046 δοκιμάσειας
1350 3965 1457 4042 καλῶς

239 4055 507 4147 έχειν,ἀνάγνιοθι
532 4061 587 4128 καὶ
614 4069 688 4139 τοϊς
712 4060 789 4127 τότε
815 4065 980 4148 παροῦσιν
1003 4057 1176 4152 ἀδελφοῖς,
1207 4064 1263 4131 ἵνα
1283 4067 1337 4132 καί
1361 4059 1457 4131 αύτού

236 4165 341 4229 ταῦτα
361 4160 529 4246 μαθόντες
549 4157 779 4242 ἀποδέξωνται
799 4164 859 4246 μέν
880 4166 938 4252 τῆς
960 4162 1099 4231 συνόδου
1120 4164 1179 4231 τὸν
1194 4165 1290 4252 ζῆλον
1304 4169 1362 4252 τῆς
1377 4161 1457 4252 ἀλη-

237 4269 335 4342 θείας
348 4262 403 4331 καί
424 4262 482 4350 τὴν
503 4265 561 4349 τῆς
583 4262 733 4342 διανοίας
754 4257 930 4350 ἀκρίβειαν,
954 4268 1137 4351 καταγνῶσι
1161 4266 1197 4332 δέ
1218 4268 1276 4354 τῆς
1298 4269 1364 4334 τιῦν
1384 4271 1458 4352 χ’ρι-

306 4489 329 4550 1)
348 4487 423 4542 Galat.
442 4487 467 4549 4,
485 4486 508 4540 6.
579 4485 604 4550 2)
623 4486 709 4540 lerem.
730 4487 769 4551 λθ,
787 4487 828 4542 2³.
