<?xml version="1.0" encoding="UTF-8"?>
<!DOCTYPE html PUBLIC "-//W3C//DTD XHTML 1.0 Transitional//EN"
    "http://www.w3.org/TR/xhtml1/DTD/xhtml1-transitional.dtd">
<html xmlns="http://www.w3.org/1999/xhtml" xml:lang="en" lang="en">
 <head>
  <title>
</title>
<meta http-equiv="Content-Type" content="text/html;charset=utf-8" />
  <meta name='ocr-system' content='tesseract 3.04.00' />
  <meta name='ocr-capabilities' content='ocr_page ocr_carea ocr_par ocr_line ocrx_word'/>
</head>
<body>
  <div class='ocr_page' id='page_1' title='image "./sanctiathanasii03athagoog_0123.png"; bbox 0 0 3176 5058; ppageno 0'>
   <div class='ocr_carea' id='block_1_1' title="bbox 405 273 1348 336">
    <p class='ocr_par' dir='ltr' id='par_1_1' title="bbox 405 273 1348 336">
     <span class='ocr_line' id='line_1_1' title="bbox 405 273 1348 336; baseline 0.002 -10"><span class='ocrx_word' id='word_1_1' title='bbox 405 283 551 328; x_wconf 76' lang='lat' dir='ltr'><strong>serendus</strong></span> <span class='ocrx_word' id='word_1_2' title='bbox 566 281 604 324; x_wconf 86' lang='lat' dir='ltr'><strong>ns</strong></span> <span class='ocrx_word' id='word_1_3' title='bbox 618 281 762 326; x_wconf 84' lang='lat' dir='ltr'><strong>oscearxs</strong></span> <span class='ocrx_word' id='word_1_4' title='bbox 777 281 924 326; x_wconf 74' lang='lat' dir='ltr'><strong>arciense</strong></span> <span class='ocrx_word' id='word_1_5' title='bbox 940 282 1061 328; x_wconf 86' lang='lat' dir='ltr'><strong>sxnoox.</strong></span> <span class='ocrx_word' id='word_1_6' title='bbox 1308 273 1348 336; x_wconf 83' lang='lat'><strong>&#39;15</strong></span> 
     </span>
    </p>
   </div>
   <div class='ocr_carea' id='block_1_2' title="bbox 96 431 1439 4360">
    <p class='ocr_par' dir='ltr' id='par_1_2' title="bbox 96 431 1439 4360">
     <span class='ocr_line' id='line_1_2' title="bbox 117 431 1437 515; baseline 0.002 -16"><span class='ocrx_word' id='word_1_7' title='bbox 117 435 268 499; x_wconf 77' lang='lat' dir='ltr'><strong>Salvatore</strong></span> <span class='ocrx_word' id='word_1_8' title='bbox 290 434 368 496; x_wconf 89' lang='lat' dir='ltr'><strong>diota</strong></span> <span class='ocrx_word' id='word_1_9' title='bbox 389 440 474 506; x_wconf 90' lang='lat' dir='ltr'><strong>sunt,</strong></span> <span class='ocrx_word' id='word_1_10' title='bbox 488 431 643 508; x_wconf 73' lang='lat' dir='ltr'><strong>ediderit,</strong></span> <span class='ocrx_word' id='word_1_11' title='bbox 671 431 722 512; x_wconf 90' lang='lat' dir='ltr'><strong>qui</strong></span> <span class='ocrx_word' id='word_1_12' title='bbox 750 433 820 494; x_wconf 88' lang='lat' dir='ltr'><strong>item</strong></span> <span class='ocrx_word' id='word_1_13' title='bbox 841 433 939 496; x_wconf 83' lang='lat' dir='ltr'><strong>Patris</strong></span> <span class='ocrx_word' id='word_1_14' title='bbox 968 445 1036 496; x_wconf 90' lang='lat' dir='ltr'><strong>ante</strong></span> <span class='ocrx_word' id='word_1_15' title='bbox 1060 433 1214 515; x_wconf 81' lang='lat' dir='ltr'><strong>Synodum</strong></span> <span class='ocrx_word' id='word_1_16' title='bbox 1243 435 1437 502; x_wconf 67' lang='lat' dir='ltr'><strong>beremae«.</strong></span> 
     </span>
     <span class='ocr_line' id='line_1_3' title="bbox 115 527 1351 617; baseline -0.002 -15"><span class='ocrx_word' id='word_1_17' title='bbox 115 539 162 602; x_wconf 85' lang='lat' dir='ltr'><strong>uei</strong></span> <span class='ocrx_word' id='word_1_18' title='bbox 183 538 314 612; x_wconf 83' lang='lat' dir='ltr'><strong>lucrint;</strong></span> <span class='ocrx_word' id='word_1_19' title='bbox 336 535 396 616; x_wconf 89' lang='lat' dir='ltr'><strong>ipsi</strong></span> <span class='ocrx_word' id='word_1_20' title='bbox 419 544 528 609; x_wconf 89' lang='lat' dir='ltr'><strong>autem,</strong></span> <span class='ocrx_word' id='word_1_21' title='bbox 551 534 577 596; x_wconf 89' lang='lat' dir='ltr'><strong>si</strong></span> <span class='ocrx_word' id='word_1_22' title='bbox 598 533 700 614; x_wconf 86' lang='lat' dir='ltr'><strong>utique</strong></span> <span class='ocrx_word' id='word_1_23' title='bbox 721 535 850 614; x_wconf 82' lang='lat' dir='ltr'><strong>possint,</strong></span> <span class='ocrx_word' id='word_1_24' title='bbox 872 537 1084 616; x_wconf 74' lang='lat' dir='ltr'><strong>respondeant,</strong></span> <span class='ocrx_word' id='word_1_25' title='bbox 1107 557 1237 617; x_wconf 90' lang='lat' dir='ltr'><strong>quonam</strong></span> <span class='ocrx_word' id='word_1_26' title='bbox 1260 527 1351 602; x_wconf 70' lang='lat' dir='ltr'><strong>mo&#39;do</strong></span> 
     </span>
     <span class='ocr_line' id='line_1_4' title="bbox 113 634 1353 718; baseline 0 -16"><span class='ocrx_word' id='word_1_27' title='bbox 113 640 172 703; x_wconf 90' lang='lat' dir='ltr'><strong>boc</strong></span> <span class='ocrx_word' id='word_1_28' title='bbox 192 637 388 710; x_wconf 79' lang='lat' dir='ltr'><strong>vocabulum,</strong></span> <span class='ocrx_word' id='word_1_29' title='bbox 411 635 492 714; x_wconf 86' lang='lat' dir='ltr'><strong>qood</strong></span> <span class='ocrx_word' id='word_1_30' title='bbox 513 634 631 714; x_wconf 86' lang='lat' dir='ltr'><strong>quidem</strong></span> <span class='ocrx_word' id='word_1_31' title='bbox 653 635 685 698; x_wconf 92' lang='lat' dir='ltr'><strong>in</strong></span> <span class='ocrx_word' id='word_1_32' title='bbox 707 636 854 714; x_wconf 84' lang='lat' dir='ltr'><strong>Scriptura</strong></span> <span class='ocrx_word' id='word_1_33' title='bbox 876 655 938 698; x_wconf 92' lang='lat' dir='ltr'><strong>nou</strong></span> <span class='ocrx_word' id='word_1_34' title='bbox 960 647 1072 711; x_wconf 85' lang='lat' dir='ltr'><strong>exstat,</strong></span> <span class='ocrx_word' id='word_1_35' title='bbox 1101 639 1282 718; x_wconf 71' lang='lat' dir='ltr'><strong>repererint,</strong></span> <span class='ocrx_word' id='word_1_36' title='bbox 1306 641 1353 702; x_wconf 85' lang='lat' dir='ltr'><strong>vel</strong></span> 
     </span>
     <span class='ocr_line' id='line_1_5' title="bbox 112 724 1349 822; baseline -0.004 -19"><span class='ocrx_word' id='word_1_37' title='bbox 112 761 172 822; x_wconf 89' lang='lat' dir='ltr'><strong>quo</strong></span> <span class='ocrx_word' id='word_1_38' title='bbox 196 757 293 802; x_wconf 88' lang='lat' dir='ltr'><strong>sensu</strong></span> <span class='ocrx_word' id='word_1_39' title='bbox 314 738 410 800; x_wconf 86' lang='lat' dir='ltr'><strong>Deum</strong></span> <span class='ocrx_word' id='word_1_40' title='bbox 433 738 634 798; x_wconf 86' lang='lat' dir='ltr'><strong>non-laetum</strong></span> <span class='ocrx_word' id='word_1_41' title='bbox 656 734 764 798; x_wconf 87' lang='lat' dir='ltr'><strong>dicant.</strong></span> <span class='ocrx_word' id='word_1_42' title='bbox 808 738 959 816; x_wconf 84' lang='lat' dir='ltr'><strong>Siquidem</strong></span> <span class='ocrx_word' id='word_1_43' title='bbox 989 740 1097 802; x_wconf 80' lang='lat' dir='ltr'><strong>inultae</strong></span> <span class='ocrx_word' id='word_1_44' title='bbox 1121 724 1189 804; x_wconf 86' lang='lat' dir='ltr'><strong>huic</strong></span> <span class='ocrx_word' id='word_1_45' title='bbox 1210 741 1275 803; x_wconf 84' lang='lat' dir='ltr'><strong>roci</strong></span> <span class='ocrx_word' id='word_1_46' title='bbox 1299 741 1349 804; x_wconf 64' lang='lat' dir='ltr'><strong>in-</strong></span> 
     </span>
     <span class='ocr_line' id='line_1_6' title="bbox 115 836 1348 922; baseline 0.002 -18"><span class='ocrx_word' id='word_1_47' title='bbox 115 861 185 904; x_wconf 88' lang='lat' dir='ltr'><strong>esse</strong></span> <span class='ocrx_word' id='word_1_48' title='bbox 209 837 444 918; x_wconf 78' lang='lat' dir='ltr'><strong>significationes</strong></span> <span class='ocrx_word' id='word_1_49' title='bbox 466 836 574 899; x_wconf 79' lang='lat' dir='ltr'><strong>audiri.</strong></span> <span class='ocrx_word' id='word_1_50' title='bbox 618 837 709 898; x_wconf 78' lang='lat' dir='ltr'><strong>Aiunt</strong></span> <span class='ocrx_word' id='word_1_51' title='bbox 730 837 808 898; x_wconf 91' lang='lat' dir='ltr'><strong>enim</strong></span> <span class='ocrx_word' id='word_1_52' title='bbox 829 841 1017 902; x_wconf 85' lang='lat' dir='ltr'><strong>non-iactum</strong></span> <span class='ocrx_word' id='word_1_53' title='bbox 1031 842 1097 914; x_wconf 86' lang='lat' dir='ltr'><strong>dici,</strong></span> <span class='ocrx_word' id='word_1_54' title='bbox 1120 845 1198 922; x_wconf 85' lang='lat' dir='ltr'><strong>quod</strong></span> <span class='ocrx_word' id='word_1_55' title='bbox 1213 843 1348 906; x_wconf 86' lang='lat' dir='ltr'><strong>nondum</strong></span> 
     </span>
     <span class='ocr_line' id='line_1_7' title="bbox 117 937 1348 1026; baseline 0.004 -22"><span class='ocrx_word' id='word_1_56' title='bbox 117 944 228 1004; x_wconf 86' lang='lat' dir='ltr'><strong>lactum</strong></span> <span class='ocrx_word' id='word_1_57' title='bbox 251 949 309 1012; x_wconf 89' lang='lat' dir='ltr'><strong>est,</strong></span> <span class='ocrx_word' id='word_1_58' title='bbox 331 947 432 1018; x_wconf 91' lang='lat' dir='ltr'><strong>potest</strong></span> <span class='ocrx_word' id='word_1_59' title='bbox 454 947 551 1000; x_wconf 89' lang='lat' dir='ltr'><strong>tamen</strong></span> <span class='ocrx_word' id='word_1_60' title='bbox 573 937 657 1011; x_wconf 76' lang='lat' dir='ltr'><strong>licri3</strong></span> <span class='ocrx_word' id='word_1_61' title='bbox 679 937 761 1012; x_wconf 88' lang='lat' dir='ltr'><strong>item,</strong></span> <span class='ocrx_word' id='word_1_62' title='bbox 783 938 861 1016; x_wconf 91' lang='lat' dir='ltr'><strong>quod</strong></span> <span class='ocrx_word' id='word_1_63' title='bbox 883 957 941 1000; x_wconf 91' lang='lat' dir='ltr'><strong>nec</strong></span> <span class='ocrx_word' id='word_1_64' title='bbox 958 941 1067 1016; x_wconf 77' lang='lat' dir='ltr'><strong>existit,</strong></span> <span class='ocrx_word' id='word_1_65' title='bbox 1088 961 1142 1006; x_wconf 90' lang='lat' dir='ltr'><strong>nec</strong></span> <span class='ocrx_word' id='word_1_66' title='bbox 1162 943 1226 1006; x_wconf 86' lang='lat' dir='ltr'><strong>lieri</strong></span> <span class='ocrx_word' id='word_1_67' title='bbox 1247 954 1348 1026; x_wconf 85' lang='lat' dir='ltr'><strong>potest</strong></span> 
     </span>
     <span class='ocr_line' id='line_1_8' title="bbox 119 1037 1347 1127; baseline -0.003 -25"><span class='ocrx_word' id='word_1_68' title='bbox 119 1051 153 1106; x_wconf 87' lang='lat' dir='ltr'><strong>ut</strong></span> <span class='ocrx_word' id='word_1_69' title='bbox 174 1040 230 1102; x_wconf 86' lang='lat' dir='ltr'><strong>sit:</strong></span> <span class='ocrx_word' id='word_1_70' title='bbox 255 1041 353 1112; x_wconf 89' lang='lat' dir='ltr'><strong>tertio,</strong></span> <span class='ocrx_word' id='word_1_71' title='bbox 376 1041 456 1119; x_wconf 81' lang='lat' dir='ltr'><strong>quod</strong></span> <span class='ocrx_word' id='word_1_72' title='bbox 479 1039 579 1101; x_wconf 81' lang='lat' dir='ltr'><strong>existit</strong></span> <span class='ocrx_word' id='word_1_73' title='bbox 600 1037 731 1118; x_wconf 86' lang='lat' dir='ltr'><strong>quidem,</strong></span> <span class='ocrx_word' id='word_1_74' title='bbox 753 1057 809 1100; x_wconf 90' lang='lat' dir='ltr'><strong>nec</strong></span> <span class='ocrx_word' id='word_1_75' title='bbox 827 1047 925 1100; x_wconf 90' lang='lat' dir='ltr'><strong>tamen</strong></span> <span class='ocrx_word' id='word_1_76' title='bbox 941 1049 987 1102; x_wconf 90' lang='lat' dir='ltr'><strong>est</strong></span> <span class='ocrx_word' id='word_1_77' title='bbox 1008 1043 1125 1116; x_wconf 91' lang='lat' dir='ltr'><strong>lactum,</strong></span> <span class='ocrx_word' id='word_1_78' title='bbox 1147 1063 1241 1124; x_wconf 88' lang='lat' dir='ltr'><strong>neque</strong></span> <span class='ocrx_word' id='word_1_79' title='bbox 1261 1048 1347 1127; x_wconf 68' lang='lat' dir='ltr'><strong>prin.</strong></span> 
     </span>
     <span class='ocr_line' id='line_1_9' title="bbox 120 1141 1348 1223; baseline 0.002 -17"><span class='ocrx_word' id='word_1_80' title='bbox 120 1143 230 1223; x_wconf 86' lang='lat' dir='ltr'><strong>cipium</strong></span> <span class='ocrx_word' id='word_1_81' title='bbox 253 1141 356 1204; x_wconf 89' lang='lat' dir='ltr'><strong>babuit</strong></span> <span class='ocrx_word' id='word_1_82' title='bbox 377 1150 411 1203; x_wconf 90' lang='lat' dir='ltr'><strong>ut</strong></span> <span class='ocrx_word' id='word_1_83' title='bbox 432 1149 520 1213; x_wconf 86' lang='lat' dir='ltr'><strong>esset,</strong></span> <span class='ocrx_word' id='word_1_84' title='bbox 544 1141 597 1202; x_wconf 89' lang='lat' dir='ltr'><strong>sed</strong></span> <span class='ocrx_word' id='word_1_85' title='bbox 620 1141 699 1220; x_wconf 86' lang='lat' dir='ltr'><strong>quod</strong></span> <span class='ocrx_word' id='word_1_86' title='bbox 723 1149 877 1203; x_wconf 88' lang='lat' dir='ltr'><strong>aeternum</strong></span> <span class='ocrx_word' id='word_1_87' title='bbox 901 1149 931 1204; x_wconf 91' lang='lat' dir='ltr'><strong>et</strong></span> <span class='ocrx_word' id='word_1_88' title='bbox 952 1141 1155 1222; x_wconf 88' lang='lat' dir='ltr'><strong>incorruptum</strong></span> <span class='ocrx_word' id='word_1_89' title='bbox 1177 1153 1232 1206; x_wconf 87' lang='lat' dir='ltr'><strong>est.</strong></span> <span class='ocrx_word' id='word_1_90' title='bbox 1273 1148 1348 1208; x_wconf 86' lang='lat' dir='ltr'><strong>For-</strong></span> 
     </span>
     <span class='ocr_line' id='line_1_10' title="bbox 121 1242 1351 1324; baseline 0.002 -17"><span class='ocrx_word' id='word_1_91' title='bbox 121 1244 213 1307; x_wconf 89' lang='lat' dir='ltr'><strong>tassis</strong></span> <span class='ocrx_word' id='word_1_92' title='bbox 235 1243 353 1323; x_wconf 86' lang='lat' dir='ltr'><strong>quidem</strong></span> <span class='ocrx_word' id='word_1_93' title='bbox 376 1243 491 1323; x_wconf 81' lang='lat' dir='ltr'><strong>priores</strong></span> <span class='ocrx_word' id='word_1_94' title='bbox 513 1242 586 1306; x_wconf 90' lang='lat' dir='ltr'><strong>duas</strong></span> <span class='ocrx_word' id='word_1_95' title='bbox 608 1242 841 1322; x_wconf 81' lang='lat' dir='ltr'><strong>significationes</strong></span> <span class='ocrx_word' id='word_1_96' title='bbox 863 1243 1041 1316; x_wconf 88' lang='lat' dir='ltr'><strong>reiecerint,</strong></span> <span class='ocrx_word' id='word_1_97' title='bbox 1071 1243 1109 1306; x_wconf 92' lang='lat' dir='ltr'><strong>ob</strong></span> <span class='ocrx_word' id='word_1_98' title='bbox 1132 1263 1166 1306; x_wconf 87' lang='lat' dir='ltr'><strong>ea</strong></span> <span class='ocrx_word' id='word_1_99' title='bbox 1188 1264 1262 1324; x_wconf 87' lang='lat' dir='ltr'><strong>qnae</strong></span> <span class='ocrx_word' id='word_1_100' title='bbox 1284 1247 1351 1310; x_wconf 88' lang='lat' dir='ltr'><strong>inde</strong></span> 
     </span>
     <span class='ocr_line' id='line_1_11' title="bbox 122 1343 1353 1428; baseline 0.002 -21"><span class='ocrx_word' id='word_1_101' title='bbox 122 1343 299 1428; x_wconf 82' lang='lat' dir='ltr'><strong>proueniunt</strong></span> <span class='ocrx_word' id='word_1_102' title='bbox 320 1343 456 1406; x_wconf 88' lang='lat' dir='ltr'><strong>absurda.</strong></span> <span class='ocrx_word' id='word_1_103' title='bbox 500 1343 532 1406; x_wconf 91' lang='lat' dir='ltr'><strong>Si</strong></span> <span class='ocrx_word' id='word_1_104' title='bbox 554 1344 633 1406; x_wconf 91' lang='lat' dir='ltr'><strong>enim</strong></span> <span class='ocrx_word' id='word_1_105' title='bbox 655 1343 752 1422; x_wconf 90' lang='lat' dir='ltr'><strong>prima</strong></span> <span class='ocrx_word' id='word_1_106' title='bbox 775 1345 946 1408; x_wconf 85' lang='lat' dir='ltr'><strong>admittatur</strong></span> <span class='ocrx_word' id='word_1_107' title='bbox 969 1345 1156 1425; x_wconf 81' lang='lat' dir='ltr'><strong>significatio,</strong></span> <span class='ocrx_word' id='word_1_108' title='bbox 1179 1353 1259 1408; x_wconf 87' lang='lat' dir='ltr'><strong>certe</strong></span> <span class='ocrx_word' id='word_1_109' title='bbox 1280 1365 1353 1425; x_wconf 86' lang='lat' dir='ltr'><strong>quae</strong></span> 
     </span>
     <span class='ocr_line' id='line_1_12' title="bbox 124 1444 1354 1524; baseline 0 -14"><span class='ocrx_word' id='word_1_110' title='bbox 124 1448 181 1510; x_wconf 78' lang='lat' dir='ltr'><strong>bm</strong></span> <span class='ocrx_word' id='word_1_111' title='bbox 203 1449 277 1508; x_wconf 82' lang='lat' dir='ltr'><strong>iacta</strong></span> <span class='ocrx_word' id='word_1_112' title='bbox 299 1453 381 1518; x_wconf 90' lang='lat' dir='ltr'><strong>sunt,</strong></span> <span class='ocrx_word' id='word_1_113' title='bbox 413 1455 441 1507; x_wconf 91' lang='lat' dir='ltr'><strong>et</strong></span> <span class='ocrx_word' id='word_1_114' title='bbox 463 1464 538 1524; x_wconf 88' lang='lat' dir='ltr'><strong>quae</strong></span> <span class='ocrx_word' id='word_1_115' title='bbox 558 1445 624 1507; x_wconf 86' lang='lat' dir='ltr'><strong>tieri</strong></span> <span class='ocrx_word' id='word_1_116' title='bbox 647 1444 772 1518; x_wconf 88' lang='lat' dir='ltr'><strong>debent,</strong></span> <span class='ocrx_word' id='word_1_117' title='bbox 802 1447 973 1508; x_wconf 84' lang='lat' dir='ltr'><strong>non-sacta</strong></span> <span class='ocrx_word' id='word_1_118' title='bbox 996 1453 1084 1508; x_wconf 78' lang='lat' dir='ltr'><strong>munt</strong></span> <span class='ocrx_word' id='word_1_119' title='bbox 1104 1446 1238 1510; x_wconf 90' lang='lat' dir='ltr'><strong>dicenda.</strong></span> <span class='ocrx_word' id='word_1_120' title='bbox 1281 1448 1354 1510; x_wconf 83' lang='lat' dir='ltr'><strong>Nam</strong></span> 
     </span>
     <span class='ocr_line' id='line_1_13' title="bbox 123 1545 1355 1628; baseline 0.001 -18"><span class='ocrx_word' id='word_1_121' title='bbox 123 1547 200 1628; x_wconf 85' lang='lat' dir='ltr'><strong>quod</strong></span> <span class='ocrx_word' id='word_1_122' title='bbox 222 1548 258 1609; x_wconf 90' lang='lat' dir='ltr'><strong>ad</strong></span> <span class='ocrx_word' id='word_1_123' title='bbox 280 1546 439 1609; x_wconf 86' lang='lat' dir='ltr'><strong>secundam</strong></span> <span class='ocrx_word' id='word_1_124' title='bbox 461 1546 576 1620; x_wconf 82' lang='lat' dir='ltr'><strong>attinet,</strong></span> <span class='ocrx_word' id='word_1_125' title='bbox 601 1565 635 1607; x_wconf 91' lang='lat' dir='ltr'><strong>ea</strong></span> <span class='ocrx_word' id='word_1_126' title='bbox 656 1545 759 1626; x_wconf 86' lang='lat' dir='ltr'><strong>utique</strong></span> <span class='ocrx_word' id='word_1_127' title='bbox 782 1547 875 1626; x_wconf 88' lang='lat' dir='ltr'><strong>magis</strong></span> <span class='ocrx_word' id='word_1_128' title='bbox 897 1547 994 1609; x_wconf 88' lang='lat' dir='ltr'><strong>adhuc</strong></span> <span class='ocrx_word' id='word_1_129' title='bbox 1009 1547 1065 1609; x_wconf 89' lang='lat' dir='ltr'><strong>erit</strong></span> <span class='ocrx_word' id='word_1_130' title='bbox 1079 1547 1217 1610; x_wconf 86' lang='lat' dir='ltr'><strong>absurda.</strong></span> <span class='ocrx_word' id='word_1_131' title='bbox 1251 1549 1355 1612; x_wconf 80' lang='lat' dir='ltr'><strong>Restat</strong></span> 
     </span>
     <span class='ocr_line' id='line_1_14' title="bbox 119 1647 1353 1732; baseline 0.001 -19"><span class='ocrx_word' id='word_1_132' title='bbox 119 1651 218 1732; x_wconf 87' lang='lat' dir='ltr'><strong>igitur,</strong></span> <span class='ocrx_word' id='word_1_133' title='bbox 238 1658 272 1712; x_wconf 92' lang='lat' dir='ltr'><strong>ut</strong></span> <span class='ocrx_word' id='word_1_134' title='bbox 292 1649 409 1710; x_wconf 88' lang='lat' dir='ltr'><strong>tertiam</strong></span> <span class='ocrx_word' id='word_1_135' title='bbox 432 1647 646 1728; x_wconf 81' lang='lat' dir='ltr'><strong>amplectentur</strong></span> <span class='ocrx_word' id='word_1_136' title='bbox 668 1657 754 1727; x_wconf 90' lang='lat' dir='ltr'><strong>atque</strong></span> <span class='ocrx_word' id='word_1_137' title='bbox 776 1667 812 1709; x_wconf 89' lang='lat' dir='ltr'><strong>eo</strong></span> <span class='ocrx_word' id='word_1_138' title='bbox 835 1667 927 1710; x_wconf 87' lang='lat' dir='ltr'><strong>sensu</strong></span> <span class='ocrx_word' id='word_1_139' title='bbox 947 1648 1024 1710; x_wconf 91' lang='lat' dir='ltr'><strong>banc</strong></span> <span class='ocrx_word' id='word_1_140' title='bbox 1038 1667 1140 1710; x_wconf 85' lang='lat' dir='ltr'><strong>vocem</strong></span> <span class='ocrx_word' id='word_1_141' title='bbox 1156 1653 1353 1729; x_wconf 71' lang='lat' dir='ltr'><strong>non-somena</strong></span> 
     </span>
     <span class='ocr_line' id='line_1_15' title="bbox 118 1749 1349 1831; baseline 0 -17"><span class='ocrx_word' id='word_1_142' title='bbox 118 1751 292 1831; x_wconf 77' lang='lat' dir='ltr'><strong>intelligant</strong></span> <span class='ocrx_word' id='word_1_143' title='bbox 337 1750 446 1811; x_wconf 85' lang='lat' dir='ltr'><strong>Verum</strong></span> <span class='ocrx_word' id='word_1_144' title='bbox 469 1749 586 1811; x_wconf 85' lang='lat' dir='ltr'><strong>etiamsi</strong></span> <span class='ocrx_word' id='word_1_145' title='bbox 609 1749 639 1810; x_wconf 91' lang='lat' dir='ltr'><strong>id</strong></span> <span class='ocrx_word' id='word_1_146' title='bbox 654 1749 791 1823; x_wconf 79' lang='lat' dir='ltr'><strong>dixerint,</strong></span> <span class='ocrx_word' id='word_1_147' title='bbox 814 1749 1008 1812; x_wconf 85' lang='lat' dir='ltr'><strong>nibilominus</strong></span> <span class='ocrx_word' id='word_1_148' title='bbox 1030 1750 1111 1830; x_wconf 90' lang='lat' dir='ltr'><strong>impii</strong></span> <span class='ocrx_word' id='word_1_149' title='bbox 1127 1751 1253 1814; x_wconf 85' lang='lat' dir='ltr'><strong>habendi</strong></span> <span class='ocrx_word' id='word_1_150' title='bbox 1269 1760 1349 1814; x_wconf 84' lang='lat' dir='ltr'><strong>aunt</strong></span> 
     </span>
     <span class='ocr_line' id='line_1_16' title="bbox 119 1849 1348 1931; baseline 0 -17"><span class='ocrx_word' id='word_1_151' title='bbox 119 1853 151 1915; x_wconf 89' lang='lat' dir='ltr'><strong>Si</strong></span> <span class='ocrx_word' id='word_1_152' title='bbox 174 1851 255 1914; x_wconf 88' lang='lat' dir='ltr'><strong>enim</strong></span> <span class='ocrx_word' id='word_1_153' title='bbox 277 1851 355 1931; x_wconf 87' lang='lat' dir='ltr'><strong>quod</strong></span> <span class='ocrx_word' id='word_1_154' title='bbox 378 1851 491 1912; x_wconf 90' lang='lat' dir='ltr'><strong>nullum</strong></span> <span class='ocrx_word' id='word_1_155' title='bbox 513 1849 603 1912; x_wconf 87' lang='lat' dir='ltr'><strong>babet</strong></span> <span class='ocrx_word' id='word_1_156' title='bbox 624 1849 815 1929; x_wconf 88' lang='lat' dir='ltr'><strong>principium,</strong></span> <span class='ocrx_word' id='word_1_157' title='bbox 848 1870 884 1912; x_wconf 90' lang='lat' dir='ltr'><strong>ex</strong></span> <span class='ocrx_word' id='word_1_158' title='bbox 906 1870 964 1929; x_wconf 88' lang='lat' dir='ltr'><strong>quo</strong></span> <span class='ocrx_word' id='word_1_159' title='bbox 987 1851 1043 1925; x_wconf 86' lang='lat' dir='ltr'><strong>sit,</strong></span> <span class='ocrx_word' id='word_1_160' title='bbox 1065 1851 1204 1931; x_wconf 83' lang='lat' dir='ltr'><strong>quodque</strong></span> <span class='ocrx_word' id='word_1_161' title='bbox 1227 1871 1282 1914; x_wconf 90' lang='lat' dir='ltr'><strong>neo</strong></span> <span class='ocrx_word' id='word_1_162' title='bbox 1302 1854 1348 1916; x_wconf 82' lang='lat' dir='ltr'><strong>la·</strong></span> 
     </span>
     <span class='ocr_line' id='line_1_17' title="bbox 120 1952 1349 2032; baseline -0.005 -16"><span class='ocrx_word' id='word_1_163' title='bbox 120 1963 202 2016; x_wconf 74' lang='lat' dir='ltr'><strong>muro</strong></span> <span class='ocrx_word' id='word_1_164' title='bbox 223 1952 269 2014; x_wconf 87' lang='lat' dir='ltr'><strong>vel</strong></span> <span class='ocrx_word' id='word_1_165' title='bbox 290 1960 429 2025; x_wconf 78' lang='lat' dir='ltr'><strong>cacabum,</strong></span> <span class='ocrx_word' id='word_1_166' title='bbox 453 1953 507 2014; x_wconf 88' lang='lat' dir='ltr'><strong>sed</strong></span> <span class='ocrx_word' id='word_1_167' title='bbox 530 1960 683 2014; x_wconf 88' lang='lat' dir='ltr'><strong>aeternum</strong></span> <span class='ocrx_word' id='word_1_168' title='bbox 705 1959 760 2026; x_wconf 88' lang='lat' dir='ltr'><strong>cst,</strong></span> <span class='ocrx_word' id='word_1_169' title='bbox 782 1952 813 2013; x_wconf 92' lang='lat' dir='ltr'><strong>id</strong></span> <span class='ocrx_word' id='word_1_170' title='bbox 835 1953 1023 2014; x_wconf 87' lang='lat' dir='ltr'><strong>non-lactum</strong></span> <span class='ocrx_word' id='word_1_171' title='bbox 1043 1952 1201 2032; x_wconf 86' lang='lat' dir='ltr'><strong>appellent,</strong></span> <span class='ocrx_word' id='word_1_172' title='bbox 1224 1961 1349 2016; x_wconf 69' lang='lat' dir='ltr'><strong>conten.</strong></span> 
     </span>
     <span class='ocr_line' id='line_1_18' title="bbox 119 2052 1350 2134; baseline -0.005 -14"><span class='ocrx_word' id='word_1_173' title='bbox 119 2057 251 2134; x_wconf 84' lang='lat' dir='ltr'><strong>dantque</strong></span> <span class='ocrx_word' id='word_1_174' title='bbox 271 2055 324 2118; x_wconf 81' lang='lat' dir='ltr'><strong>bei</strong></span> <span class='ocrx_word' id='word_1_175' title='bbox 347 2054 475 2116; x_wconf 84' lang='lat' dir='ltr'><strong>Verbum</strong></span> <span class='ocrx_word' id='word_1_176' title='bbox 498 2053 649 2116; x_wconf 86' lang='lat' dir='ltr'><strong>contrario</strong></span> <span class='ocrx_word' id='word_1_177' title='bbox 672 2072 705 2116; x_wconf 91' lang='lat' dir='ltr'><strong>se</strong></span> <span class='ocrx_word' id='word_1_178' title='bbox 727 2052 836 2115; x_wconf 87' lang='lat' dir='ltr'><strong>babere</strong></span> <span class='ocrx_word' id='word_1_179' title='bbox 858 2054 969 2126; x_wconf 88' lang='lat' dir='ltr'><strong>modo,</strong></span> <span class='ocrx_word' id='word_1_180' title='bbox 992 2053 1040 2114; x_wconf 93' lang='lat' dir='ltr'><strong>cui</strong></span> <span class='ocrx_word' id='word_1_181' title='bbox 1062 2071 1173 2132; x_wconf 87' lang='lat' dir='ltr'><strong>quaeso</strong></span> <span class='ocrx_word' id='word_1_182' title='bbox 1196 2071 1257 2116; x_wconf 92' lang='lat' dir='ltr'><strong>nou</strong></span> <span class='ocrx_word' id='word_1_183' title='bbox 1279 2073 1350 2134; x_wconf 87' lang='lat' dir='ltr'><strong>per·</strong></span> 
     </span>
     <span class='ocr_line' id='line_1_19' title="bbox 118 2153 1351 2238; baseline -0.002 -20"><span class='ocrx_word' id='word_1_184' title='bbox 118 2157 223 2238; x_wconf 85' lang='lat' dir='ltr'><strong>spicue</strong></span> <span class='ocrx_word' id='word_1_185' title='bbox 247 2165 294 2219; x_wconf 84' lang='lat' dir='ltr'><strong>est</strong></span> <span class='ocrx_word' id='word_1_186' title='bbox 315 2157 476 2236; x_wconf 87' lang='lat' dir='ltr'><strong>impiorum</strong></span> <span class='ocrx_word' id='word_1_187' title='bbox 498 2154 630 2218; x_wconf 80' lang='lat' dir='ltr'><strong>astutia?</strong></span> <span class='ocrx_word' id='word_1_188' title='bbox 674 2155 748 2228; x_wconf 80' lang='lat' dir='ltr'><strong>Quis</strong></span> <span class='ocrx_word' id='word_1_189' title='bbox 771 2153 839 2216; x_wconf 90' lang='lat' dir='ltr'><strong>illos</strong></span> <span class='ocrx_word' id='word_1_190' title='bbox 862 2155 902 2215; x_wconf 86' lang='lat' dir='ltr'><strong>ita</strong></span> <span class='ocrx_word' id='word_1_191' title='bbox 923 2154 1105 2216; x_wconf 83' lang='lat' dir='ltr'><strong>insanientes</strong></span> <span class='ocrx_word' id='word_1_192' title='bbox 1125 2153 1272 2234; x_wconf 82' lang='lat' dir='ltr'><strong>lapidibus</strong></span> <span class='ocrx_word' id='word_1_193' title='bbox 1290 2173 1351 2217; x_wconf 89' lang='lat' dir='ltr'><strong>nou</strong></span> 
     </span>
     <span class='ocr_line' id='line_1_20' title="bbox 115 2254 1439 2337; baseline -0.008 -17"><span class='ocrx_word' id='word_1_194' title='bbox 115 2256 250 2322; x_wconf 80' lang='lat' dir='ltr'><strong>obruat?</strong></span> <span class='ocrx_word' id='word_1_195' title='bbox 294 2259 367 2320; x_wconf 89' lang='lat' dir='ltr'><strong>Cum</strong></span> <span class='ocrx_word' id='word_1_196' title='bbox 391 2259 470 2320; x_wconf 89' lang='lat' dir='ltr'><strong>enim</strong></span> <span class='ocrx_word' id='word_1_197' title='bbox 491 2258 612 2337; x_wconf 87' lang='lat' dir='ltr'><strong>priores</strong></span> <span class='ocrx_word' id='word_1_198' title='bbox 636 2275 756 2318; x_wconf 84' lang='lat' dir='ltr'><strong>suarum</strong></span> <span class='ocrx_word' id='word_1_199' title='bbox 780 2254 944 2318; x_wconf 78' lang='lat' dir='ltr'><strong>tabularum</strong></span> <span class='ocrx_word' id='word_1_200' title='bbox 966 2255 1103 2328; x_wconf 80' lang='lat' dir='ltr'><strong>voculas,</strong></span> <span class='ocrx_word' id='word_1_201' title='bbox 1133 2263 1257 2334; x_wconf 92' lang='lat' dir='ltr'><strong>propter</strong></span> <span class='ocrx_word' id='word_1_202' title='bbox 1277 2269 1439 2334; x_wconf 80' lang='lat' dir='ltr'><strong>quaxnaas.</strong></span> 
     </span>
     <span class='ocr_line' id='line_1_21' title="bbox 114 2355 1355 2437; baseline -0.004 -16"><span class='ocrx_word' id='word_1_203' title='bbox 114 2360 227 2422; x_wconf 90' lang='lat' dir='ltr'><strong>merito</strong></span> <span class='ocrx_word' id='word_1_204' title='bbox 250 2369 322 2420; x_wconf 92' lang='lat' dir='ltr'><strong>sunt</strong></span> <span class='ocrx_word' id='word_1_205' title='bbox 343 2359 547 2432; x_wconf 89' lang='lat' dir='ltr'><strong>condemnati,</strong></span> <span class='ocrx_word' id='word_1_206' title='bbox 570 2359 629 2420; x_wconf 89' lang='lat' dir='ltr'><strong>iam</strong></span> <span class='ocrx_word' id='word_1_207' title='bbox 650 2359 788 2437; x_wconf 84' lang='lat' dir='ltr'><strong>prolerre</strong></span> <span class='ocrx_word' id='word_1_208' title='bbox 811 2355 1003 2426; x_wconf 87' lang='lat' dir='ltr'><strong>erubescant,</strong></span> <span class='ocrx_word' id='word_1_209' title='bbox 1027 2355 1147 2416; x_wconf 89' lang='lat' dir='ltr'><strong>easdem</strong></span> <span class='ocrx_word' id='word_1_210' title='bbox 1169 2372 1276 2415; x_wconf 83' lang='lat' dir='ltr'><strong>rursus</strong></span> <span class='ocrx_word' id='word_1_211' title='bbox 1298 2355 1355 2416; x_wconf 84' lang='lat' dir='ltr'><strong>alio</strong></span> 
     </span>
     <span class='ocr_line' id='line_1_22' title="bbox 118 2453 1357 2540; baseline -0.003 -18"><span class='ocrx_word' id='word_1_212' title='bbox 118 2461 215 2522; x_wconf 90' lang='lat' dir='ltr'><strong>modo</strong></span> <span class='ocrx_word' id='word_1_213' title='bbox 247 2459 369 2522; x_wconf 91' lang='lat' dir='ltr'><strong>nomine</strong></span> <span class='ocrx_word' id='word_1_214' title='bbox 390 2459 566 2533; x_wconf 88' lang='lat' dir='ltr'><strong>non-lacti,</strong></span> <span class='ocrx_word' id='word_1_215' title='bbox 595 2467 628 2521; x_wconf 91' lang='lat' dir='ltr'><strong>ut</strong></span> <span class='ocrx_word' id='word_1_216' title='bbox 650 2458 708 2540; x_wconf 86' lang='lat' dir='ltr'><strong>ipsi</strong></span> <span class='ocrx_word' id='word_1_217' title='bbox 730 2458 908 2537; x_wconf 82' lang='lat' dir='ltr'><strong>loquuntur,</strong></span> <span class='ocrx_word' id='word_1_218' title='bbox 941 2453 1106 2534; x_wconf 89' lang='lat' dir='ltr'><strong>excogitato</strong></span> <span class='ocrx_word' id='word_1_219' title='bbox 1129 2453 1265 2532; x_wconf 77' lang='lat' dir='ltr'><strong>ingerere</strong></span> <span class='ocrx_word' id='word_1_220' title='bbox 1287 2463 1357 2518; x_wconf 84' lang='lat' dir='ltr'><strong>aunt</strong></span> 
     </span>
     <span class='ocr_line' id='line_1_23' title="bbox 120 2557 1354 2638; baseline -0.002 -15"><span class='ocrx_word' id='word_1_221' title='bbox 120 2560 231 2623; x_wconf 89' lang='lat' dir='ltr'><strong>conati.</strong></span> <span class='ocrx_word' id='word_1_222' title='bbox 274 2559 349 2622; x_wconf 87' lang='lat' dir='ltr'><strong>Nam</strong></span> <span class='ocrx_word' id='word_1_223' title='bbox 371 2561 398 2622; x_wconf 92' lang='lat' dir='ltr'><strong>si</strong></span> <span class='ocrx_word' id='word_1_224' title='bbox 418 2559 511 2624; x_wconf 86' lang='lat' dir='ltr'><strong>Filius</strong></span> <span class='ocrx_word' id='word_1_225' title='bbox 532 2561 610 2624; x_wconf 91' lang='lat' dir='ltr'><strong>inter</strong></span> <span class='ocrx_word' id='word_1_226' title='bbox 630 2579 682 2622; x_wconf 90' lang='lat' dir='ltr'><strong>res</strong></span> <span class='ocrx_word' id='word_1_227' title='bbox 704 2561 796 2622; x_wconf 87' lang='lat' dir='ltr'><strong>iactas</strong></span> <span class='ocrx_word' id='word_1_228' title='bbox 820 2566 1009 2630; x_wconf 89' lang='lat' dir='ltr'><strong>numeretur,</strong></span> <span class='ocrx_word' id='word_1_229' title='bbox 1040 2563 1118 2618; x_wconf 90' lang='lat' dir='ltr'><strong>certe</strong></span> <span class='ocrx_word' id='word_1_230' title='bbox 1151 2557 1216 2636; x_wconf 85' lang='lat' dir='ltr'><strong>ipse</strong></span> <span class='ocrx_word' id='word_1_231' title='bbox 1238 2577 1354 2638; x_wconf 83' lang='lat' dir='ltr'><strong>quoque</strong></span> 
     </span>
     <span class='ocr_line' id='line_1_24' title="bbox 119 2659 1354 2742; baseline -0.002 -18"><span class='ocrx_word' id='word_1_232' title='bbox 119 2681 156 2724; x_wconf 83' lang='lat' dir='ltr'><strong>ex</strong></span> <span class='ocrx_word' id='word_1_233' title='bbox 179 2660 272 2724; x_wconf 91' lang='lat' dir='ltr'><strong>nibilo</strong></span> <span class='ocrx_word' id='word_1_234' title='bbox 296 2669 343 2724; x_wconf 87' lang='lat' dir='ltr'><strong>est</strong></span> <span class='ocrx_word' id='word_1_235' title='bbox 364 2663 474 2738; x_wconf 82' lang='lat' dir='ltr'><strong>iectus;</strong></span> <span class='ocrx_word' id='word_1_236' title='bbox 498 2664 524 2725; x_wconf 93' lang='lat' dir='ltr'><strong>si</strong></span> <span class='ocrx_word' id='word_1_237' title='bbox 547 2663 617 2726; x_wconf 91' lang='lat' dir='ltr'><strong>item</strong></span> <span class='ocrx_word' id='word_1_238' title='bbox 640 2661 818 2742; x_wconf 88' lang='lat' dir='ltr'><strong>principium</strong></span> <span class='ocrx_word' id='word_1_239' title='bbox 842 2659 986 2722; x_wconf 87' lang='lat' dir='ltr'><strong>existendi</strong></span> <span class='ocrx_word' id='word_1_240' title='bbox 1007 2659 1106 2734; x_wconf 89' lang='lat' dir='ltr'><strong>babet,</strong></span> <span class='ocrx_word' id='word_1_241' title='bbox 1130 2677 1202 2720; x_wconf 87' lang='lat' dir='ltr'><strong>sane</strong></span> <span class='ocrx_word' id='word_1_242' title='bbox 1217 2678 1275 2722; x_wconf 92' lang='lat' dir='ltr'><strong>non</strong></span> <span class='ocrx_word' id='word_1_243' title='bbox 1291 2669 1354 2722; x_wconf 89' lang='lat' dir='ltr'><strong>erat</strong></span> 
     </span>
     <span class='ocr_line' id='line_1_25' title="bbox 120 2759 1353 2844; baseline 0 -20"><span class='ocrx_word' id='word_1_244' title='bbox 120 2771 190 2824; x_wconf 89' lang='lat' dir='ltr'><strong>ante</strong></span> <span class='ocrx_word' id='word_1_245' title='bbox 211 2783 299 2843; x_wconf 88' lang='lat' dir='ltr'><strong>qnam</strong></span> <span class='ocrx_word' id='word_1_246' title='bbox 321 2765 436 2842; x_wconf 89' lang='lat' dir='ltr'><strong>genitus</strong></span> <span class='ocrx_word' id='word_1_247' title='bbox 460 2773 524 2838; x_wconf 65' lang='lat' dir='ltr'><strong>esta</strong></span> <span class='ocrx_word' id='word_1_248' title='bbox 552 2764 680 2844; x_wconf 90' lang='lat' dir='ltr'><strong>denique</strong></span> <span class='ocrx_word' id='word_1_249' title='bbox 708 2764 735 2826; x_wconf 89' lang='lat' dir='ltr'><strong>si</strong></span> <span class='ocrx_word' id='word_1_250' title='bbox 762 2771 901 2826; x_wconf 88' lang='lat' dir='ltr'><strong>aeternus</strong></span> <span class='ocrx_word' id='word_1_251' title='bbox 930 2780 991 2824; x_wconf 91' lang='lat' dir='ltr'><strong>non</strong></span> <span class='ocrx_word' id='word_1_252' title='bbox 1021 2769 1082 2835; x_wconf 86' lang='lat' dir='ltr'><strong>cst,</strong></span> <span class='ocrx_word' id='word_1_253' title='bbox 1116 2759 1171 2822; x_wconf 87' lang='lat' dir='ltr'><strong>luit</strong></span> <span class='ocrx_word' id='word_1_254' title='bbox 1198 2761 1353 2840; x_wconf 86' lang='lat' dir='ltr'><strong>aliquando</strong></span> 
     </span>
     <span class='ocr_line' id='line_1_26' title="bbox 124 2873 1267 2924; baseline 0.005 -1"><span class='ocrx_word' id='word_1_255' title='bbox 124 2880 194 2924; x_wconf 84' lang='lat' dir='ltr'><strong>cnm</strong></span> <span class='ocrx_word' id='word_1_256' title='bbox 213 2881 274 2923; x_wconf 94' lang='lat' dir='ltr'><strong>non</strong></span> <span class='ocrx_word' id='word_1_257' title='bbox 296 2873 387 2924; x_wconf 82' lang='lat' dir='ltr'><strong>esset</strong></span> <span class='ocrx_word' id='word_1_258' title='bbox 1264 2877 1267 2885; x_wconf 85' lang='lat'>&#39;</span> 
     </span>
     <span class='ocr_line' id='line_1_27' title="bbox 215 2961 1353 3044; baseline 0.004 -22"><span class='ocrx_word' id='word_1_259' title='bbox 215 2963 266 3024; x_wconf 74' lang='lat' dir='ltr'><strong>te.</strong></span> <span class='ocrx_word' id='word_1_260' title='bbox 311 2961 447 3024; x_wconf 83' lang='lat' dir='ltr'><strong>Proiecto</strong></span> <span class='ocrx_word' id='word_1_261' title='bbox 473 2963 542 3024; x_wconf 84' lang='lat' dir='ltr'><strong>ibes</strong></span> <span class='ocrx_word' id='word_1_262' title='bbox 564 2963 603 3024; x_wconf 88' lang='lat' dir='ltr'><strong>ita</strong></span> <span class='ocrx_word' id='word_1_263' title='bbox 625 2963 723 3024; x_wconf 88' lang='lat' dir='ltr'><strong>denuo</strong></span> <span class='ocrx_word' id='word_1_264' title='bbox 745 2965 909 3026; x_wconf 87' lang='lat' dir='ltr'><strong>sentientes</strong></span> <span class='ocrx_word' id='word_1_265' title='bbox 930 2983 1054 3044; x_wconf 88' lang='lat' dir='ltr'><strong>aequum</strong></span> <span class='ocrx_word' id='word_1_266' title='bbox 1077 2971 1140 3026; x_wconf 83' lang='lat' dir='ltr'><strong>eret</strong></span> <span class='ocrx_word' id='word_1_267' title='bbox 1161 2962 1266 3026; x_wconf 88' lang='lat' dir='ltr'><strong>iisdem</strong></span> <span class='ocrx_word' id='word_1_268' title='bbox 1290 2963 1353 3034; x_wconf 82' lang='lat' dir='ltr'><strong>suis</strong></span> 
     </span>
     <span class='ocr_line' id='line_1_28' title="bbox 125 3058 1353 3146; baseline 0.003 -24"><span class='ocrx_word' id='word_1_269' title='bbox 125 3058 229 3123; x_wconf 81' lang='lat' dir='ltr'><strong>verbis</strong></span> <span class='ocrx_word' id='word_1_270' title='bbox 255 3060 408 3140; x_wconf 85' lang='lat' dir='ltr'><strong>propriam</strong></span> <span class='ocrx_word' id='word_1_271' title='bbox 437 3061 612 3124; x_wconf 87' lang='lat' dir='ltr'><strong>sententiam</strong></span> <span class='ocrx_word' id='word_1_272' title='bbox 640 3062 820 3143; x_wconf 81' lang='lat' dir='ltr'><strong>significare,</strong></span> <span class='ocrx_word' id='word_1_273' title='bbox 853 3083 913 3126; x_wconf 96' lang='lat' dir='ltr'><strong>non</strong></span> <span class='ocrx_word' id='word_1_274' title='bbox 940 3073 1037 3128; x_wconf 89' lang='lat' dir='ltr'><strong>autem</strong></span> <span class='ocrx_word' id='word_1_275' title='bbox 1065 3083 1151 3128; x_wconf 88' lang='lat' dir='ltr'><strong>suam</strong></span> <span class='ocrx_word' id='word_1_276' title='bbox 1182 3067 1353 3146; x_wconf 65' lang='lat' dir='ltr'><strong>praeintem</strong></span> 
     </span>
     <span class='ocr_line' id='line_1_29' title="bbox 125 3163 1353 3248; baseline 0 -24"><span class='ocrx_word' id='word_1_277' title='bbox 125 3181 202 3225; x_wconf 85' lang='lat' dir='ltr'><strong>roee</strong></span> <span class='ocrx_word' id='word_1_278' title='bbox 224 3163 375 3225; x_wconf 80' lang='lat' dir='ltr'><strong>non-tacti</strong></span> <span class='ocrx_word' id='word_1_279' title='bbox 396 3163 545 3244; x_wconf 74' lang='lat' dir='ltr'><strong>obtegere.</strong></span> <span class='ocrx_word' id='word_1_280' title='bbox 591 3163 697 3228; x_wconf 85' lang='lat' dir='ltr'><strong>Verum</strong></span> <span class='ocrx_word' id='word_1_281' title='bbox 719 3165 750 3226; x_wconf 87' lang='lat' dir='ltr'><strong>id</strong></span> <span class='ocrx_word' id='word_1_282' title='bbox 771 3183 858 3245; x_wconf 90' lang='lat' dir='ltr'><strong>agere</strong></span> <span class='ocrx_word' id='word_1_283' title='bbox 880 3167 1036 3230; x_wconf 87' lang='lat' dir='ltr'><strong>noluerunt</strong></span> <span class='ocrx_word' id='word_1_284' title='bbox 1056 3167 1188 3248; x_wconf 80' lang='lat' dir='ltr'><strong>perversi</strong></span> <span class='ocrx_word' id='word_1_285' title='bbox 1204 3165 1353 3240; x_wconf 86' lang='lat' dir='ltr'><strong>homines,</strong></span> 
     </span>
     <span class='ocr_line' id='line_1_30' title="bbox 124 3263 1353 3356; baseline 0.002 -30"><span class='ocrx_word' id='word_1_286' title='bbox 124 3264 178 3356; x_wconf 80' lang='lat' dir='ltr'><strong>aed</strong></span> <span class='ocrx_word' id='word_1_287' title='bbox 202 3263 300 3328; x_wconf 85' lang='lat' dir='ltr'><strong>omnia</strong></span> <span class='ocrx_word' id='word_1_288' title='bbox 324 3264 450 3328; x_wconf 83' lang='lat' dir='ltr'><strong>subdole</strong></span> <span class='ocrx_word' id='word_1_289' title='bbox 471 3265 509 3328; x_wconf 88' lang='lat' dir='ltr'><strong>ad</strong></span> <span class='ocrx_word' id='word_1_290' title='bbox 531 3267 696 3348; x_wconf 88' lang='lat' dir='ltr'><strong>exemplum</strong></span> <span class='ocrx_word' id='word_1_291' title='bbox 725 3267 773 3330; x_wconf 86' lang='lat' dir='ltr'><strong>soi</strong></span> <span class='ocrx_word' id='word_1_292' title='bbox 800 3267 893 3348; x_wconf 87' lang='lat' dir='ltr'><strong>patris</strong></span> <span class='ocrx_word' id='word_1_293' title='bbox 923 3269 1030 3332; x_wconf 88' lang='lat' dir='ltr'><strong>diaboli</strong></span> <span class='ocrx_word' id='word_1_294' title='bbox 1058 3271 1166 3332; x_wconf 85' lang='lat' dir='ltr'><strong>iecere.</strong></span> <span class='ocrx_word' id='word_1_295' title='bbox 1210 3269 1246 3332; x_wconf 91' lang='lat' dir='ltr'><strong>Ut</strong></span> <span class='ocrx_word' id='word_1_296' title='bbox 1274 3265 1353 3330; x_wconf 86' lang='lat' dir='ltr'><strong>enim</strong></span> 
     </span>
     <span class='ocr_line' id='line_1_31' title="bbox 121 3365 1354 3443; baseline -0.001 -15"><span class='ocrx_word' id='word_1_297' title='bbox 121 3367 173 3430; x_wconf 91' lang='lat' dir='ltr'><strong>ille</strong></span> <span class='ocrx_word' id='word_1_298' title='bbox 196 3367 300 3429; x_wconf 64' lang='lat' dir='ltr'><strong>dunis</strong></span> <span class='ocrx_word' id='word_1_299' title='bbox 323 3367 445 3432; x_wconf 87' lang='lat' dir='ltr'><strong>indutus</strong></span> <span class='ocrx_word' id='word_1_300' title='bbox 467 3368 601 3432; x_wconf 84' lang='lat' dir='ltr'><strong>restibus</strong></span> <span class='ocrx_word' id='word_1_301' title='bbox 625 3369 726 3433; x_wconf 81' lang='lat' dir='ltr'><strong>tallere</strong></span> <span class='ocrx_word' id='word_1_302' title='bbox 748 3369 862 3443; x_wconf 84' lang='lat' dir='ltr'><strong>nititur,</strong></span> <span class='ocrx_word' id='word_1_303' title='bbox 884 3369 925 3433; x_wconf 87' lang='lat' dir='ltr'><strong>ita</strong></span> <span class='ocrx_word' id='word_1_304' title='bbox 946 3371 998 3434; x_wconf 89' lang='lat' dir='ltr'><strong>isti</strong></span> <span class='ocrx_word' id='word_1_305' title='bbox 1016 3369 1191 3434; x_wconf 84' lang='lat' dir='ltr'><strong>vocabulum</strong></span> <span class='ocrx_word' id='word_1_306' title='bbox 1205 3365 1354 3432; x_wconf 84' lang='lat' dir='ltr'><strong>nen-iacti</strong></span> 
     </span>
     <span class='ocr_line' id='line_1_32' title="bbox 122 3468 1353 3552; baseline -0.002 -20"><span class='ocrx_word' id='word_1_307' title='bbox 122 3468 344 3548; x_wconf 72' lang='lat' dir='ltr'><strong>excogitavere,</strong></span> <span class='ocrx_word' id='word_1_308' title='bbox 370 3479 404 3532; x_wconf 86' lang='lat' dir='ltr'><strong>ut</strong></span> <span class='ocrx_word' id='word_1_309' title='bbox 433 3471 521 3551; x_wconf 90' lang='lat' dir='ltr'><strong>digne</strong></span> <span class='ocrx_word' id='word_1_310' title='bbox 550 3472 588 3534; x_wconf 92' lang='lat' dir='ltr'><strong>de</strong></span> <span class='ocrx_word' id='word_1_311' title='bbox 608 3471 671 3533; x_wconf 88' lang='lat' dir='ltr'><strong>Deo</strong></span> <span class='ocrx_word' id='word_1_312' title='bbox 693 3471 774 3552; x_wconf 86' lang='lat' dir='ltr'><strong>loqui</strong></span> <span class='ocrx_word' id='word_1_313' title='bbox 797 3473 970 3534; x_wconf 85' lang='lat' dir='ltr'><strong>simulantes</strong></span> <span class='ocrx_word' id='word_1_314' title='bbox 994 3472 1108 3536; x_wconf 90' lang='lat' dir='ltr'><strong>occulte</strong></span> <span class='ocrx_word' id='word_1_315' title='bbox 1130 3470 1270 3534; x_wconf 80' lang='lat' dir='ltr'><strong>adversus</strong></span> <span class='ocrx_word' id='word_1_316' title='bbox 1291 3469 1353 3530; x_wconf 84' lang='lat' dir='ltr'><strong>llo·</strong></span> 
     </span>
     <span class='ocr_line' id='line_1_33' title="bbox 96 3569 1354 3654; baseline -0.003 -20"><span class='ocrx_word' id='word_1_317' title='bbox 96 3571 238 3634; x_wconf 69' lang='lat' dir='ltr'><strong>&#39;minum</strong></span> <span class='ocrx_word' id='word_1_318' title='bbox 259 3571 428 3650; x_wconf 82' lang='lat' dir='ltr'><strong>proterrent</strong></span> <span class='ocrx_word' id='word_1_319' title='bbox 446 3571 678 3654; x_wconf 85' lang='lat' dir='ltr'><strong>blasphemiam,</strong></span> <span class='ocrx_word' id='word_1_320' title='bbox 711 3593 799 3654; x_wconf 87' lang='lat' dir='ltr'><strong>quam</strong></span> <span class='ocrx_word' id='word_1_321' title='bbox 827 3573 940 3638; x_wconf 85' lang='lat' dir='ltr'><strong>scilicet</strong></span> <span class='ocrx_word' id='word_1_322' title='bbox 967 3593 1034 3638; x_wconf 86' lang='lat' dir='ltr'><strong>cum</strong></span> <span class='ocrx_word' id='word_1_323' title='bbox 1062 3569 1234 3636; x_wconf 86' lang='lat' dir='ltr'><strong>huiusmodi</strong></span> <span class='ocrx_word' id='word_1_324' title='bbox 1266 3571 1354 3632; x_wconf 85' lang='lat' dir='ltr'><strong>invo-</strong></span> 
     </span>
     <span class='ocr_line' id='line_1_34' title="bbox 119 3670 1354 3758; baseline -0.002 -22"><span class='ocrx_word' id='word_1_325' title='bbox 119 3673 206 3741; x_wconf 89' lang='lat' dir='ltr'><strong>lucro</strong></span> <span class='ocrx_word' id='word_1_326' title='bbox 228 3670 296 3735; x_wconf 86' lang='lat' dir='ltr'><strong>aliis</strong></span> <span class='ocrx_word' id='word_1_327' title='bbox 319 3672 486 3738; x_wconf 89' lang='lat' dir='ltr'><strong>innuerent.</strong></span> <span class='ocrx_word' id='word_1_328' title='bbox 520 3675 628 3738; x_wconf 77' lang='lat' dir='ltr'><strong>lienum</strong></span> <span class='ocrx_word' id='word_1_329' title='bbox 649 3695 718 3738; x_wconf 80' lang='lat' dir='ltr'><strong>auin</strong></span> <span class='ocrx_word' id='word_1_330' title='bbox 739 3677 889 3758; x_wconf 87' lang='lat' dir='ltr'><strong>cognitum</strong></span> <span class='ocrx_word' id='word_1_331' title='bbox 912 3675 1031 3738; x_wconf 86' lang='lat' dir='ltr'><strong>sithoc</strong></span> <span class='ocrx_word' id='word_1_332' title='bbox 1051 3675 1169 3738; x_wconf 89' lang='lat' dir='ltr'><strong>illorum</strong></span> <span class='ocrx_word' id='word_1_333' title='bbox 1189 3671 1354 3741; x_wconf 75' lang='lat' dir='ltr'><strong>sublicium,</strong></span> 
     </span>
     <span class='ocr_line' id='line_1_35' title="bbox 117 3771 1354 3858; baseline -0.006 -20"><span class='ocrx_word' id='word_1_334' title='bbox 117 3775 190 3856; x_wconf 82' lang='lat' dir='ltr'><strong>quid</strong></span> <span class='ocrx_word' id='word_1_335' title='bbox 219 3774 280 3837; x_wconf 88' lang='lat' dir='ltr'><strong>iam</strong></span> <span class='ocrx_word' id='word_1_336' title='bbox 310 3773 390 3838; x_wconf 89' lang='lat' dir='ltr'><strong>aliud</strong></span> <span class='ocrx_word' id='word_1_337' title='bbox 417 3776 475 3838; x_wconf 88' lang='lat' dir='ltr'><strong>sibi</strong></span> <span class='ocrx_word' id='word_1_338' title='bbox 503 3777 636 3857; x_wconf 85' lang='lat' dir='ltr'><strong>supersit</strong></span> <span class='ocrx_word' id='word_1_339' title='bbox 662 3777 874 3858; x_wconf 87' lang='lat' dir='ltr'><strong>respondeant.</strong></span> <span class='ocrx_word' id='word_1_340' title='bbox 918 3777 1104 3850; x_wconf 79' lang='lat' dir='ltr'><strong>invenimus,</strong></span> <span class='ocrx_word' id='word_1_341' title='bbox 1134 3773 1270 3854; x_wconf 83' lang='lat' dir='ltr'><strong>inquiunt</strong></span> <span class='ocrx_word' id='word_1_342' title='bbox 1296 3771 1354 3831; x_wconf 92' lang='lat' dir='ltr'><strong>im·</strong></span> 
     </span>
     <span class='ocr_line' id='line_1_36' title="bbox 115 3873 1355 3960; baseline -0.006 -20"><span class='ocrx_word' id='word_1_343' title='bbox 115 3876 218 3958; x_wconf 89' lang='lat' dir='ltr'><strong>probi,</strong></span> <span class='ocrx_word' id='word_1_344' title='bbox 243 3875 296 3956; x_wconf 82' lang='lat' dir='ltr'><strong>qai</strong></span> <span class='ocrx_word' id='word_1_345' title='bbox 319 3873 459 3938; x_wconf 88' lang='lat' dir='ltr'><strong>nimirum</strong></span> <span class='ocrx_word' id='word_1_346' title='bbox 481 3887 598 3956; x_wconf 85' lang='lat' dir='ltr'><strong>praeter</strong></span> <span class='ocrx_word' id='word_1_347' title='bbox 619 3875 737 3958; x_wconf 87' lang='lat' dir='ltr'><strong>priores</strong></span> <span class='ocrx_word' id='word_1_348' title='bbox 759 3879 992 3960; x_wconf 82' lang='lat' dir='ltr'><strong>sigrrificetiones</strong></span> <span class='ocrx_word' id='word_1_349' title='bbox 1014 3877 1098 3940; x_wconf 88' lang='lat' dir='ltr'><strong>aiunt</strong></span> <span class='ocrx_word' id='word_1_350' title='bbox 1117 3875 1148 3938; x_wconf 91' lang='lat' dir='ltr'><strong>id</strong></span> <span class='ocrx_word' id='word_1_351' title='bbox 1165 3873 1355 3936; x_wconf 85' lang='lat' dir='ltr'><strong>non-lactum</strong></span> 
     </span>
     <span class='ocr_line' id='line_1_37' title="bbox 116 3975 1352 4056; baseline -0.008 -15"><span class='ocrx_word' id='word_1_352' title='bbox 116 3997 197 4052; x_wconf 90' lang='lat' dir='ltr'><strong>esse,</strong></span> <span class='ocrx_word' id='word_1_353' title='bbox 222 3975 308 4056; x_wconf 84' lang='lat' dir='ltr'><strong>quod</strong></span> <span class='ocrx_word' id='word_1_354' title='bbox 330 3993 391 4038; x_wconf 89' lang='lat' dir='ltr'><strong>non</strong></span> <span class='ocrx_word' id='word_1_355' title='bbox 412 3975 502 4040; x_wconf 89' lang='lat' dir='ltr'><strong>habet</strong></span> <span class='ocrx_word' id='word_1_356' title='bbox 523 3979 669 4046; x_wconf 75' lang='lat' dir='ltr'><strong>mistemii</strong></span> <span class='ocrx_word' id='word_1_357' title='bbox 690 3999 810 4043; x_wconf 87' lang='lat' dir='ltr'><strong>causam</strong></span> <span class='ocrx_word' id='word_1_358' title='bbox 833 3980 896 4042; x_wconf 82' lang='lat' dir='ltr'><strong>sivo</strong></span> <span class='ocrx_word' id='word_1_359' title='bbox 916 3987 1079 4050; x_wconf 89' lang='lat' dir='ltr'><strong>auctorem,</strong></span> <span class='ocrx_word' id='word_1_360' title='bbox 1106 3976 1161 4039; x_wconf 87' lang='lat' dir='ltr'><strong>aed</strong></span> <span class='ocrx_word' id='word_1_361' title='bbox 1181 3975 1281 4055; x_wconf 86' lang='lat' dir='ltr'><strong>ipsum</strong></span> <span class='ocrx_word' id='word_1_362' title='bbox 1301 3989 1352 4032; x_wconf 90' lang='lat' dir='ltr'><strong>re-</strong></span> 
     </span>
     <span class='ocr_line' id='line_1_38' title="bbox 115 4076 1352 4161; baseline -0.003 -19"><span class='ocrx_word' id='word_1_363' title='bbox 115 4081 172 4142; x_wconf 86' lang='lat' dir='ltr'><strong>bus</strong></span> <span class='ocrx_word' id='word_1_364' title='bbox 196 4076 285 4142; x_wconf 82' lang='lat' dir='ltr'><strong>iactis</strong></span> <span class='ocrx_word' id='word_1_365' title='bbox 312 4076 457 4141; x_wconf 84' lang='lat' dir='ltr'><strong>existendi</strong></span> <span class='ocrx_word' id='word_1_366' title='bbox 481 4099 568 4143; x_wconf 85' lang='lat' dir='ltr'><strong>causa</strong></span> <span class='ocrx_word' id='word_1_367' title='bbox 591 4089 646 4143; x_wconf 86' lang='lat' dir='ltr'><strong>est.</strong></span> <span class='ocrx_word' id='word_1_368' title='bbox 689 4081 800 4161; x_wconf 87' lang='lat' dir='ltr'><strong>Ingrati</strong></span> <span class='ocrx_word' id='word_1_369' title='bbox 825 4079 961 4144; x_wconf 83' lang='lat' dir='ltr'><strong>aoncilii</strong></span> <span class='ocrx_word' id='word_1_370' title='bbox 983 4095 1112 4158; x_wconf 80' lang='lat' dir='ltr'><strong>remque</strong></span> <span class='ocrx_word' id='word_1_371' title='bbox 1134 4076 1352 4156; x_wconf 75' lang='lat' dir='ltr'><strong>seripturarum</strong></span> 
     </span>
     <span class='ocr_line' id='line_1_39' title="bbox 116 4173 1353 4262; baseline -0.011 -18"><span class='ocrx_word' id='word_1_372' title='bbox 116 4180 261 4262; x_wconf 86' lang='lat' dir='ltr'><strong>imperiti,</strong></span> <span class='ocrx_word' id='word_1_373' title='bbox 284 4178 340 4259; x_wconf 86' lang='lat' dir='ltr'><strong>qui</strong></span> <span class='ocrx_word' id='word_1_374' title='bbox 360 4197 421 4241; x_wconf 94' lang='lat' dir='ltr'><strong>non</strong></span> <span class='ocrx_word' id='word_1_375' title='bbox 444 4188 478 4244; x_wconf 87' lang='lat' dir='ltr'><strong>ut</strong></span> <span class='ocrx_word' id='word_1_376' title='bbox 497 4181 592 4244; x_wconf 80' lang='lat' dir='ltr'><strong>ileum</strong></span> <span class='ocrx_word' id='word_1_377' title='bbox 613 4182 772 4256; x_wconf 84' lang='lat' dir='ltr'><strong>honorent,</strong></span> <span class='ocrx_word' id='word_1_378' title='bbox 795 4181 850 4244; x_wconf 88' lang='lat' dir='ltr'><strong>eod</strong></span> <span class='ocrx_word' id='word_1_379' title='bbox 871 4189 905 4244; x_wconf 91' lang='lat' dir='ltr'><strong>ut</strong></span> <span class='ocrx_word' id='word_1_380' title='bbox 919 4178 1025 4242; x_wconf 85' lang='lat' dir='ltr'><strong>Filium</strong></span> <span class='ocrx_word' id='word_1_381' title='bbox 1039 4177 1200 4262; x_wconf 86' lang='lat' dir='ltr'><strong>ignominia</strong></span> <span class='ocrx_word' id='word_1_382' title='bbox 1216 4173 1353 4239; x_wconf 84' lang='lat' dir='ltr'><strong>afficiant,</strong></span> 
     </span>
     <span class='ocr_line' id='line_1_40' title="bbox 115 4276 1353 4360; baseline -0.013 -16"><span class='ocrx_word' id='word_1_383' title='bbox 115 4283 188 4345; x_wconf 90' lang='lat' dir='ltr'><strong>nibil</strong></span> <span class='ocrx_word' id='word_1_384' title='bbox 211 4299 275 4344; x_wconf 93' lang='lat' dir='ltr'><strong>non</strong></span> <span class='ocrx_word' id='word_1_385' title='bbox 299 4280 415 4342; x_wconf 85' lang='lat' dir='ltr'><strong>iaciunt</strong></span> <span class='ocrx_word' id='word_1_386' title='bbox 434 4281 480 4342; x_wconf 84' lang='lat' dir='ltr'><strong>vel</strong></span> <span class='ocrx_word' id='word_1_387' title='bbox 502 4282 612 4344; x_wconf 88' lang='lat' dir='ltr'><strong>dicunt.</strong></span> <span class='ocrx_word' id='word_1_388' title='bbox 657 4281 799 4344; x_wconf 83' lang='lat' dir='ltr'><strong>Nesciunt</strong></span> <span class='ocrx_word' id='word_1_389' title='bbox 813 4280 957 4356; x_wconf 88' lang='lat' dir='ltr'><strong>videlicet,</strong></span> <span class='ocrx_word' id='word_1_390' title='bbox 981 4279 1060 4360; x_wconf 87' lang='lat' dir='ltr'><strong>quod</strong></span> <span class='ocrx_word' id='word_1_391' title='bbox 1080 4281 1130 4360; x_wconf 87' lang='lat' dir='ltr'><strong>qui</strong></span> <span class='ocrx_word' id='word_1_392' title='bbox 1144 4276 1249 4341; x_wconf 82' lang='lat' dir='ltr'><strong>Filium</strong></span> <span class='ocrx_word' id='word_1_393' title='bbox 1266 4285 1353 4349; x_wconf 86' lang='lat' dir='ltr'><strong>sper·</strong></span> 
     </span>
    </p>
   </div>
   <div class='ocr_carea' id='block_1_3' title="bbox 149 4401 1320 4566">
    <p class='ocr_par' dir='ltr' id='par_1_3' title="bbox 149 4401 1320 4566">
     <span class='ocr_line' id='line_1_41' title="bbox 150 4401 1320 4498; baseline -0.011 -11"><span class='ocrx_word' id='word_1_394' title='bbox 150 4451 171 4486; x_wconf 89' lang='lat' dir='ltr'><strong>e.</strong></span> <span class='ocrx_word' id='word_1_395' title='bbox 190 4436 256 4498; x_wconf 81' lang='lat' dir='ltr'><strong>Lege</strong></span> <span class='ocrx_word' id='word_1_396' title='bbox 277 4426 398 4481; x_wconf 76' lang='grc' dir='ltr'><em>τούτων.</em></span> <span class='ocrx_word' id='word_1_397' title='bbox 802 4447 824 4485; x_wconf 84' lang='lat' dir='ltr'><strong>a.</strong></span> <span class='ocrx_word' id='word_1_398' title='bbox 842 4433 884 4486; x_wconf 78' lang='lat' dir='ltr'><strong>ste</strong></span> <span class='ocrx_word' id='word_1_399' title='bbox 902 4433 960 4497; x_wconf 64' lang='lat' dir='ltr'><strong>aar.</strong></span> <span class='ocrx_word' id='word_1_400' title='bbox 996 4433 1025 4484; x_wconf 82' lang='lat' dir='ltr'><strong>tt</strong></span> <span class='ocrx_word' id='word_1_401' title='bbox 1041 4430 1082 4484; x_wconf 81' lang='lat' dir='ltr'><strong>atti</strong></span> <span class='ocrx_word' id='word_1_402' title='bbox 1100 4441 1125 4484; x_wconf 80' lang='lat' dir='ltr'><strong>er</strong></span> <span class='ocrx_word' id='word_1_403' title='bbox 1143 4403 1200 4482; x_wconf 80' lang='lat' dir='ltr'><strong>edlu</strong></span> <span class='ocrx_word' id='word_1_404' title='bbox 1217 4401 1320 4471; x_wconf 61' lang='lat' dir='ltr'><strong>atem,</strong></span> 
     </span>
     <span class='ocr_line' id='line_1_42' title="bbox 149 4493 390 4566; baseline -0.041 -12"><span class='ocrx_word' id='word_1_405' title='bbox 149 4503 173 4554; x_wconf 88' lang='lat' dir='ltr'><strong>d.</strong></span> <span class='ocrx_word' id='word_1_406' title='bbox 191 4503 252 4566; x_wconf 81' lang='lat' dir='ltr'><strong>iteg.</strong></span> <span class='ocrx_word' id='word_1_407' title='bbox 272 4493 390 4550; x_wconf 75' lang='grc' dir='ltr'><em>ἑαυτῶν.</em></span> 
     </span>
    </p>
   </div>
   <div class='ocr_carea' id='block_1_4' title="bbox 0 0 1592 5058">
    <p class='ocr_par' dir='ltr' id='par_1_4' title="bbox 0 0 1592 5058">
     <span class='ocr_line' id='line_1_43' title="bbox 0 0 1592 5058; baseline 0 3"><span class='ocrx_word' id='word_1_408' title='bbox 0 0 1592 5058; x_wconf 95' lang='lat' dir='ltr'><strong> </strong></span> 
     </span>
    </p>
   </div>
  </div>
 </body>
</html>
