3102 5042
508 307 670 350 sotscocsc
685 309 721 351 so
738 309 943 353 scansiones:
1267 297 1330 361 669

108 463 220 524 tentiae
243 470 353 522 temere
375 457 571 522 subscribunt
592 457 746 522 Sonitetus
755 459 775 536 ¹)
798 471 826 523 et
840 459 1002 537 iiioetus²),
1025 461 1121 523 nablis
1144 463 1211 526 aliis
1232 465 1414 528 oddo-esto.

108 567 164 626 ctis
187 565 384 642 arpumentis,
408 562 470 622 nisi
489 561 568 642 qnod
589 559 825 658 addat0biioetus
849 565 942 624 citari
960 581 995 623 ea
1016 561 1154 642 Epistola
1177 565 1268 644 [num.
1285 568 1326 645 5.]

109 665 208 727 iocum
230 662 383 724 Michaeas
406 664 458 741 qui
477 680 625 743 nusquam
647 666 811 742 reperitur,
834 667 994 724 nimirum:
1016 662 1129 726 Domus
1152 665 1330 727 iacob-exa-

107 766 239 828 cerbavit
260 762 404 842 Spiritum
428 761 554 824 Domini.
603 761 709 825 Verum
730 763 818 826 ooide
839 764 891 826 iiie
913 764 1139 844 hallucinatum
1161 771 1271 829 nom'is
1288 779 1332 830 est

105 870 385 947 oersns'septimus
416 869 522 945 capitis
551 866 675 927 secundi
696 864 845 927 Michaeoe
876 869 964 927 eiecta
987 865 1131 928 Graecam
1152 872 1332 932 versionem.

195 967 256 1031 vn.
303 967 402 1042 Quom
430 985 510 1028 oaroo
543 976 573 1028 et
594 971 756 1029 temeraria
777 971 817 1029 sit
839 966 1010 1029 huiusmodi
1034 969 1162 1031 illorum
1190 976 1333 1052 opinatio,

107 1091 148 1134 en
173 1071 452 1133 omio'bns'omnino
474 1072 691 1148 manuscriptis
715 1069 862 1132 codicibus
886 1073 1084 1141 convincetur,
1108 1074 1140 1131 in
1162 1073 1268 1150 quibus
1286 1078 1334 1136 oi-

109 1172 215 1236 delicet
241 1189 348 1250 mapno
377 1189 526 1232 consensu
549 1169 581 1230 S.
605 1171 771 1232 Athanasio
794 1171 986 1235 attribuitur.
1029 1170 1193 1233 Praeterea
1221 1179 1274 1255 qni
1300 1179 1333 1236 in

108 1275 234 1337 lectione
256 1272 287 1333 S.
312 1271 473 1334 Athanasii
493 1271 543 1334 aei
559 1271 687 1352 paulam
709 1284 851 1336 uersatus
873 1274 977 1351 suerit,
1001 1291 1036 1333 eo
1057 1277 1090 1334 in
1108 1273 1332 1351 Epistoia'me-

88 1375 245 1445 'thodnm,
281 1373 423 1436 dictiones
457 1373 605 1453 uerbaque
632 1371 699 1452 ipsa
727 1373 757 1435 S.
785 1373 928 1435 Doctoris
956 1373 1048 1453 focile
1076 1387 1226 1455 opnosoet.
1271 1373 1332 1438 Nec

108 1481 189 1540 enim
210 1473 302 1535 aliter
324 1475 371 1536 hic
394 1474 524 1545 disserit,
548 1493 636 1553 quam
657 1473 727 1536 abiis
749 1479 781 1536 in
799 1475 956 1555 Operibus,
979 1459 1065 1537 verbi
1084 1479 1185 1554 protid
1200 1479 1232 1538 in
1249 1476 1332 1538 Ora-

29 1579 37 1596 ·
112 1578 241 1640 tionibus
264 1586 371 1638 contra
393 1577 536 1645 Arianos,
558 1579 590 1636 in
612 1577 718 1656 quibus
740 1575 921 1659 Scripturas
944 1580 1115 1640 testimonia
1134 1578 1265 1658 undique
1279 1597 1331 1640 oe-

111 1679 251 1750 cumulat,
273 1687 309 1738 nt
331 1676 403 1738 Filii
423 1677 609 1738 diuinitatem
631 1687 765 1740 meatur.
810 1679 882 1740 Cum
904 1682 981 1740 enim
1003 1688 1031 1741 et
1045 1679 1156 1740 Ariani
1168 1689 1196 1741 et
1214 1677 1334 1760 Tropici

108 1781 226 1842 easdem
248 1779 442 1842 admitterent
464 1776 644 1859 Scripturas
666 1798 701 1840 oc
726 1779 912 1852 Orthodoni,
940 1781 1091 1842 undenam
1117 1799 1228 1862 quaeso
1251 1781 1331 1843 onii-

107 1883 197 1944 diora
217 1891 320 1962 posset
337 1880 485 1961 proferre
507 1891 698 1959 arpnmenta,
730 1899 818 1962 quom
845 1899 884 1944 eat
910 1882 1019 1944 dr‘oinis
1048 1881 1093 1943 his
1116 1880 1229 1944 iibrisiJ
1271 1881 1332 1944 Nec

38 2067 41 2071 ι
104 1987 198 2046 etiam
221 1984 356 2045 erebrius
379 1981 427 2043 hic
449 1983 548 2044 eodem
570 1986 679 2063 repetit
700 2002 788 2064 quam
810 1983 896 2054 aiibi,
925 1985 1005 2065 qnod
1032 1983 1149 2064 quidem
1174 1983 1331 2046 molestum

104 2088 223 2148 nemini
248 2103 311 2146 esse
339 2085 445 2146 debere
474 2086 538 2163 ipse
567 2083 644 2144 solet
667 2093 878 2164 praemonere.
922 2085 1056 2165 Denique
1085 2103 1149 2144 cnm
1176 2085 1263 2145 iidem
1284 2083 1335 2146 iiii
1390 2104 1395 2113 ·

105 2187 257 2250 secundae
284 2183 442 2265 Epistoiae
467 2195 588 2265 partem
613 2189 832 2265 posteriorem,
865 2203 940 2264 quoe
969 2190 1089 2264 primae
1117 2196 1162 2245 est
1196 2189 1330 2264 epitome,

105 2288 271 2352 Athanasii
289 2305 353 2349 esse
377 2290 580 2356 consentiant,
606 2290 777 2366 permirum
791 2293 871 2347 'sane
898 2297 958 2356 est,
989 2286 1069 2364 quod
1096 2285 1171 2346 hano
1201 2286 1332 2347 audeant

108 2391 286 2470 repudiare.
331 2385 389 2449 Sed
411 2389 445 2449 de
468 2387 514 2448 his
537 2391 612 2448 satis
635 2405 793 2466 superque.
837 2385 886 2447 hta
901 2391 979 2447 enim
990 2388 1187 2466 perspicuum
1201 2396 1247 2448 est
1261 2404 1334 2448 oere

109 2491 274 2552 Athanasii
294 2506 357 2550 esse
377 2494 507 2568 primam
529 2488 605 2550 hono
626 2487 810 2568 Epistolom,
838 2496 874 2548 ut
896 2490 1010 2548 nemini
1028 2505 1093 2550 reon
1115 2491 1195 2552 serio
1218 2493 1333 2552 mami-

110 2593 203 2654 nanti
222 2589 289 2652 nilo
304 2593 406 2670 possit
427 2592 547 2654 aboriri
567 2593 697 2670 suspicio
720 2591 751 2652 id
772 2593 804 2652 in
827 2590 947 2652 dubium
969 2590 1142 2652 reuocandi.

199 2689 272 2752 vsst.
318 2689 488 2754 Cordinaiis
511 2691 680 2754 Perronius
707 2690 758 2753 bib.
776 2692 805 2754 2.
836 2691 870 2753 de
890 2689 1089 2756 Eucharistia
1116 2691 1225 2772 aiir'pue
1253 2711 1335 2754 non-

107 2794 191 2858 nulii
213 2805 400 2876 postremam
428 2811 542 2874 qnoque
567 2804 686 2874 partem
715 2797 778 2856 sioe
805 2795 995 2873 appendicem
1016 2792 1169 2872 Epistolae
1198 2792 1331 2866 ultimae,

109 2915 214 2977 nempe
239 2893 411 2957 Tractatum
433 2899 465 2956 in
487 2896 581 2957 uerbo
603 2893 751 2957 Matthaei
763 2892 945 2973 Quicumque
961 2892 1074 2956 dixerat
1089 2901 1155 2967 eto„
1177 2906 1331 2976 necarant

113 3015 220 3058 oerum
233 3015 304 3060 esse
325 2995 359 3056 S.
382 2996 541 3059 Athanasii
562 3014 647 3076 opus.
691 2998 729 3058 At
755 3014 929 3076 permenam
957 2999 1021 3057 eins
1049 2999 1147 3076 fetum
1175 3014 1252 3064 esse,
1285 3013 1331 3069 ea,

114 3116 190 3179 quae
213 3098 306 3178 paulo
336 3108 406 3160 ante
428 3093 586 3160 nnm'iii.
610 3107 639 3160 et
664 3097 694 3159 t.
718 3100 797 3161 dicta
825 3109 911 3169 sunt,
941 3100 1129 3177 apertissime
1158 3095 1330 3158 ostendunt.
1422 3107 1425 3116 ⁴

113 3199 197 3262 Adde
210 3203 241 3262 in
257 3199 388 3264 Concilio
404 3199 605 3264 lateranensi
616 3201 670 3262 sub
687 3199 821 3261 Mortino
832 3198 858 3261 1.
883 3197 922 3276 [Τ
920 3217 975 3260 om.
991 3195 1050 3276 Vh]
1070 3216 1141 3277 pop.
1155 3193 1251 3271 3043)
1268 3204 1331 3256 tres

112 3301 195 3365 locos
223 3321 263 3366 en
291 3303 346 3364 hoc
371 3301 513 3365 Tractatn
535 3313 683 3382 tamqnam
711 3319 751 3364 aas
771 3319 843 3364 oero
866 3289 1082 3363 S.'Atbanasii
1102 3317 1190 3379 opere
1212 3297 1332 3360 adduci.
1381 3325 1397 3349 ·

183 3487 208 3550 l)
227 3489 330 3540 biedcilo
347 3488 482 3553 theologiae
501 3490 604 3539 Petrum.
641 3488 665 3538 P.
676 3488 706 3538 lh.
725 3488 824 3553 capii.

180 3557 207 3617 2)
225 3558 327 3607 Criticns
345 3572 420 3608 socer.
457 3557 507 3608 Lib.
520 3557 559 3607 ΙΙΙ.
579 3557 656 3621 cop.5
674 3557 747 3621 (Opp.
766 3556 839 3607 theol.
864 3555 932 3606 Tom.
944 3555 973 3606 ΙΙ.
993 3553 1122 3624 ρ.;1104.).

182 3623 208 3688 3)
225 3623 301 3676 Messi
319 3623 471 3676 Coao.·Coii.
489 3625 591 3676 Tomi.
609 3623 717 3689 poton.
