3220 5046
549 255 661 302 οιιοοιο
674 257 696 300 ι.
711 255 975 302 οοιιτοοοιιιοοο.
1316 245 1390 312 209.

150 417 274 496 iungunt
294 431 310 476 o
332 412 421 476 Patre
444 415 474 470 et
496 405 628 470 omniurn
652 405 787 486 opilioom
809 405 885 470 inter
915 425 1005 487 opere
1027 415 1195 472 nemmem.
1239 409 1320 473 Saue
1338 412 1466 482 illisum.

151 517 240 580 etiam
262 513 374 576 ideireo
396 508 585 572 damnatione
607 509 688 586 digni
710 510 835 582 luerunt,
868 509 947 588 quod
976 527 1041 574 urm
1070 509 1226 590 Episcopis
1255 512 1381 578 llioteae

151 615 338 698 oongregatis
360 609 478 674 urimini
499 609 571 670 dent
592 609 741 672 vocabulis
763 629 823 672 nou
847 610 966 688 scriptis
990 629 1062 674 usos
1084 631 1162 685 esse,
1186 615 1304 678 temetsi
1319 633 1381 680 nou

151 721 252 800 impiis
276 717 330 778 sod
353 713 455 794 potios
477 711 513 774 ad
536 710 654 774 illorum
677 711 855 790 impietatem
878 713 1064 774 evertendam
1087 715 1239 793 aptissime
1261 717 1381 798 positis,

153 823 211 902 ipsi
233 837 287 882 sua
311 823 419 894 sponte
440 813 563 874 eandem
586 831 647 874 nou
670 811 805 874 dubitent
826 811 927 873 subire
942 812 1183 892 criminationem,
1205 819 1275 882 doru
1290 839 1379 886 roeas

155 937 218 984 nou
240 917 365 996 scriptas
389 923 548 994 usurpant,
571 913 759 992 comitiaque
780 911 947 991 excogitant
966 913 1107 974 advorsus
1128 917 1302 995 Dominum,
1326 943 1382 988 neo

157 1037 191 1082 ea
213 1026 407 1098 cognoscunt,
429 1035 504 1096 quae
525 1015 581 1095 ipsi
604 1016 706 1078 dicunt
727 1024 758 1078 et
770 1023 954 1076 asseverant.
987 1013 1174 1094 luterrogeut
1187 1019 1284 1100 itaque
1299 1025 1380 1088 Geu-

158 1121 240 1192 tiles,
269 1119 417 1198 aquibus
439 1103 608 1180 liuiusmodi
630 1104 760 1180 didioere
783 1116 944 1180 dictionem
973 1126 1042 1180 tneo
1064 1119 1142 1184 enirn
1165 1119 1381 1199 Scripturarum

157 1222 210 1284 sed
235 1221 353 1284 illorum
375 1237 433 1280 vox
454 1218 512 1280 ista
534 1230 733 1281 commentum
757 1229 832 1294 est),
861 1228 894 1280 ut
921 1217 1012 1282 variis
1034 1218 1099 1282 etos
1121 1219 1383 1300 significationibus

155 1322 267 1386 auditis
289 1321 469 1400 intelligant,
496 1339 529 1384 se
552 1340 590 1382 ne
612 1321 649 1382 de
672 1321 718 1384 bis
740 1320 875 1400 quidem,
906 1321 943 1382 de
972 1321 1079 1402 quibus
1108 1321 1276 1398 disserunt,
1305 1337 1384 1392 reete

154 1443 248 1486 nosse
276 1423 469 1502 interrogare.
518 1423 581 1503 Ego
610 1423 689 1484 enim
716 1433 840 1502 propter
870 1421 937 1484 illos
967 1423 1057 1485 didici
1084 1426 1286 1490 nou-laetum
1314 1428 1467 1506 dicium,

155 1525 234 1607 quod
258 1524 388 1586 nondum
411 1527 519 1586 foetum
542 1533 603 1596 est,
632 1523 686 1586 sed
715 1524 780 1586 lieri
802 1533 918 1605 potest.
947 1535 978 1588 ιιι
1006 1525 1133 1605 lignum,
1163 1529 1244 1606 quod
1266 1507 1384 1609 quidem

153 1627 286 1690 noudum
309 1627 419 1706 seapba
441 1637 488 1690 est
508 1627 633 1713 laetum,
662 1627 716 1688 sod
738 1627 803 1689 lieri
824 1635 933 1706 potest
977 1627 1094 1690 Rursus
1117 1631 1306 1694 non-laetum
1330 1653 1384 1696 ro·

154 1738 231 1804 tout,
253 1728 334 1809 quod
357 1747 454 1808 oeque
474 1729 582 1790 laetum
605 1737 652 1789 est
673 1747 769 1808 oeque
792 1749 919 1810 unquam
941 1730 1005 1790 lieri
1028 1739 1137 1810 potest,
1165 1737 1197 1794 ιιι
1220 1733 1383 1814 triangulus

155 1832 372 1912 quadrangulus
406 1841 435 1892 ot
456 1849 599 1894 uumerus
621 1849 675 1910 par
696 1831 800 1912 impar.
843 1833 905 1894 Neo
932 1833 1011 1895 enim
1042 1834 1205 1912 triangulus
1233 1837 1383 1915 quadran-

158 1933 244 2014 gulus
267 1918 398 2012 unquam
416 1933 480 2006 luit,
503 1943 553 1996 out
575 1952 702 2018 unquam
725 1935 842 1998 iuturus
864 1943 920 2004 est,
942 1953 999 1996 neo
1016 1935 1085 1998 item
1101 1955 1244 2000 numerus
1259 1941 1384 2020 perluit

158 2036 204 2098 rel
226 2037 282 2098 erit
304 2055 431 2116 uuquam
453 2036 558 2116 impar.
603 2036 758 2098 Praeterea
780 2036 888 2099 dieitur
910 2039 1128 2111 nou-laetum,
1161 2040 1240 2118 quod
1263 2041 1384 2119 quidem

156 2139 266 2214 existit,
288 2139 342 2202 sed
364 2157 398 2202 ex
421 2139 502 2200 uullo
526 2145 573 2200 est
593 2148 704 2211 uatum,
727 2140 936 2218 neminemque
951 2157 1077 2219 prorsus
1094 2139 1139 2202 aui
1155 2151 1269 2219 patrem
1285 2141 1383 2204 babet.

153 2241 287 2304 deterius
310 2261 428 2322 quoque
450 2241 584 2319 sophista
608 2241 782 2304 teterrimus
810 2251 841 2302 et
869 2233 1179 2322 baeresis'patronus.
1203 2241 1233 2302 iu
1260 2243 1384 2322 proprio

96 2395 101 2406 .
157 2343 300 2423 opusculo
323 2341 445 2412 eddidit,
469 2344 657 2424 eron-laotum
677 2363 747 2405 esse
769 2343 810 2414 id,
834 2344 913 2421 quod
937 2361 998 2404 uon
1021 2343 1206 2409 estfactum.
1230 2343 1282 2404 sed
1305 2343 1383 2424 quod

159 2460 279 2521 semper
300 2449 358 2502 est.
401 2441 501 2520 ltaque
523 2460 650 2520 quonam
673 2463 769 2524 seusu·
787 2463 890 2506 vocem
913 2443 1078 2506 uon-lacti
1101 2443 1306 2522 intelligerent,
1329 2463 1385 2506 ne-

161 2561 246 2606 eesse
269 2549 332 2604 erat
354 2559 406 2604 eos
428 2542 638 2621 interrogando
660 2547 815 2626 explimre,
840 2557 871 2609 ut
894 2545 1028 2608 videlieet
1049 2545 1086 2620 ie,
1110 2546 1161 2626 qui
1177 2545 1383 2626 interrogaba-
1468 2533 1477 2558 ⁸

159 2655 219 2721 tur,
241 2645 298 2708 rite
319 2653 425 2725 posset
446 2646 637 2744 respondere.

246 2851 297 2912 31.
343 2847 431 2922 Quod
447 2847 479 2908 si
496 2865 531 2908 se
546 2855 624 2908 reete
646 2855 750 2925 putant
772 2848 956 2926 interrogare
978 2867 1045 2910 eum
1068 2849 1164 2910 aiunt:
1187 2849 1324 2912 Uuomne
1340 2859 1386 2912 est

161 2949 350 3010 nou-loetum
372 2967 409 3010 au
431 2946 515 3010 duo?
538 2948 664 3026 primurn
681 2949 799 3026 quidem
816 2955 848 3009 ut
862 2948 990 3028 imperiti
1006 2949 1133 3010 audituri
1150 2960 1230 3020 sunt,
1253 2957 1282 3010 et
1296 2949 1387 3010 multo

162 3050 394 3122 orribilem,
423 3051 550 3130 plurimo
573 3049 708 3127 iuquam,
737 3067 811 3127 quae
834 3069 903 3109 esse
925 3057 1069 3128 possunt,
1097 3047 1171 3110 nibil
1193 3067 1279 3118 vero,
1307 3047 1387 3128 quod

161 3151 227 3214 lieri
249 3170 309 3213 non
332 3161 430 3232 queat,
453 3152 700 3232 quemadmodum
723 3151 832 3212 dictum
857 3157 912 3212 est
957 3150 1016 3214 Sed
1039 3149 1064 3210 ei
1088 3159 1120 3211 ut
1139 3147 1258 3212 Asterie
1280 3149 1390 3229 plaouit

160 3271 221 3314 non
245 3252 286 3326 id,
308 3253 386 3332 quod
409 3255 516 3316 lactum
541 3263 595 3326 ost,
620 3253 672 3313 sed
696 3251 775 3332 quod
798 3270 917 3331 semper
938 3259 993 3318 esi,
1016 3253 1217 3314 non-lectum
1240 3269 1324 3322 esse,
1346 3250 1391 3312 sie

162 3352 204 3415 illi
226 3354 283 3418 hue
305 3373 394 3416 sensu
418 3356 622 3434 interrogant,
645 3353 766 3416 audiant
788 3372 843 3416 neo
865 3354 958 3414 semel
980 3353 1034 3416 sed
1056 3353 1186 3434 saepius,
1210 3351 1314 3414 Filium
1336 3371 1388 3414 se·

164 3455 291 3518 modum
313 3455 388 3518 bauo
410 3457 654 3536 significationem
675 3458 865 3520 uon-lectum
887 3474 977 3534 posse
1002 3455 1069 3516 diei.
1112 3454 1244 3534 Namque
1266 3472 1322 3516 neo
1343 3463 1390 3516 est
1445 3485 1449 3495 ·

165 3663 226 3722 οὔτε
242 3667 296 3742 γάρ
315 3685 358 3728 ete·
396 3679 469 3727 Paulo
497 3687 551 3742 post
570 3680 668 3739 Seguer.
688 3669 751 3730 odda
803 3678 864 3728 Editi
882 3676 977 3726 νοοῦσι
1000 3673 1031 3726 τὸ
1050 3669 1208 3743 ἀγέννητον.
1247 3675 1389 3725 retorna.

166 3734 181 3789 d
195 3733 368 3810 ᾔροιος...,ι
384 3735 445 3794 οὐδὲ
462 3735 566 3810 γένοιτ’
588 3739 630 3796 ἄν,
803 3748 860 3795 ibnl.
880 3738 936 3794 ἔδει
954 3741 1196 3811 προςποιηθέντας.

197 3826 219 3873 g.
237 3815 336 3874 Seguer.
355 3816 453 3864 Gobler.
477 3824 500 3862 et
519 3815 621 3864 l'elcltm.
641 3815 663 3863 l.
691 3805 752 3877 ἆγέ-
837 3816 851 3863 i.
870 3815 966 3876 Seguer
988 3805 1128 3877 ἀγένητον.
1162 3802 1389 3874 Ειιιιιᾶγέννητον.

164 3891 247 3937 νηοον
264 3889 287 3930 et
306 3895 359 3930 mox
376 3875 413 3947 μὴ
432 3877 556 3946 pavente.
594 3883 654 3932 Editi
670 3889 694 3932 et
712 3883 751 3931 elii
837 3881 858 3930 l.
878 3883 918 3931 Sic
937 3897 994 3930 mss.
1014 3891 1108 3945 praetor
1129 3881 1232 3928 tereto.
1246 3881 1283 3936 2,
1307 3881 1346 3944 qui
1367 3888 1392 3928 ut

165 3937 314 4011 ἀγέννητον
332 3957 355 3997 et
371 3943 409 4015 ptri
427 3945 568 4014 γεννηθέν.
804 3949 859 3998 editi
879 3949 994 3998 mendose
1014 3951 1082 3998 trebel
1102 3939 1192 4015 ἥρησε.
1224 3947 1392 4009 bloxSeguer„

199 4017 339 4076 b.Seguer.
358 4018 562 4082 συνταγμοτιῳ.
598 4017 658 4066 Editi
672 4025 695 4065 et
713 4016 754 4066 ulii
805 4017 953 4075 basibensis,
971 4017 1073 4078 lingbu..
1092 4017 1183 4064 Goblar
1209 4023 1232 4064 et
1251 4015 1344 4063 Felsina
1369 4013 1392 4062 l.

164 4075 344 4150 συντάγματι.
383 4085 441 4135 ibid.
467 4087 637 4144 sigemannus,
656 4085 771 4134 cotton·
805 4075 939 4147 ἀγένητον
962 4071 1033 4132 εἶναι
1083 4083 1143 4132 Editi
1172 4091 1194 4131 et
1222 4081 1261 4130 elii
1281 4072 1298 4127 ἆ
1317 4075 1393 4138 ἐννη-

164 4151 349 4227 etql'elelnud.
373 4148 402 4200 λέ
421 4168 461 4200 ων
484 4145 618 4216 ἀγένητον
635 4139 705 4199 εἶναι
721 4143 753 4200 τὸ
806 4141 948 4198 novabat.
987 4153 1059 4202 Paulo
1081 4149 1246 4216 postlngltc.
1265 4095 1394 4196 diuidenti

221 4214 352 4280 ποιηθὲν,
381 4211 398 4268 oi
432 4211 559 4271 'didon
596 4221 655 4270 Editi
675 4220 755 4268 otalii
805 4213 939 4271 πολλάκις.

162 4233 192 4336 ὥ
211 4301 252 4334 οον
269 4281 420 4353 ἀγέννητον
437 4277 507 4339 εἶναι
525 4283 556 4336 τὸ
574 4283 613 4355 μὴ
628 4281 753 4346 ποιηθὲν,
840 4289 855 4336 ι.
879 4287 1050 4348 Seguerianus,
1068 4287 1164 4347 nogion,
1181 4281 1328 4334 desiliendo.
1347 4281 1394 4328 du·

166 4300 225 4404 (ὦ
247 4345 289 4406 titi
307 4347 347 4408 ὄν.
383 4360 443 4410 ibid.
464 4361 561 4420 s'egner.
582 4367 604 4406 et
616 4357 671 4412 lleg.
686 4347 757 4402 καιὰ
807 4355 925 4416 gliconns,
944 4355 1043 4404 anler.
1061 4361 1084 4402 οι
1102 4353 1206 4401 Feloltm.
1221 4350 1241 4397 l.
1258 4339 1395 4422 tiyt'tt‘ttf.

163 4423 247 4472 ποῖον
270 4419 372 4474 τοίνυν.
415 4427 476 4476 Editi
499 4418 568 4474 κατὰ
591 4423 673 4472 ποῖον
699 4407 756 4470 οὖν.
807 4421 868 4470 Editi
887 4411 1041 4485 ἆγέννηοος.
1079 4420 1131 4468 Μοι
1149 4417 1275 4466 Felolmsn
1298 4413 1320 4460 b
1339 4421 1396 4488 rma

164 4491 226 4542 ltom
244 4495 344 4556 Seguer.
363 4493 421 4544 ibid.
444 4493 540 4541 νοοῦσι
564 4486 595 4540 τὸ
614 4484 757 4554 ἀγένητον.
805 4487 954 4552 γεννητῶν.
974 4488 1018 4537 tlii
1028 4487 1130 4537 etoditio
1141 4482 1393 4540 demonstraretur·

203 4579 482 4626 transrenensibus.
497 4589 545 4622 stt.
1165 4563 1197 4608 tt
