2822 5030
328 235 444 282 cossas
458 237 677 282 troncrnmrmr
691 237 779 283 tissa
794 239 827 283 rr.
1118 224 1181 289 937
1234 265 1238 276 «

18 407 29 450 ι
59 386 219 450 Deitatis
243 393 273 448 et
293 404 393 449 rerum
417 387 612 462 creationem,
640 387 731 450 bomo
763 397 861 451 autem
892 388 990 470 quoad
1012 388 1266 469 generatio-roos.
1392 359 1393 366 .

18 509 45 551 x
74 488 231 551 muliere
253 495 282 549 et
303 487 518 552 incrementum
540 496 672 570 staturae
694 496 781 569 atque
806 490 926 564 aetatis,
955 490 1035 554 Deus
1064 488 1183 571 quoquc

18 590 180 652 eneiiciis
206 589 296 650 vitam
321 588 519 652 tribuentibus
542 597 573 650 et
592 598 701 669 potens
730 589 762 652 in
783 590 934 654 miraculis
964 593 1182 674 perpetrandis,

31 711 123 753 vero
153 690 261 772 quoad
282 691 439 771 passiones
461 698 600 754 nostrum
622 689 729 754 similis
753 699 784 752 et
797 693 894 774 quoad
912 703 1031 756 nostras
1054 694 1181 756 infirmi-

53 795 106 854 Ac
131 792 225 855 Deus
248 792 320 855 item
343 801 390 854 est
412 791 555 868 Verbum,
585 791 612 854 si
641 799 792 872 spectetur
824 793 942 872 quidem
964 794 1182 870 immortalitas,

20 893 218 974 uptibilites
241 902 271 956 et
292 893 528 968 immutabilitas,
547 902 594 956 vet
619 893 727 968 bomo,
761 892 788 954 si
817 893 1022 958 consideretur
1042 897 1073 959 in
1095 917 1182 963 crum

18 997 93 1056 osio
122 1004 159 1057 et
184 995 340 1075 sanguinis
363 996 488 1058 effluxus
511 1015 545 1058 ac
566 995 703 1075 corporis
727 994 890 1073 sepultura,
915 1013 1032 1058 necnon
1055 998 1182 1063 descen-

18 1098 34 1158 i
62 1097 198 1184 inferos
221 1105 308 1177 atquc
329 1097 550 1161 resurrection
571 1096 707 1158 mortuis.
730 1095 960 1158 ‘statuimus
988 1115 1024 1158 ex
1054 1101 1182 1164 mortuis

18 1208 79 1259 tus
108 1206 176 1272 est,
201 1206 232 1260 et
253 1196 333 1260 Deus
356 1217 422 1261 eum
445 1198 486 1260 sit
506 1205 643 1260 mortuos
666 1196 781 1259 excitat
802 1233 803 1238 κ
891 1249 894 1258 .

18 1301 72 1364 to.
124 1299 209 1363 Vani
231 1299 320 1379 igitur
341 1309 420 1374 sunt,
443 1300 494 1380 qui
515 1307 567 1361 aut
587 1297 731 1362 divinitati
747 1299 811 1360 eins
826 1297 998 1377 passionem
1013 1299 1184 1362 adscribunt

20 1400 202 1462 umanitati
223 1399 291 1476 ,eius
313 1399 401 1462 iidem
424 1417 486 1462 non
507 1399 632 1474 habent,
666 1406 718 1460 aut
744 1397 794 1478 qui
823 1416 916 1461 unum
942 1398 1019 1462 duos
1042 1417 1112 1462 esse
1134 1401 1182 1462 di·

35 1503 110 1563 sive
135 1502 193 1582 qui
216 1501 313 1564 carnis
336 1501 400 1563 eius
422 1501 640 1563 dimensionem
661 1501 759 1562 facere
781 1508 935 1574 conantur,
962 1501 1063 1580 etqui
1086 1519 1182 1580 quan-

18 1611 52 1663 et
77 1602 248 1682 ,quomodo
282 1609 401 1684 praeter
422 1601 641 1682 Scripturarum
669 1601 875 1663 auctoritatem
901 1603 1037 1680 prolerre
1063 1593 1183 1664 auderit.

18 1705 123 1764 smodi
148 1703 234 1767 enim
255 1702 447 1783 opinionibus
469 1703 687 1766 baereticorum
702 1719 787 1764 mens
802 1702 941 1782 prolapsa
957 1711 1012 1776 est,
1033 1701 1184 1766 Marcione

18 1825 63 1866 er
93 1805 328 1866 immoderatam
356 1805 571 1884 blasphemiam
598 1823 614 1865 a
647 1801 983 1877 veritate'dsclinante,
1012 1802 1182 1866 Manichaeo

18 1906 121 1968 eccati
145 1905 322 1986 opinionem
345 1907 479 1981 seducto,
502 1905 657 1968 Valentino
680 1904 845 1977 escientirt,
868 1904 912 1966 uti
927 1899 1114 1979 causabatur,
1129 1923 1181 1966 sc-

18 2033 38 2082 »,
66 2008 166 2069 Paulo
190 2006 396 2070 samosatensi
417 2025 483 2069 cum
507 2025 554 2082 eo,
578 2006 628 2085 qui
643 2005 788 2068 Photinus
804 2011 936 2080 vocatur,
958 2024 994 2067 ac
1010 2023 1115 2068 eorum
1130 2023 1181 2068 se-

21 2111 85 2172 bns
109 2109 151 2170 ob
175 2107 412 2170 incredulitatem
434 2108 580 2194 absitate
601 2107 818 2179 deficientibus,
839 2107 909 2167 Ario
924 2125 980 2185 pro
1002 2107 1104 2168 lurore
1126 2125 1182 2170 suo

18 2213 189 2273 chamanto.
241 2209 301 2270 Vos
329 2217 428 2271 autem
457 2207 604 2270 similibus
632 2208 679 2269 usi
708 2206 939 2269 cavillationibus
968 2225 1043 2286 quac
1072 2205 1182 2287 scripta

26 2319 104 2374 sunt
126 2308 302 2388 loquimini,
333 2327 428 2389 eoque
457 2309 547 2372 morlo
577 2307 741 2370 imbecillos
758 2307 911 2370 evertitis.
961 2306 1076 2370 Sufficit
1103 2309 1183 2371 enim

18 2429 96 2491 [puae
119 2409 231 2488 scripta
244 2419 274 2471 et
295 2417 378 2489 gesta
399 2418 478 2483 sunt,
502 2411 633 2484 credere,
657 2417 689 2471 ut
703 2409 744 2472 ait
759 2408 885 2472 Paulus:
908 2409 971 2472 Pro
987 2397 1183 2474 similtiudioc

25 2516 132 2577 omnia
159 2511 271 2592 ubsque
288 2524 428 2594 peccato,
457 2512 565 2574 Petrus
587 2519 701 2574 autem:
733 2512 852 2577 curura
880 2517 977 2594 r'pitur
1001 2531 1063 2593 pro
1093 2513 1182 2576 nobis
1219 2513 1221 2520 '

22 2618 98 2679 oin
121 2632 229 2686 earne,
263 2627 292 2678 et
323 2633 376 2678 uos
399 2617 502 2678 ecdem
524 2618 702 2696 aequatione
723 2619 900 2691 canonici,
935 2622 966 2674 et
992 2631 1031 2676 ne
1058 2613 1182 2676 ulterius

18 2719 137 2783 ircntes
159 2717 313 2780 veritatem
334 2717 493 2798 respuatis.

30 2892 403 2968 Segner.spiriv·ipcrrro'rr1u.
429 2903 541 2955 iliirum
592 2903 658 2953 lana
675 2861 739 2953 idem
762 2893 809 2949 nui
832 2897 881 2948 τοῦ
905 2893 938 2960 δὴ
956 2895 1104 2966 kyoplroo
1122 2913 1182 2966 φω·
1277 2891 1280 2897 ’

18 2988 24 3021 r
43 2966 76 3034 τῇ
94 2961 309 3038 ἔνανθρωπῆσει.
592 2965 690 3021 seiros.
717 2968 778 3048 ‚iios
795 2970 895 3028 Sernes.
914 2968 1012 3048 G'obler.
1033 2976 1057 3018 et
1073 2967 1180 3048 Ecleim.

37 3071 135 3146 Sequor.
159 3071 256 3122 Gobler.
288 3080 311 3121 et
339 3071 443 3122 Febrim.
463 3072 486 3121 1.
505 3063 538 3121 δι’
592 3029 854 3162 {lhesslfflwggr
869 3047 1012 3152 ῗὲἶέἴτων
1041 3035 1182 3096 'mmm'

18 3133 108 3207 ,pom
124 3129 260 3206 εὐφημίας
276 3131 451 3194 ‘numm‘
626 3189 647 3224 e.
665 3171 700 3222 ita
718 3119 818 3234 Seiron
836 3171 908 3222 Rasil.
924 3139 1016 3235 tbgtic.
1051 3169 1180 3224 Editlrtro

34 3241 131 3303 Segoer.
154 3241 215 3292 mule
244 3233 390 3311 πρόφασιν
413 3235 540 3296 transui.
593 3255 647 3292 eom
665 3241 719 3291 eliis
739 3234 906 3308 παραιτέρω.
