3214 5048
571 244 728 288 carrion.
745 245 1011 296 conrataamuos.
1325 237 1388 312 dit

157 395 342 480 semetipsi
364 394 490 459 invicem
513 393 686 474 confligunt.
729 395 817 460 biodo
845 397 922 460 enirn
944 398 1113 482 complures
1135 417 1205 462 esse
1227 402 1473 484 sapientissimo.

156 509 350 574 asseverant,
378 497 469 560 modo
499 513 588 560 unam
615 495 766 562 declarant
797 517 882 572 esse,
914 500 1004 564 modo
1032 521 1099 566 cum
1129 521 1217 565 eruca
1245 504 1390 576 collocant

156 603 345 685 sapientiam,
368 599 459 663 modo
482 617 547 662 eam
571 597 661 660 simui
682 618 748 662 cum
764 599 850 662 Patre
873 601 998 664 existere
1013 603 1224 685 propriamque
1240 606 1304 672 eius
1320 625 1389 670 esse

159 708 298 778 fatentur,
321 701 412 768 modo
435 700 533 763 solnm
555 699 674 764 Patrem
697 703 806 765 docent
827 705 1016 768 non-iactum
1038 725 1119 781 esse,
1141 708 1232 770 modo
1254 685 1391 772 eiusdem*

161 805 339 888 sapientiem
361 823 397 866 ac
417 803 555 868 virtutem
575 804 766 866 non-iactam
788 822 906 883 quoque
929 823 997 867 esse
1018 808 1191 872 concedunt
1224 808 1389 884 Nobislici

161 908 290 971 Verbum
310 924 431 988 semper
453 923 524 968 esse
546 903 761 968 affirmantibus
791 913 957 986 repugnant
984 905 1024 968 iiii
1052 909 1185 988 quidem,
1216 911 1269 974 sed
1297 911 1388 974 iidem

160 1019 258 1072 tamen
286 1009 424 1090 propriae
452 1006 617 1070 sententiae
645 1005 729 1070 obliti
760 1005 941 1087 Sapientiam
970 1007 1058 1070 simul
1084 1027 1151 1070 mm
1177 1009 1239 1072 heo
1261 999 1390 1076 existere

119 1165 122 1170 .
160 1129 217 1174 nec
244 1111 349 1174 factam
379 1128 449 1172 esse
476 1108 695 1172 consentiunt·
718 1109 762 1171 lta
791 1107 831 1172 iiii
860 1110 891 1172 io
921 1108 1060 1171 omnibus
1081 1109 1216 1174 laborant
1235 1113 1388 1192 vertigine,
1448 1141 1454 1154 ·

159 1221 290 1294 'veraque
311 1213 421 1274 reiecta
443 1209 591 1292 Sapientia
614 1209 716 1284 oham,
741 1229 815 1291 quae
837 1210 915 1274 nulia
939 1219 996 1286 est,
1019 1211 1195 1291 excogitant,
1217 1229 1278 1280 non
1300 1230 1388 1276 secus

159 1333 194 1376 ac
206 1313 380 1386 Manichaei,
402 1313 573 1392 quibeum,
595 1313 645 1392 qui
667 1331 737 1376 rere
759 1321 816 1386 est,
839 1321 980 1394 negantes
1003 1311 1091 1376 ahum
1114 1312 1171 1378 sibi
1194 1311 1251 1393 ipsi
1265 1313 1389 1392 fingunt

247 1418 299 1478 41.
343 1413 451 1476 Verum
473 1413 593 1477 audiant
614 1433 681 1476 cum
695 1415 858 1478 Manichaei
880 1423 942 1478 tum
965 1415 1013 1478 alii
1036 1415 1187 1489 baeretici,
1208 1433 1300 1478 unum
1320 1433 1392 1494 esse

162 1514 272 1576 Christi
288 1514 415 1586 Patrem,
438 1515 487 1595 qui
510 1534 610 1578 rurum
632 1525 797 1578 creatarum
820 1515 958 1580 dominus
980 1524 1077 1580 estet
1099 1517 1222 1582 eheotor
1244 1535 1299 1598 per
1314 1533 1390 1598 pro-

160 1615 259 1695 prium
283 1615 419 1679 Verbum.
462 1615 590 1680 budiant
609 1637 680 1679 vero
703 1618 854 1698 speciatim
882 1618 998 1692 Ariani,
1027 1637 1119 1682 unum
1149 1637 1218 1682 esse
1238 1617 1292 1682 hei
1313 1619 1390 1702 Ver·

159 1717 246 1792 bum,
281 1716 439 1799 ipsumque
472 1719 586 1794 solum,
618 1720 774 1811 proprium
804 1728 833 1782 et
859 1720 1022 1800 genuinum
1051 1739 1086 1782 ex
1119 1719 1263 1783 eiusdem*
1284 1728 1389 1785 natura
1431 1747 1434 1764 ο

159 1827 258 1882 ortum
279 1819 386 1882 Filium
409 1839 493 1896 esse,
517 1831 604 1902 atque
626 1822 806 1885 individuam
828 1820 988 1885 divinitatis
1011 1840 1077 1884 cum
1099 1840 1156 1885 suo
1177 1820 1265 1886 Patre
1287 1821 1387 1886 unita·

160 1929 220 1984 tem
248 1921 375 1997 hahere,
408 1923 450 1986 uti
480 1929 570 2006 sae'pe
598 1925 740 1999 diximus,
775 1924 862 2004 idque
890 1923 927 1988 ah
954 1924 1022 2005 ipso
1045 1923 1202 1987 didicimus
1224 1923 1387 1986 Salvatore.

159 2021 298 2103 Alioquin
321 2024 430 2088 sinon
452 2026 492 2088 ita
514 2027 570 2098 sit,
586 2043 690 2106 'quare
711 2045 766 2107 per
788 2027 886 2106 ipsum
908 2035 989 2088 creat
1009 2025 1112 2100 Pater,
1146 2043 1239 2104 seque
1266 2026 1296 2087 in
1318 2024 1386 2104 ipso

160 2124 268 2206 quibus
290 2126 416 2190 voluerit
441 2129 594 2208 patefacit,
629 2128 757 2207 illosque
786 2125 954 2190 illuminat?
996 2127 1049 2188 Vel
1071 2145 1162 2206 quare
1183 2125 1214 2186 in
1235 2125 1387 2205 Baptismo

158 2230 217 2290 una
239 2247 305 2292 cum
325 2228 414 2292 Patre
436 2229 607 2292 nominatur
627 2227 743 2291 Fihusi
764 2229 837 2290 Nam
860 2229 886 2291 si
902 2228 1112 2308 respondeant,
1135 2227 1251 2288 Patrem
1266 2224 1388 2288 minime

158 2329 306 2404 sufficere,
329 2330 420 2409 impia
442 2339 490 2391 est
511 2329 680 2409 responsio.
726 2329 757 2390 Si
779 2349 849 2390 vero
873 2329 1011 2391 sufficere
1033 2329 1163 2401 dicatur,
1186 2326 1264 2405 quod
1286 2326 1388 2406 utique

159 2431 204 2490 ias
235 2439 282 2492 est
310 2430 426 2505 dicere,
459 2430 529 2511 quid
562 2429 688 2510 quaeso'
702 2448 778 2510 opus
807 2440 853 2493 est
879 2429 955 2492 Filio
978 2428 1041 2492 sire
1064 2429 1096 2491 in
1117 2445 1218 2490 rernm
1240 2427 1388 2492 creatione

158 2530 223 2592 sive
245 2531 276 2592 in
300 2540 404 2594 saneto
426 2530 565 2596 iavacro?
587 2531 685 2614 Ecqua
709 2531 788 2595 enim
810 2533 854 2595 rei
877 2539 993 2594 creatae
1015 2549 1080 2595 cum
1097 2529 1236 2592 creatore
1250 2547 1387 2592 eommu-

159 2631 263 2695 nitas?
291 2635 348 2695 bnt
369 2653 460 2714 quare
482 2634 520 2710 id,
544 2636 624 2716 quod
646 2637 754 2698 iactum
778 2644 834 2710 est,
858 2653 923 2716 epm
945 2637 1013 2716 ipso
1036 2634 1176 2698 effectore
1199 2630 1388 2712 coniungitur

158 2733 190 2797 in
210 2735 345 2798 omnium
366 2735 557 2800 initiatione?
580 2737 630 2800 Vei
653 2757 705 2800 cnr
726 2739 843 2800 tandem
865 2737 940 2800 fides
962 2737 1123 2800 secuudum
1146 2754 1199 2798 ros
1222 2734 1389 2798 innomine

159 2837 248 2899 unius
271 2837 420 2902 creatoris
441 2840 592 2918 uniusque
613 2841 656 2901 rei
680 2848 794 2900 creatae
817 2837 963 2900 tradituri
1007 2839 1038 2900 Si
1062 2839 1140 2900 enim
1163 2837 1192 2897 id
1215 2837 1255 2898 ita
1276 2837 1325 2910 iit,
1355 2843 1389 2900 ut

161 2956 229 2998 cum
251 2937 401 3000 divinitate
423 2939 647 3016 coniungamur,
670 2937 741 3018 quid
763 2957 797 3000 re
819 2945 916 2999 creata
938 2956 1016 3017 opus
1031 2935 1100 2998 esti
1122 2937 1155 2997 Si
1169 2953 1250 3010 vero,
1272 2944 1306 2998 ut
1320 2953 1387 2998 cum

159 3037 247 3110 Filio,
270 3037 320 3116 qui
342 3056 391 3098 res
414 3045 460 3099 est
480 3045 594 3111 creata,
618 3040 751 3100 ineamus
773 3037 960 3110 societatem,
982 3035 1125 3099 inutiliter
1147 3034 1310 3096 secundum
1332 3051 1471 3102 nosram,

159 3129 227 3202 diiii
248 3155 358 3201 nomen
381 3137 538 3202 adhibetur
560 3137 589 3200 in
611 3139 780 3220 baptismo,
812 3137 958 3216 siquidem
979 3137 1077 3210 Deus,
1105 3134 1156 3216 qui
1177 3132 1283 3194 Filium
1304 3133 1388 3196 iilum

160 3241 268 3315 effecit,
292 3259 349 3303 nos
370 3260 490 3322 quoque
512 3239 648 3304 similiter
670 3239 747 3300 titios
769 3247 871 3320 potest
892 3239 1019 3301 efficere.
1064 3236 1249 3314 Quamquam
1268 3232 1387 3296 sihiius

156 3363 206 3406 res
230 3351 327 3406 creata
356 3351 419 3418 est,
454 3361 520 3404 enm
549 3361 650 3406 rerum
679 3350 860 3415 creatarum,
893 3359 969 3422 quae
995 3339 1112 3402 ratione
1133 3345 1206 3399 sunt
1225 3335 1387 3416 praeditae,

159 3595 277 3646 Commei.
293 3585 337 3643 dn
350 3585 501 3651 ricimeri
514 3597 564 3648 τοῦ
575 3597 643 3648 θεοῦ
654 3591 744 3665 λόγος,
831 3599 848 3648 i.
861 3596 965 3648 ieiehm.
978 3593 1002 3645 2.
1013 3602 1036 3645 et
1048 3595 1104 3645 editi
1116 3583 1154 3648 tic
1163 3585 1282 3652 κτίστην.
1307 3591 1387 3643 Ceteri

160 3655 279 3730 ὅμᾶνσς
295 3673 340 3714 etc.
359 3667 507 3718 intermediis
524 3669 629 3730 omissis,
799 3681 857 3716 mss.
878 3657 917 3718 sic
938 3656 988 3714 ἵνα
1010 3657 1131 3722 κτίστην.
1167 3661 1227 3712 ibid.
1245 3659 1386 3724 squeire.

195 3732 211 3781 i.
236 3732 376 3795 Sequeriao.
394 3724 465 3798 ἔχων
481 3727 550 3798 πρὸς
568 3727 616 3782 τὸν
632 3732 745 3801 πατέρα.
797 3735 887 3798 inpiis.
912 3732 1011 3784 Gobier.
1036 3731 1141 3782 i'siehm.
1162 3729 1184 3778 i.
1202 3737 1226 3778 et
1243 3728 1267 3780 4.
1284 3720 1332 3776 καὶ
1348 3719 1388 3782 εἱς

132 3843 135 3851 ,
161 3799 238 3850 Ceteri
264 3808 287 3850 st
311 3801 367 3850 editi
385 3791 457 3866 ἔχων
472 3795 524 3861 τὴν
540 3796 610 3869 πρὸς
622 3797 677 3851 ’τὸν
693 3817 745 3851 πα·
797 3795 829 3852 ἓν
844 3796 954 3867 κτίσμα.
990 3799 1051 3850 Editi
1074 3792 1121 3846 arui
1142 3789 1174 3847 ia
1189 3789 1298 3862 κτίσμα.
1333 3793 1388 3846 ntes

159 3863 233 3934 τέρα.
798 3871 897 3932 sequar.
921 3869 977 3930 Res.
1001 3866 1092 3928 bogiic.
1117 3865 1213 3918 Gobier.
1239 3863 1343 3915 i'eicim.
1362 3863 1387 3914 i.

192 3951 216 3998 g.
239 3936 280 3986 Sic
303 3935 404 3998 Sequor.
422 3935 478 3996 iias.
498 3943 521 3984 st
537 3935 642 3986 Feicim.
660 3937 684 3988 4.
722 3939 747 3988 tn
800 3944 823 3986 et
848 3938 872 3986 b.
908 3933 1107 4000 ocremdeipseu.
1153 3933 1232 3984 Ceteri
1259 3939 1283 3982 st
1312 3929 1385 3982 editio

160 4003 215 4053 aliis
233 4013 256 4054 et
274 4004 345 4056 editis
362 3995 392 4053 ἒν
409 4003 486 4053 deest.
521 4001 581 4051 ibid.
600 4003 705 4054 Fsieim.
723 4004 747 4054 4.
800 4003 918 4054 Commai.
943 3999 1120 4069 σοναφσοόσι.
1156 4000 1217 4050 ibid.
1239 4000 1339 4062 Sequor.
1363 4005 1389 4050 et

159 4078 184 4121 et
201 4071 223 4121 ⁵.
243 4069 282 4137 τῷ
299 4064 448 4138 empirici
466 4061 480 4118 d
498 4061 564 4121 otte.
801 4071 905 4122 ieiehm.
929 4070 954 4121 4.
977 4064 1019 4122 τίς
1037 4063 1126 4136 χρεία.
1161 4067 1205 4117 ani
1230 4074 1253 4118 et
1270 4067 1327 4118 editi
1347 4059 1387 4120 τίς

193 4139 217 4188 b.
236 4140 386 4204 SieSeguer.
399 4140 457 4202 hep.
468 4137 537 4192 Gohi.
548 4136 654 4190 Feichm.
665 4139 687 4188 l.
696 4145 719 4188 et
725 4137 749 4189 4.
798 4130 814 4198 ἦ
830 4133 919 4205 χρεία.

152 4206 188 4256 'bt
206 4206 263 4258 editi
280 4217 305 4257 et
320 4207 362 4258 aiii
379 4201 450 4276 πρὸς
459 4199 581 4288 ariorqr.
607 4206 668 4256 ibid.
678 4205 749 4269 Sepn.
834 4209 855 4254 t.
875 4207 974 4268 Sessar.
987 4194 1069 4265 οὔσης
1085 4201 1134 4264 τῆς
1145 4196 1263 4282 φύσεος.
1286 4201 1385 4252 Gohisr.

161 4271 232 4324 hasii.
250 4276 308 4337 iter.
327 4284 352 4326 et
365 4275 471 4328 Folchm.
489 4275 515 4326 4.
535 4289 551 4334 q
570 4267 653 4322 emt.
690 4264 750 4334 4ιῆ
799 4273 954 4324 deichmaoni
974 4272 997 4324 i.
1016 4281 1040 4322 et
1057 4269 1081 4324 4.
1099 4261 1384 4332 observantiarum.

159 4340 229 4390 abest
254 4343 284 4391 ab
307 4342 361 4392 aliis
378 4352 403 4394 st
420 4345 525 4394 editione
544 4342 662 4396 Commei.
696 4342 750 4394 iios
799 4341 860 4391 Editi
880 4341 961 4392 statii
979 4331 1196 4406 οὕσοςφῦσεως.
1223 4336 1385 4410 Μοιεεςοος.

161 4407 300 4488 Sequorim.
320 4411 417 4462 notter.
436 4419 460 4462 et
478 4411 581 4462 Feicbm.
602 4412 624 4462 t.
642 4403 680 4466 tis
697 4405 749 4470 τὴν
798 4409 895 4462 Gobier.
913 4409 1020 4462 Fsieim.
1031 4409 1088 4459 het
1104 4409 1127 4458 b.
1146 4401 1259 4485 riverps.
1294 4399 1390 4465 dasiro.

159 4489 280 4531 παντων.
795 4473 917 4544 γένηται.
947 4478 1031 4530 ceteri
1048 4483 1073 4526 et
1090 4477 1148 4533 editi
1163 4479 1316 4539 ymarum·

1126 4553 1186 4608 w
