3214 5048
167 317 170 323 ,
218 274 281 336 326
621 288 646 333 τ.
662 287 815 334 mansu
830 287 1051 336 εειωτνιεεοει

4 515 5 536 η
132 437 284 500 τοκετῶν
312 434 509 523 ποιημάτων
536 430 558 524 ἢ
584 435 801 524 γεννημάτων.
840 435 961 503 ταυτὸν
986 435 1049 524 γὰρ
1072 437 1221 525 εέρήκατι
1240 439 1282 504 τὸ
1301 443 1447 527 γέννημα

215 532 272 601 καλ
285 534 325 601 τό
339 541 478 620 ποίημα,
493 535 681 624 γράψᾶες
695 543 894 625 γεννηθέντα
908 531 929 625 ἢ
944 544 1142 626 ποιηθέντα.
1172 531 1233 626 κᾷν
1247 538 1310 626 γὰρ
1324 535 1447 627 ’ὑπερ-

215 641 281 724 ἐχη-
294 638 360 704 τῶν
383 635 491 704 άλλων
513 642 553 726 τῇ
575 629 742 726 συγκρίσει
764 635 783 704 ό
805 638 885 718 υὲός,
909 634 978 706 ἀλλ’
1004 635 1099 706 οὐδέν
1121 627 1220 727 ἧττόν
1235 638 1308 706 ἐστι
1321 647 1445 725 κτίσμα

216 735 328 824 ὥςπερ
348 733 497 826 κᾷκείνα·
518 741 573 806 καί
594 739 655 828 γάρ
677 743 730 807 καί
755 740 788 808 ἐν
810 737 926 821 αὐτοῖς
947 751 1019 821 τοῖς
1034 739 1135 829 φύσει
1149 747 1325 826 κτίσμασιν
1338 739 1446 828 εὑρεῖν.

217 837 308 908 ἐστιν
330 841 425 928 ἑτέρα
444 840 586 929 ὒὲτέρων
607 837 819 927 ὑπερέχοντα.
853 837 956 930 άστὴρ
971 845 1050 928 γοῦν
1073 837 1213 928 άστέρος
1233 843 1388 930 διαφέρει
1408 843 1447 910 ἐν

217 937 343 1028 δόξῃ),
372 940 473 1009 τότε
494 941 580 1009 άλλα
601 943 724 1011 ἑκαστα
746 944 833 1029 πρὸς
855 942 981 1031 άλληλα
1001 943 1086 1011 κατὰ
1107 944 1277 1030 σύγκρισιν
1299 943 1365 1027 ἐχει
1384 943 1446 1030 τὴν

217 1041 393 1129 διαφοράν.
436 1046 490 1112 καί
519 1039 557 1111 οὗ
586 1044 643 1112 διὰ
670 1045 768 1112 τοῦτο’
790 1045 832 1112 τὰ
852 1047 913 1129 μὲν
934 1044 1045 1131 κύρια,
1079 1045 1123 1112 τὰ
1145 1045 1181 1112 δέ
1200 1055 1275 1124 τοίς
1295 1047 1446 1132 βελτίοσι

217 1142 374 1224 δουλεύει,
398 1139 474 1211 οὑδὲ
495 1146 538 1213 τὰ
558 1149 618 1230 μὲν
639 1146 798 1234 ποιητικὰ
819 1145 912 1214 αἴτιά
934 1146 1014 1226 ἐστι,
1037 1145 1080 1212 τὰ
1101 1145 1138 1214 δὲ
1159 1139 1237 1233 παρ’
1262 1140 1379 1213 αὐτῶν
1392 1151 1446 1231 γί-
1494 1167 1501 1172 ·

216 1265 324 1311 νεται·
357 1240 442 1313 άλλόι
473 1245 585 1314 πάντα
615 1251 674 1314 τοὺ
708 1251 863 1333 γίνεσθαι
891 1252 945 1315 καί
967 1248 1140 1329 νοτίζεσθαι
1161 1245 1219 1332 τὴν
1242 1245 1344 1334 φύσιν
1367 1247 1445 1330 ἔχει,

217 1339 442 1434 ὁμολογοῦντα
464 1343 504 1413 δι’
530 1347 655 1416 ἑαυτῶν
676 1348 735 1416 τὸν
758 1348 955 1436 δημιουργὸν
972 1350 1108 1428 ἑαυτῶν,
1125 1343 1172 1427 ὑς
1182 1347 1306 1434 ψάλλει
1316 1348 1428 1434 Δαβίδ
1435 1367 1444 1384 ·

216 1446 256 1512 σί
273 1440 407 1532 οὑρανολ
430 1449 619 1536 διηγοῦνται
641 1449 740 1532 δόξαν
762 1453 856 1530 θεοῦ,
879 1456 1016 1537 ποίησιν
1039 1451 1075 1516 δὲ
1092 1451 1212 1535 χειρῶν
1227 1443 1328 1516 αὑτοῦ
1344 1443 1445 1535 ἀναγ-

216 1548 325 1634 γέλλει
344 1548 384 1615 τό
400 1549 609 1636 στερέωμα),
633 1551 789 1639 καθάπερ
800 1551 856 1619 καὶ
870 1549 1062 1637 Ζοροβάβελ
1075 1546 1093 1616 ό
1106 1549 1325 1638 σοφόςλέγει·
1348 1552 1445 1617 πάσα

216 1643 237 1737 ἡ
258 1653 298 1738 γῆ
319 1649 378 1738 τὴν
401 1645 564 1740 άλήθειαν
585 1655 693 1721 καλεῖ·
715 1657 768 1720 καλ
792 1649 811 1720 ό
833 1648 971 1739 οὐρανὸς
986 1648 1086 1739 αὑτὴν
1099 1647 1241 1737 εὑλογεῖ·
1262 1655 1317 1718 καί
1333 1650 1446 1718 πάντα

216 1748 260 1816 τά
287 1749 365 1836 ἔργα
392 1759 518 1820 σείεται
545 1757 598 1821 καί
621 1758 770 1840 τρέμει).
815 1755 862 1822 ἐί
884 1757 921 1824 δὲ
943 1755 1038 1820 πάσα
1059 1749 1079 1842 ἦ
1101 1755 1141 1840 γῆ
1162 1751 1222 1819 τόν
1245 1753 1442 1841 δημιουργὸν

216 1852 271 1918 καλ
293 1850 353 1940 τὴν
374 1847 537 1940 ἀληθειαν
558 1851 654 1940 ὑμνεῖ
674 1859 729 1923 καί
751 1850 878 1941 εὑλογεί
892 1858 946 1922 καὶ
962 1861 1083 1941 τρέμει,
1101 1853 1299 1941 δημιουργός
1313 1853 1351 1922 δέ
1364 1853 1445 1921 ταύ-

215 1975 275 2033 της
297 1947 316 2018 ὑ
337 1952 434 2040 λόγος
456 1955 535 2035 ἐστί,
558 1959 612 2024 καὶ
636 1952 735 2036 αὐτὸς
756 1959 869 2044 λέγει’,
882 1957 945 2043 ἐγώ
968 1955 1037 2040 είμι
1057 1953 1077 2043 ἡ
1094 1951 1282 2042 άληθεια’)·
1305 1949 1364 2022 οὑκ
1377 1953 1444 2043 άρα

215 2059 338 2139 κτίσμα
369 2055 458 2123 ἐστίν
487 2053 506 2123 ό
535 2056 646 2144 λόγος,
681 2053 766 2126 ἀλλὰ
786 2059 888 2142 μόνος
908 2058 1017 2137 έέδιος
1037 2060 1096 2123 τοῦ
1119 2055 1263 2143 πατρός,
1297 2056 1332 2126 ἐν
1353 2047 1382 2145 ᾦ
1402 2057 1445 2125 τά

216 2154 328 2223 πάντα
349 2153 523 2247 ἥρμοσται,
546 2164 600 2228 καλ
623 2155 723 2239 αὑτός
744 2155 895 2244 ὑμνεῖται
909 2158 1003 2244 παρὰ
1017 2158 1153 2226 πάντων
1170 2154 1215 2237 ιὺς
1229 2158 1444 2246 δημιουργός·

215 2255 301 2346 ἤμην
329 2258 406 2347 γάρ,
430 2256 476 2340 ὦς
498 2255 597 2341 αὑτός
619 2284 719 2350 φησι,
744 2257 822 2348 παρ’
847 2254 935 2347 αὑτῷ
959 2256 1190 2345 ἁρμόζουσα),
1213 2258 1270 2326 καὶ
1293 2255 1311 2326 ό
1333 2260 1442 2347 πατήρ

215 2383 281 2443 μου
304 2361 367 2440 ἑως
388 2359 466 2448 άρτι
487 2363 669 2450 ἐργάζεται,
693 2357 780 2450 κᾷγιὺ
804 2361 1017 2448 ἐργάζομαι).
1056 2360 1095 2426 τὸ
1118 2361 1154 2428 δέ
1177 2361 1240 2440 ἑως
1261 2359 1338 2447 άρτι
1357 2362 1443 2428 ’δεί-

215 2484 311 2527 κννσι
330 2461 371 2526 τὸ
393 2458 511 2543 άίδίως
532 2461 578 2542 ὥς
599 2463 696 2548 λόγον
718 2459 877 2549 ὑπάρχειν
899 2457 1000 2530 αὑτὸν
1015 2462 1049 2528 ἐν
1063 2463 1111 2548 τῷ
1126 2467 1246 2548 πατρί·
1268 2463 1367 2548 λόγου
1382 2462 1443 2551 γὰρ

216 2559 305 2627 ἰ’διον
327 2559 527 2645 ἐργάζεσθαι
546 2562 589 2628 τὰ
609 2567 668 2642 τοῦ
690 2564 819 2650 πατρὸς
841 2564 918 2650 ἔργα
939 2565 993 2629 καί
1015 2561 1060 2651 μὴ
1083 2558 1169 2630 εἶναι
1183 2562 1275 2640 ἐκτός
1289 2557 1399 2628 αὑτοῦ.

301 2665 355 2728 21:
384 2660 427 2728 El
449 2661 485 2728 δέ
508 2661 530 2729 ά
552 2657 570 2729 ό
593 2663 704 2750 πατὴρ
726 2663 903 2750 ἐργάζεται,
926 2666 1107 2732 ταῦτακαὶ
1130 2659 1149 2730 ὑ
1170 2663 1242 2741 υίὸς
1263 2661 1442 2746 ἐργάζεται,

214 2759 272 2828 καὶ
293 2760 316 2828 ἃ
336 2763 436 2844 κτίζει
458 2757 478 2829 δ
499 2761 580 2846 νὲός,
602 2767 708 2832 ταῦτα
728 2768 786 2832 τοῦ
808 2765 936 2851 πατρός
958 2765 1030 2832 ἐστι
1039 2772 1209 2849 κτίσματα,
1226 2761 1319 2847 ἔργον
1334 2760 1371 2828 δέ
1384 2761 1442 2828 καλ

215 2868 338 2949 κτίσμα
365 2863 437 2932 ἐστὶ
462 2868 523 2934 τοῦ
550 2866 679 2953 πατρὸς
706 2862 724 2933 ὑ
752 2865 840 2947 υὲός·
872 2861 969 2954 ἢκαλ
992 2860 1093 2945 αὑτὸς
1114 2862 1229 2933 ἑαυτὸν
1250 2861 1442 2950 ’ἐργάσεται

214 2965 270 3033 καὶ
292 2959 393 3046 αὑτὸς
415 2967 532 3036 ἑαυτὸν
555 2968 650 3037 ἐσται
669 2969 795 3050 κτίζων,
820 2967 935 3053 ἐπειδὴ
951 2966 973 3034 ἃ
987 2967 1157 3053 ἐργάζεται
1171 2960 1190 3032 ό
1204 2965 1324 3054 πατήρ,
1339 2967 1447 3033 ταῢτα
1471 3031 1477 3042 ,

147 3107 150 3114 ·
213 3066 351 3136 καὶτοῦ
373 3069 447 3138 υἱοῦ
470 3069 560 3140 ἐστιν
583 3071 669 3159 ἐργα,
693 3067 777 3158 ὅπερ
801 3060 929 3162 άτοπον
952 3063 994 3151 ἂν
1014 3069 1064 3156 εἴη
1087 3071 1142 3135 καί
1165 3064 1335 3149 ἀδύνατον,
1358 3059 1380 3154 ἢ
1401 3067 1445 3134 τὰ

214 3173 275 3237 τοὺ
303 3170 432 3259 πατρὸς
457 3174 574 3255 κτίζων
601 3175 657 3240 καὶ
680 3170 893 3259 ἐργαζόμενος
914 3165 1013 3248 αὐτὸς
1035 3164 1093 3236 οὑκ
1115 3163 1155 3238 άν
1178 3169 1229 3257 ε’ίη
1252 3169 1346 3256 ἔργον
1368 3161 1446 3235 οὑδὲ

214 3278 346 3356 κτίσμα,
369 3272 425 3338 ἵνα
446 3287 460 3324 ⁸
466 3273 511 3360 μὴ
535 3269 553 3338 ὑ
576 3267 675 3350 αὑτὸς
697 3271 871 3360 ποιητικὸν
893 3273 1001 3338 αέτιον
1025 3264 1071 3337 ὢν
1093 3269 1128 3338 ἐν
1141 3280 1215 3349 τοῖς
1228 3275 1447 3354 ποιουμένοις

128 3389 206 3436 εισι.
217 3365 421 3457 εὑρίσκηται,
454 3375 565 3438 ποιῶν
594 3367 677 3457 ὅπερ
702 3375 832 3458 γέγονεν
853 3367 988 3453 ἀὑτός
1020 3372 1147 3457 μᾶλλον
1169 3371 1205 3438 δέ
1226 3372 1310 3460 μηδὲ
1331 3377 1446 3437 ποιεῒν

216 3469 406 3554 δυνάμενος.
444 3473 520 3548 πῶς
539 3469 611 3556 γάρ,
635 3471 665 3538 εἰ
686 3467 762 3537 καθέ
787 3467 872 3556 ὑμᾶς
894 3473 930 3553 ἐξ
950 3467 1008 3540 οὖν
1031 3471 1136 3540 όντων
1158 3477 1297 3559 γέγονεν,
1321 3466 1393 3550 οἶός
1408 3475 1445 3536 τί

216 3565 289 3636 ἐστι
314 3567 357 3636 τά
385 3563 444 3635 οὑκ
465 3565 546 3637 όντα
568 3571 616 3650 εἰς
636 3571 675 3638 τό
698 3566 783 3639 εἶναι
805 3573 1014 3662 δημιουργεῖν
1021 3604 1031 3657 ,·
1066 3573 1095 3642 ελ
1117 3574 1154 3640 δέ
1174 3577 1296 3658 κτίσμα
1318 3567 1364 3640 ὢν
1387 3571 1446 3658 δη

215 3677 367 3756 μιουργεί
387 3672 442 3736 καλ
465 3667 564 3750 αὑτὸς
583 3673 733 3757 Ικτίσμα,
763 3671 858 3742 ἐσται
884 3679 937 3742 καί
969 3669 1019 3764 ἐφ’
1044 3672 1183 3744 ἑκάστου
1204 3680 1384 3757 κτίσματος
1404 3669 1445 3738 τό

216 3763 298 3839 αὑτό
327 3769 520 3857 νοούμενον,
549 3767 631 3851 άςτε
658 3771 827 3841 δύνασθαι
855 3775 933 3843 ικαί
960 3771 1045 3844 αὑτὰ
1073 3775 1293 3864 δημιουργεῖν.
1331 3775 1386 3840 καί
1415 3769 1446 3840 εί

287 3961 312 4020 1)
331 3963 354 4012 1.
374 3961 430 4013 Cor.
451 3962 491 4025 15,
509 3963 551 4015 41.
621 3962 647 4024 2)
666 3963 728 4014 Pul.
749 3963 781 4015 19
801 3963 854 4029 [18.
872 3962 961 4030 Lm,
979 3965 1004 4015 λ.
1073 3964 1100 4026 3)
1121 3965 1143 4014 1.
1161 3965 1232 4015 Ειδτ.
1249 3963 1276 4025 ί,
1294 3961 1328 4014 36
1346 3957 1446 4028 [hm

215 4027 243 4090 4)
261 4029 326 4080 Ιοισ.
349 4029 388 4092 14,
406 4029 431 4091 6,
501 4031 527 4094 5)
544 4031 612 4084 Ρτοι.
630 4031 655 4093 8,
674 4031 714 4083 30.
784 4033 811 4094 6)
828 4034 895 4084 ίοιο.
914 4033 939 4094 5,
960 4033 1000 4083 17.

214 4155 327 4230 μάτων,
352 4155 368 4225 ἢ
392 4155 429 4219 ok
452 4159 484 4215 ἑν
506 4165 562 4215 uxr
577 4165 708 4232 γενητῶν.
744 4167 803 4218 Item
853 4162 1029 4230 γεννηθέντα.
1064 4165 1127 4214 Εδίιί
1144 4157 1329 4240 γενηθέντα.ι

215 4231 274 4283 ibid.
291 4232 390 4296 ὃεςοιι.
411 4233 509 4285 comer.
527 4235 600 4285 Βει11.
619 4235 676 4300 fleg.
695 4235 803 4286 Felckm.
888 4249 910 4282 ε.
928 4235 1018 4294 Angue.
1030 4231 1127 4282 Gobler.
1138 4222 1450 4304 etFelekm.1·.melce.

215 4299 239 4350 1.
258 4302 282 4351 1.
300 4309 325 4350 τι
342 4301 367 4351 δ.
382 4293 487 4350 ταυτὸν
501 4293 566 4368 γάρ.
602 4303 681 4354 Ceteri
705 4312 728 4352 ιι
746 4301 803 4352 editi
887 4299 911 4348 b.
930 4299 1029 4360 Seguer.
1054 4299 1111 4347 Re.
1139 4293 1211 4343 Βτιίλ
1235 4292 1327 4353 ΑσίΙΙέν
1347 4291 1447 4364 ὓθῦζθῑ·

215 4358 302 4417 αὑτὸν
317 4361 380 4433 γά.
416 4369 804 4434 1111εω8εςτετ.11ετ.θιι11.
853 4363 960 4414 Felchm.
974 4365 995 4414 1,
1014 4372 1038 4413 ει
1054 4311 1177 4428 έλτερα
1193 4353 1302 4436 ἑτέρων.
1330 4354 1447 4430 ὒτιττιιι

210 4381 594 4500 ·1ις11οω.λῑι1ι1ω.1.ιι1.
617 4431 650 4486 τί
673 4432 803 4500 γέννημα
856 4431 913 4482 editi
939 4440 1052 4483 οισιιιτιι
1074 4424 1183 4496 ἑτέρων.
1220 4425 1311 4477 lhudem
1325 4419 1404 4502 βιιιΙ.
1422 4427 1449 4471 ιι

210 4501 279 4553 tuiti
304 4512 328 4555 ιι
354 4506 395 4556 nii
411 4501 526 4574 γένημα.
561 4505 614 4556 uox
637 4517 697 4554 τιτι.
719 4509 805 4551 omno·
856 4499 960 4550 1ι1τ1ισ.
979 4501 1005 4551 1.
1030 4489 1118 4564 ἇστὴρ
1141 4489 1206 4563 γάρ.
1245 4495 1306 4546 item
1324 4489 1383 4542 ιΙιιδ.
1399 4488 1449 4554 8ο,-
