3212 5060
255 221 318 286 588
657 235 686 278 s.
700 235 854 280 ιτουαιειι
869 235 1089 309 ιαειιεειεσονι

171 387 380 470 αωοτημένα
408 379 455 460 εές
481 379 594 448 πάντα
614 379 658 448 τὰ
678 381 853 468 θελήματα
875 376 992 462 αὐτοῦ,
1021 383 1075 448 καὶ
1098 380 1202 450 πάλιν
1225 382 1259 450 έν
1281 385 1328 470 τῷ
1350 409 1501 470 τριακο-

258 485 326 571 στῷ
348 481 512 570 τετάρτῳ·
541 479 653 550 πάντα
676 478 740 551 ὅσα
761 479 925 571 ήθέλησεν
949 479 967 549 ό
987 482 1100 570 κῦριος
1122 482 1279 570 έποέησεν
1302 484 1339 574 ἐν
1357 488 1404 572 τῷ
1431 481 1501 552 οῦ-

256 587 344 672 ρανῷ
372 587 428 650 καὶ
456 581 490 648 έν
516 584 556 670 τῇ
582 587 623 670 γῇ
644 587 717 652 ’καὶ
745 584 780 653 ἐν
807 595 882 664 ταῖς
908 583 1101 662 θαλάσσαις
1122 586 1177 651 καὶ
1201 583 1235 651 έν
1256 584 1385 666 πάσαις
1406 597 1497 664 ταῖς

257 682 455 774 ἆβόσσοις·“).
494 683 523 750 εἰ
543 685 604 768 μέν
627 673 685 750 οῦν
707 685 800 771 ἔργον
821 689 875 753 καὶ
890 693 1021 773 ποίημα
1035 684 1092 752 καὶ
1106 679 1154 764 εἷς
1169 687 1236 752 τῶν
1249 686 1384 752 πάντων
1399 685 1493 766 ἐστι’,

257 790 408 875 λεγέσθω
430 788 484 852 καλ
507 780 608 863 αὐτὸς
628 786 785 874 βουλήσει
806 786 1007 872 1γενόμενος,
1031 782 1118 854 οῦτω
1135 785 1197 873 γὰρ
1210 782 1494 874 έδειξενήγραφή

258 887 301 958 τὰ
328 885 502 974 ποιήματα
528 891 718 972 γίγνεσθαι,
749 891 803 954 καὶ
824 881 995 974 Ἀστέριος
1017 888 1053 954 δέ
1075 883 1093 953 ό
1115 887 1294 975 συνήγορος
1314 891 1373 976 τής
1394 889 1496 973 αἱρέ-

260 1015 344 1068 σεως
374 985 481 1074 τούτῳ
515 992 752 1073 συντιθέμενος
781 983 887 1066 οῦτως
913 987 1051 1076 γράφει·
1085 990 1151 1058 εἴτε
1177 989 1239 1077 γὰρ
1268 984 1403 1069 ἀνάξων
1426 993 1493 1056 τοῦ

262 1091 460 1179 δημιουργοῦ
483 1086 522 1153 τὸ
543 1090 691 1156 θέλοντα
712 1100 836 1170 ποιεῖν,
859 1089 919 1156 ἐπὶ
939 1088 1076 1158 πάντων
1098 1086 1222 1177 ὁμοίως
1243 1087 1426 1178 άνηρήσθω
1449 1090 1494 1158 τὸ

260 1177 385 1272 θέλειν,
409 1190 482 1258 ιἵνα
509 1183 662 1274 ἀκέραιον
691 1185 781 1278 αὐτῷ
810 1189 955 1276 σώζηται
983 1188 1022 1258 τὸ
1051 1189 1195 1276 ἀξίωμα,
1228 1192 1297 1260 εἴτε
1319 1181 1494 1278 προςήκον

262 1298 309 1382 τῷ
325 1295 397 1379 θεῷ
412 1290 452 1358 τὸ
465 1289 661 1377 βούλεσθαι,
679 1291 735 1359 καὶ
750 1291 806 1358 ἐπὶ
821 1295 880 1358 τοῦ
896 1292 1033 1378 πρώτου
1047 1292 1246 1383 γεννήματος
1258 1288 1435 1379 ὑπαρχέτω
1450 1293 1495 1360 τό

263 1406 420 1484 κρεῖττον.
466 1387 588 1478 οὐγὰρ
611 1390 650 1478 δή
674 1391 812 1460 δυνατόν
832 1393 884 1460 ἑνί
904 1396 1015 1462 τεκαὶ
1036 1397 1084 1480 τηῦ
1107 1388 1196 1480 αῦτηῦ
1218 1397 1291 1482 θεῷ
1312 1393 1352 1460 τό
1372 1396 1493 1462 θέλειν

264 1498 321 1566 ἐπὶ
353 1500 419 1564 τῶν
442 1497 672 1579 έποιουμένων
695 1489 869 1581 ἁρμόττειν
891 1494 1007 1561 καὶτὸ
1028 1493 1072 1582 μή
1094 1493 1281 1580 βούλεσθαι
1302 1495 1491 1582 προςήκειν.

263 1601 424 1686 πλείστην
451 1590 532 1682 όσην
556 1590 711 1689 ἀσέβειαν
733 1594 767 1663 έν
789 1605 861 1673 τοῖς
883 1594 1025 1682 ῥήμασιν
1048 1595 1165 1662 ἑαυτοῦ
1189 1599 1326 1676 συνθεὶς
1348 1592 1365 1663 ό
1388 1620 1494 1684 σοφι-

265 1699 359 1786 στής,
390 1695 442 1764 ότι
463 1721 500 1764 τε
528 1695 567 1762 τό
596 1702 738 1785 γέννημα
759 1695 815 1764 καὶ
835 1695 874 1762 τό
896 1703 1028 1781 ποίημα
1048 1695 1168 1765 ταυτόν
1191 1697 1278 1776 ἐστι,
1307 1699 1361 1766 καὶ
1385 1691 1434 1776 εἷς
1456 1697 1494 1764 ἐκ
1585 1721 1586 1724 ’

262 1802 398 1870 πάντων
420 1798 487 1862 τιῦν
509 1793 632 1863 οὄντων
654 1796 862 1883 γεννημάτων
884 1796 974 1865 ἐστὶν
997 1792 1015 1863 ό
1038 1797 1118 1877 υἱός,
1142 1798 1190 1878 εἰς
1211 1801 1310 1866 τοῦτο
1326 1799 1494 1866 συνέκλει-

264 1927 329 1984 σεν,
355 1897 408 1966 ότι
428 1895 471 1964 τὰ
492 1894 664 1981 ποιήματα
685 1896 870 1982 βουλήματι
890 1899 947 1966 καὶ
967 1899 1134 1984 θελήματι
1154 1899 1313 1987 προςήκει
1330 1902 1446 1985 λέγειν.

349 2007 399 2069 61.
449 1991 574 2066 Οὐκοῦν
597 1997 627 2064 εἰ
649 1993 749 2076 ἄλλος
772 1997 842 2065 ἐστὶ
865 2003 931 2066 τῶν
952 1999 1103 2080 πάντων,
1136 1996 1246 2086 δι’ςπερ
1268 2004 1339 2068 ίκαὶ
1362 2001 1397 2068 έν
1418 2009 1494 2079 τοῖς

264 2103 332 2189 πρὸ
353 2099 479 2168 τούτων
496 2097 645 2184 έδεέχθη,
669 2101 724 2164 καὶ
745 2100 871 2183 μᾶλλον
894 2100 936 2168 τὰ
958 2101 1035 2188 ἔργα
1058 2095 1099 2168 δι’
1118 2095 1217 2168 αὐτοῦ
1229 2107 1351 2187 γέγονε,
1374 2102 1422 2189 μὴ
1439 2105 1494 2170 λε-

264 2210 378 2292 γέσθω
398 2198 568 2286 βουλήσει,
599 2199 655 2266 ἵνα
674 2197 719 2286 μή
741 2201 796 2266 καὶ
819 2194 918 2280 αὐτὸς
939 2198 1045 2280 οὕτως
1065 2207 1206 2290 γένηται,
1236 2197 1347 2290 ὥςπερ
1370 2205 1428 2268 καὶ
1451 2201 1494 2268 τὰ

265 2299 306 2374 δι’
330 2299 431 2370 αὐτοῦ
452 2299 610 2386 γενόμενα
632 2306 779 2387 συνέστη.
816 2301 954 2388 καὶγὰρ
977 2298 995 2369 ό
1016 2305 1076 2387 μέν
1098 2305 1232 2382 Παῦλος
1253 2297 1313 2370 οῦκ
1337 2297 1490 2398 ὢνιπρό-

265 2429 359 2492 τερον
387 2399 523 2487 ὕστερον
552 2397 643 2486 ὅμως
665 2399 722 2468 διὰ
743 2401 933 2490 θελήματος
954 2407 1038 2490 θεοῦ
1061 2398 1280 2484 άπόοτολοςἿ
1304 2410 1440 2491 γέγονεν,
1464 2391 1486 2486 ἦ

266 2506 303 2572 δέ
330 2506 451 2591 κλῆσις
471 2497 564 2586 ήμῶν
594 2497 639 2580 ὡς
665 2504 750 2570 ποτέ
780 2501 836 2570 καὶ
863 2499 945 2592 αότή
967 2505 1012 2591 μὴ
1034 2495 1119 2572 οῦσα
1139 2508 1195 2572 νῦν
1219 2506 1256 2574 δὲ
1277 2505 1486 2591 ἐπιγενομένη
1528 2569 1533 2585 ,

266 2611 515 2692 προηγουμένην
538 2603 603 2686 ἔχει
624 2602 704 2689 *τήν
725 2603 883 2692 βούλησιν
890 2656 899 2686 ,
922 2607 976 2673 καὶ
1000 2601 1045 2684 ὡς
1067 2599 1168 2685 αὐτὸς
1189 2605 1292 2674 πάλιν
1313 2601 1331 2669 ό
1352 2601 1490 2679 Παῦλός

269 2729 363 2796 φησι,
386 2704 469 2773 κατὰ
489 2703 548 2793 τήν
572 2698 721 2772 εῦδοκέαν
743 2709 802 2772 τοῦ
818 2703 1008 2791 θελήματος
1023 2700 1124 2772 αὐτοῦ
1133 2709 1154 2785 ³)
1169 2712 1286 2792 γέγονε,
1309 2702 1413 2783 ιιτό,τε
1428 2700 1488 2768 διὰ

265 2807 422 2888 Μωσέως
444 2805 633 2892 λεγόμενον·
661 2806 834 2894 γενηθήτω
858 2811 931 2894 φῶς
952 2806 1008 2874 καὶ
1029 2806 1212 2894 ε’ξαγαγέτω
1234 2803 1253 2894 ή
1273 2809 1311 2893 ’γῦ
1333 2805 1386 2872 καὶ
1408 2825 1490 2870 ποι-

267 2909 398 2996 ήσωμεν
421 2906 646 2996 άνθρωπονέ),
668 2902 832 3006 ίἡγοῦμαι,
855 2906 948 2976 καθὰ
968 2911 1023 2976 καὶ
1046 2907 1079 2976 ἐν
1101 2919 1174 2988 τοῖς
1196 2909 1388 2994 ἔμπροσθεν
1404 2904 1491 2992 ε’ἰρη-

266 3037 332 3095 ται,
355 3015 413 3098 τῆς
434 3008 622 3098 βουλήσεως
643 3012 701 3076 τοῦ
724 3013 903 3088 ποιοῦντος
925 3005 1122 3077 εἶναιτοῦτο
1138 3008 1347 3097 σημαντικόν.
1378 3005 1490 3090 τὰμὲν

266 3114 328 3202 γὰρ
355 3112 400 3202 μή
432 3111 511 3180 ὄντα
538 3113 622 3178 ποτέ
649 3105 717 3177 ἀλλ’
743 3111 868 3191 ἔξωθεν
898 3109 1112 3198 ἐπιγινόμενα
1135 3107 1152 3178 ό
1176 3108 1374 3198 δημιουργός
1394 3111 1492 3201 Ῑιβου-

268 3215 398 3283 λούεται
423 3217 581 3301 ποιήσαι,
615 3211 673 3277 τόν
701 3213 737 3280 δέ
760 3213 847 3280 ἴδιον
870 3211 967 3298 λόγον
990 3212 1025 3292 ἒξ
1047 3207 1148 3278 αὐτοῦ
1172 3211 1273 3299 φύσει
1293 3207 1491 3297 γεννώμενον

269 3311 307 3378 οὔ
330 3313 607 3402 προβουλεάεται·
630 3311 793 3401 ἐντούτῳ
814 3312 876 3400 γὰρ
901 3308 918 3378 ό
941 3311 1050 3401 πατήρ
1066 3312 1108 3380 τὰ
1124 3311 1208 3379 ἄλλα
1224 3307 1529 3406 όσαβουλεῦεταιι·

182 3423 373 3494 μεταποιεῖ,
395 3418 450 3481 καλ
473 3414 665 3500 δημιουργεῖ
686 3411 720 3480 ἒν
742 3413 857 3500 τούτῳ,
881 3414 996 3496 καθὼς
1017 3417 1071 3482 καὶ
1091 3409 1240 3501 Ἰάκωβος
1263 3409 1282 3478 ό
1306 3410 1491 3489 ἀπόστολος

269 3513 435 3580 διδάσκων
458 3514 561 3600 ἐ’λεγε·
582 3513 763 3600 βουληθεὶς
784 3511 968 3602 ἀπεκύησεν
983 3511 1069 3603 ήμᾶς
1084 3514 1169 3602 λόγῳ
1185 3508 1385 3599 άληθεέαςἿ.
1406 3505 1492 3578 ‘bein-

269 3615 327 3680 οῦν
348 3609 368 3700 ἡ
390 3619 469 3700 περὶ
491 3613 626 3681 πάντων
648 3616 730 3682 1τιῦν
752 3641 789 3684 τε
810 3610 1086 3701 άναγεννωμένων
1107 3618 1161 3684 καὶ
1176 3618 1242 3682 τῶν
1258 3610 1351 3694 ἅπαξ
1364 3619 1492 3701 γινομέ-

268 3739 334 3781 νων
362 3717 421 3781 τοῦ
450 3719 535 3782 θεοῦ
555 3712 715 3802 βούλησις
737 3716 771 3782 έν
793 3719 840 3803 τῷ
863 3715 949 3803 λόγῳ
973 3715 1077 3798 ἐστίν,
1109 3715 1142 3784 έν
1165 3706 1192 3802 ᾧ
1213 3719 1267 3784 καλ
1289 3715 1332 3783 τὰ
1353 3713 1492 3794 δόξαντα

265 3911 267 3918 “
340 3899 1085 4036 1)Paa1.115‚³¹1113‚11.1,xx‚¹1311.,3.vu13.j;
1120 3905 1183 3955 ΡεεΙ.
1203 3906 1250 3958 111
1269 3902 1340 3972 [110.
1358 3899 1491 3968 Lxx.],2;

270 3967 647 4034 ΡεεΙ.135[134.1.111.,6.
717 3971 743 4034 2)
763 3973 785 4024 1.
804 3972 860 4024 Cor.
881 3973 909 4036 1,
930 3974 952 4023 1.
1022 3973 1154 4039 31Ερ1εε.
1175 3973 1249 4035 1,5.
1320 3973 1345 4034 1)
1364 3973 1449 4022 Genea.
1470 3972 1491 4034 1,

268 4033 354 4098 3.24.
374 4037 414 4088 26.
485 4039 715 4102 ῦ)1υεο1ν.1,18.

303 4186 327 4221 ι.
344 4165 392 4219 καί
414 4174 482 4224 abest
504 4188 518 4224 ι
541 4173 597 4235 λος.
611 4173 633 4224 1.
657 4183 682 4226 ει
698 4174 799 4252 Sequor.
817 4176 857 4240 qui
910 4175 1007 4228 Gobler.
1026 4184 1050 4228 et
1066 4174 1172 4226 Felckm.
1193 4174 1214 4225 1.
1236 4167 1286 4223 καλ
1307 4174 1420 4224 omittunt
1440 4178 1493 4226 ουλε

268 4236 342 4288 iidem
360 4239 460 4306 ibid2et
478 4243 534 4304 neg.
552 4239 575 4290 2.
595 4234 791 4292 όυόεσικαιέν
807 4236 858 4290 τιά-
904 4234 1046 4312 Ἄστέρως.
1437 4287 1440 4294 ,

267 4315 331 4358 σαιε
346 4305 413 4360 ταῖς.
451 4311 497 4359 Alii
516 4316 539 4360 ει
556 4310 614 4360 editi
630 4304 675 4358 καὶ
692 4301 722 4358 έν
738 4309 806 4364 ταῖς.
943 4327 964 4362 c.
983 4313 1039 4373 fleg.
1058 4306 1082 4360 1.
1100 4310 1171 4374 Segn.
1191 4309 1289 4362 Gohler.
1308 4307 1454 4359 ε11υ1ε1ου
1473 4307 1492 4356 1.

302 4373 327 4424 h.
346 4375 402 4437 neg.
423 4375 444 4425 1.
463 4378 536 4440 Segu.
556 4378 655 4428 Gobler.
672 4385 696 4426 ει
714 4377 819 4428 Felckm.
835 4377 856 4428 1.
909 4367 955 4427 ἵνα
971 4372 1017 4427 καὶ
1035 4373 1112 4444 ῥᾷον.

267 4433 416 4507 νένῦ““·“
454 4445 595 4498 ''flietodiu
608 4435 778 4511 γιγνόμενος.
802 4444 857 4498 Μαι
940 4445 965 4497 δ.
989 4445 1094 4498 Felckm.
1117 4443 1142 4498 2.
1165 4454 1190 4498 ει
1213 4445 1271 4498 editi
1291 4435 1496 4511 πραττομένων.
