3174 5082
412 312 557 356 Bl’lss'ltlu
571 311 610 354 ΒΕ
624 311 770 354 ΜΩΙΠΙΒ
785 311 930 356 ΝΙΟΑΙΝΔΕ
945 313 1065 356 Sidoni.
1310 303 1350 370 39

91 483 216 546 posse
242 461 468 542 intelligendum
495 469 559 535 esta
594 461 703 542 quippe
731 479 798 522 oum
827 461 886 541 ipsi
913 461 1001 524 etlam
1029 463 1170 528 homines
1197 468 1353 550 proprium
1361 483 1439 532 eus

95 566 245 630 verbum
278 565 350 628 citra
385 564 564 626 divisionem
595 579 629 624 ac
658 561 733 624 nibil
766 561 906 642 patiendo
931 564 1111 643 producent:
1140 567 1237 629 multo
1265 569 1354 650 igitru

96 667 219 747 mgis
238 665 320 728 lleus
343 681 431 726 suum
453 662 580 724 Verbum
602 661 696 744 gignit
716 662 827 742 absque
849 663 907 724 ulla
923 665 1067 728 divisione
1082 667 1215 745 nihilque
1231 671 1353 734 omnino

101 768 277 850 patiendo.
322 765 400 828 llinc
425 783 498 827 sane
524 765 592 844 ipse
619 773 652 826 ut
673 763 801 826 Verbum
822 766 859 826 ad
881 765 1011 830 derbem
1034 766 1130 829 Patris
1153 770 1256 844 sedet3
1284 790 1353 836 uam

103 870 178 932 ubi
202 877 251 930 est
270 867 374 940 Pater,
398 865 458 928 illic
479 874 509 926 et
530 865 595 928 eius
616 865 745 928 Verbum
767 873 830 942 est3
859 883 916 930 nos
936 877 1049 942 autem,
1072 877 1209 949 tanquam
1232 855 1352 936 res'la·

111 979 210 1041 ctae,
233 985 332 1030 coram
355 985 392 1030 eo
415 975 528 1030 stamus
550 965 706 1028 iudicandi.
750 966 803 1028 llle
825 966 980 1044 adoratur,
1003 971 1070 1050 quis
1092 971 1233 1034 adorandi
1253 973 1351 1036 Patris

112 1077 175 1132 est
194 1067 305 1144 Filius,
333 1085 389 1130 nos
418 1087 489 1131 vero
516 1068 691 1142 adoramus,
722 1067 883 1130 Dominum
913 1087 981 1130 eum
1003 1079 1033 1130 et
1053 1070 1145 1132 Deum
1167 1074 1352 1153 confitentes,

115 1169 195 1250 quia
218 1169 330 1232 scilicet
351 1169 439 1232 creati
462 1169 631 1250 diversique
654 1169 690 1230 ab
713 1169 763 1232 illo
787 1187 903 1232 sumus.

213 1577 261 1638 12.
306 1572 387 1646 Quae
409 1591 477 1634 eum
499 1572 539 1634 ita
561 1573 632 1646 sint,
653 1573 793 1646 attendat,
816 1592 938 1654 quaeso,
961 1575 1012 1654 qui
1035 1575 1162 1638 veluerit
1183 1577 1352 1654 interillos,

116 1673 288 1753 exieratque
318 1671 441 1752 aliquis,
475 1673 525 1751 qni
555 1681 589 1734 ut
617 1693 671 1735 eos
693 1673 808 1754 pudore
828 1675 948 1746 alliciat,
982 1676 1019 1738 ab
1040 1675 1148 1738 iisdem
1171 1678 1351 1754 sciscitetur,

114 1783 223 1840 utrum
245 1777 291 1836 las
314 1773 354 1836 sit
375 1773 416 1846 id,
439 1773 520 1853 quod
542 1793 577 1836 ex
600 1774 662 1836 lleo
686 1783 733 1838 est
754 1783 784 1836 et
805 1776 944 1856 proprius
967 1777 1032 1838 eius
1055 1785 1103 1839 est
1124 1779 1219 1852 letus,
1242 1797 1279 1841 ex
1300 1780 1348 1842 ni-
1400 1762 1406 1772 ’

113 1875 185 1936 bilo
215 1893 281 1936 csse
309 1873 424 1948 dicere,
452 1893 488 1935 an
521 1875 592 1936 item
620 1876 717 1954 possit
737 1877 789 1966 vel
805 1877 903 1939 solum
925 1879 955 1939 in
978 1888 1107 1940 mentem
1131 1879 1215 1942 alicui
1238 1879 1350 1954 venire,

116 1974 154 2036 id
177 1973 257 2054 quod
279 1993 314 2036 ex
329 1973 391 2036 lleo
413 1985 467 2050 cst,
490 1975 587 2038 eidem
610 1977 762 2050 accidisse,
785 1977 824 2038 ita
847 1987 880 2039 ut
901 1979 998 2042 dicere
1019 1981 1135 2054 audeat,
1158 1981 1266 2044 Filium
1288 1999 1349 2044 uon

118 2093 245 2155 semper
277 2094 355 2138 esse.
397 2077 510 2156 Nempe
543 2077 592 2138 bio
623 2097 729 2140 rursus
763 2079 917 2142 bominum
946 2081 1139 2159 cogitationes
1167 2089 1289 2160 superat
1321 2090 1351 2144 et

115 2177 305 2242 transcendit
328 2177 391 2239 Filii
419 2179 581 2257 generatio.
624 2179 686 2240 Nos
716 2180 794 2240 enim
816 2179 1007 2260 propriorum
1029 2181 1157 2242 liliorum
1178 2189 1259 2244 certo
1283 2189 1350 2244 tan·

115 2288 184 2342 uum
212 2286 347 2358 tempore
375 2288 476 2360 patres
505 2279 665 2355 elliciruur,
692 2280 801 2360 quippe
830 2279 880 2360 qui
909 2301 975 2344 cum
1005 2291 1091 2344 antea
1120 2301 1180 2344 non
1203 2301 1349 2354 essemus,

117 2388 228 2458 postea
249 2379 317 2442 lacti
339 2381 502 2456 luerimus3
531 2389 562 2442 at
582 2381 678 2454 Deus,
707 2401 774 2442 cum
797 2399 917 2459 semper
940 2384 995 2452 sit,
1024 2401 1143 2462 semper
1164 2400 1283 2460 quoque
1304 2389 1353 2442 est

120 2479 188 2542 Filii
210 2479 307 2540 Pater.
352 2481 438 2542 Sane·
455 2499 555 2543 rerum
585 2490 749 2544 creatarum
777 2481 929 2562 generatio
957 2501 992 2544 ex
1023 2481 1215 2546 similitudine
1237 2499 1350 2560 cogno·

123 2580 232 2656 scitur,
262 2581 329 2660 quia
357 2600 426 2644 vero
449 2583 542 2646 Nemo
571 2590 655 2648 nouit
677 2584 788 2648 Filium
810 2587 872 2646 nisi
894 2583 1000 2656 Pater,
1024 2603 1118 2666 neque
1140 2582 1263 2646 Potrena
1284 2585 1351 2666 quis

121 2686 209 2746 nouit
230 2687 293 2744 nisi
312 2681 410 2748 riuus
439 2697 466 2748 et
489 2689 539 2748 cui
560 2685 656 2750 Filius
680 2685 880 2754 revelaverit.
911 2685 1021 2748 idcirco
1045 2684 1161 2757 Sancti,
1190 2681 1298 2764 quibus
1320 2681 1350 2742 id

120 2782 214 2845 Filius
236 2785 390 2858 revelarit,
413 2786 570 2866 imaginem
593 2787 737 2864 quandam
760 2805 794 2846 er
815 2786 906 2846 rebus
928 2784 1159 2865 aspectabilibus
1182 2783 1269 2846 nobis
1291 2783 1349 2845 bu·

124 2883 255 2944 iusmodi
282 2884 383 2944 verbis
412 2886 609 2962 reliquerunt:
641 2886 702 2956 Qui
732 2905 804 2964 cunr,
825 2890 865 2946 eit
894 2887 1039 2965 splendor
1059 2887 1177 2966 ploriue
1200 2896 1229 2946 et
1248 2885 1352 2965 fipuro

126 2983 318 3042 substantioe
340 2985 424 3049 einr,
447 2990 476 3040 ct
498 2982 621 3040 iterum:
647 2983 798 3053 Quoniam
820 2985 901 3062 opud
924 2997 951 3046 te
974 2994 1018 3044 ent
1039 2985 1110 3060 [ona
1133 2989 1223 3054 vitoe,
1246 2987 1279 3044 in
1302 2983 1351 3042 lu-

124 3083 207 3140 naa'rae
240 3088 292 3140 tuo
325 3079 489 3142 videbimus
523 3079 632 3140 lumen.
678 3079 803 3140 Verbum
835 3079 905 3140 item
933 3079 1073 3142 lsraelem
1104 3081 1264 3159 obiurgans
1297 3081 1353 3140 eit:

124 3178 328 3260 Derelr'quieti
345 3178 462 3258 sontem
484 3182 665 3260 sopa'entrire3
687 3179 752 3258 ipse
775 3197 867 3257 porro
890 3187 936 3240 est
957 3180 1036 3250 lons,
1058 3181 1107 3259 qui
1130 3179 1215 3240 dicit:
1238 3178 1285 3240 lle
1302 3180 1354 3240 de-

124 3281 317 3361 reliquerunt
338 3281 455 3358 [neum
476 3299 573 3362 oquae
595 3284 689 3342 niune.
735 3279 815 3340 llaec
837 3291 933 3342 autem
956 3280 1088 3362 exempla
1109 3279 1179 3341 licet
1199 3279 1272 3340 levia
1294 3279 1355 3340 sint

122 3381 282 3444 admodum
305 3389 334 3442 et
356 3379 482 3443 obscura
505 3381 542 3442 ad
565 3379 594 3442 id
617 3381 696 3462 quod
719 3379 855 3460 cupimus
878 3381 1112 3460 exprimendum,
1136 3400 1170 3442 ex
1192 3379 1239 3443 bis
1255 3391 1351 3442 umen

122 3480 244 3561 intelligi
275 3491 373 3560 potest
406 3481 543 3562 aliquid„
564 3482 643 3561 quod
677 3482 716 3544 sit
738 3499 827 3561 supra
850 3481 1003 3544 bominum
1026 3491 1175 3556 naturam,
1208 3501 1263 3544 uec
1283 3481 1350 3544 Filii

124 3582 345 3678 generationem
367 3592 489 3646 nostrae
511 3603 580 3646 esse
601 3582 739 3646 similem.
785 3583 859 3654 eris
882 3583 961 3644 enim
984 3584 1030 3644 vel
1050 3583 1226 3664 cogitatione
1248 3584 1348 3666 tingat,

124 3705 183 3752 nou
207 3704 276 3746 csse
298 3685 453 3762 aliquendo
476 3685 680 3764 splendorem,
715 3693 748 3744 ut
775 3683 880 3746 audeat
907 3684 1103 3758 contendere,
1135 3703 1195 3746 non
1230 3703 1349 3766 semper

123 3789 217 3850 luisse
239 3785 363 3859 Filium,
390 3785 436 3846 uel
459 3771 519 3848 non
542 3785 652 3860 luisse,
682 3783 857 3864 priusquam
879 3793 961 3846 esset
981 3783 1121 3864 genitus?
1163 3784 1308 3866 torquis
1332 3804 1348 3845 a

124 3887 188 3950 sole
211 3886 402 3966 splendorem
423 3885 582 3967 separabit,
604 3894 654 3948 eut
675 3887 788 3946 fontem
810 3885 867 3946 vita
889 3885 1045 3966 aliquando
1068 3885 1243 3947 destitutum
1264 3885 1347 3964 cogi-

123 3988 206 4061 tabit,
230 3993 263 4048 ut
284 3985 437 4048 insaniens
459 3987 546 4060 dicat,
570 4006 604 4050 eu
626 3985 718 4048 nihilo
742 4003 811 4048 esse
827 3987 943 4061 Filium,
967 3987 1016 4066 qui
1040 3986 1104 4065 ipse
1126 3987 1181 4048 ait:
1203 3985 1351 4068 liparem

124 4094 195 4162 vito,
219 4088 266 4149 vel
288 4105 356 4150 cum
378 4107 395 4150 a
418 4087 584 4151 substantia
605 4085 702 4148 Petris
725 4105 794 4148 esse
816 4087 980 4158 diversum,
1004 4087 1054 4166 qui
1077 4085 1156 4146 idem
1178 4085 1263 4146 dicit:
1290 4083 1353 4155 Qui

122 4209 168 4253 nae
188 4191 278 4262 uidet,
301 4189 383 4252 uidet
404 4200 432 4252 et
447 4185 593 4252 Putrem?
636 4185 781 4249 Nimirum
803 4206 870 4250 cum
884 4186 983 4248 Sancti
1005 4187 1079 4247 baec
1100 4203 1157 4248 nos
1178 4186 1218 4246 ita
1239 4180 1350 4245 intelli-

157 4392 178 4427 a.
197 4377 237 4427 Sic
252 4375 308 4440 lter.
344 4375 389 4426 llil
416 4389 471 4426 rero
498 4383 522 4425 et
551 4375 608 4426 editt
626 4363 711 4423 ciria
763 4373 874 4436 legerunt
890 4372 1045 4438 interpretes.
1081 4371 1161 4420 Ceteri
1173 4377 1196 4418 et
1205 4365 1261 4417 editi
1274 4353 1349 4422 ὗμῐν·

123 4446 244 4496 onittunt
799 4456 819 4490 r.
839 4441 880 4490 Sir
904 4455 963 4492 mss.
984 4449 1007 4492 et
1025 4439 1158 4502 Scriptura.
1193 4433 1256 4484 Editi
1274 4417 1352 4486 1710·

157 4513 180 4561 h.
199 4513 255 4574 lter.
274 4493 370 4577 ollula.
408 4511 462 4562 ldox
487 4511 517 4562 id.
537 4501 618 4578 ulpia,
645 4517 672 4562 at
690 4517 714 4560 et
764 4501 890 4558 relinere.
