3176 5058
246 221 306 282 12⁰
640 235 667 278 ε.
682 235 835 283 nummu
850 234 1073 278 εεσειιιοιεοοοι

154 399 234 468 ενοι
243 406 327 452 ποτε
349 378 404 450 ὅτε
425 375 484 448 οὐκ
506 371 554 470 ἦν,
577 384 637 448 τοῦ
659 383 697 450 δε
716 387 896 450 Διονυσίου
918 380 1147 462 διδάσκοντος·
1171 377 1189 448 ὁ
1213 383 1249 452 δέ
1262 407 1299 469 γε
1313 383 1396 466 θεὸς
1410 385 1464 454 αλ-

240 482 340 552 ῶνιόν
363 483 436 550 έστι
457 487 531 572 φῶς
553 481 629 552 οδτε
650 477 830 571 ἀρξάμενον
853 481 929 550 οδτε
950 483 1066 570 Ιλῆξάν
1088 503 1190 552 ποτε·
1219 478 1279 550 οὐκ
1301 473 1358 566 οὖν
1381 485 1463 555 αέῶ-
1511 527 1513 532 ,

236 608 312 652 νιον
341 583 516 669 πρόκειται
543 588 595 652 καλ
624 584 775 654 σδνεστιν
802 579 891 671 αὐτῷ
919 583 959 651 τὸ
981 579 1185 672 ἀπαύγασμα
1192 638 1201 667 ,
1225 584 1386 674 ι’ἀναρχον
1408 593 1463 658 καλ

242 682 385 772 ἀειγενές
406 687 674 776 προφαινόμενον
695 683 815 770 αὐτοῦς
847 691 902 756 καὶ
923 686 984 774 γάρ
1006 690 1059 755 καλ
1082 687 1169 775 πρὸς
1189 687 1248 775 τὴν
1263 686 1364 777 ἀλλην
1378 685 1465 758 άπο-

240 791 327 872 ψίαν
348 791 414 856 τῶν
436 788 604 875 λεγόντων,
628 785 682 856 δτι
703 794 832 876 πατέρα
853 790 955 876 λέγων
969 788 1150 870 Διονύσιος
1164 783 1222 856 οὖν
1237 782 1391 874 ὀνομάζοι
1403 793 1462 860 τὸν

242 888 330 970 υίόν,
352 893 406 958 καλ
428 891 530 959 πάλιν
552 890 625 958 υἱὸν
646 893 748 978 λέγων
771 885 829 958 οάκ
852 885 1006 976 ὀνομάζει
1026 891 1084 958 τὸν
1104 896 1244 978 πατέρα,
1268 886 1353 959 ἀλλὰ
1374 894 1464 961 διαι-

240 1001 295 1076 ρεί
314 994 367 1059 καλ
387 992 542 1078 μακράνει
562 996 617 1060 καλ
638 994 764 1078 μερίζει
784 992 842 1061 τὸν
864 992 936 1061 υἱὸν
958 987 1047 1060 ‘dab
1068 996 1127 1060 τοῦ
1143 991 1281 1080 πατρός,
1303 989 1463 1081 άἀποκρί-

240 1117 332 1162 νεται
352 1097 405 1162 καί
428 1095 574 1175 δυςωπεῖ
593 1095 738 1176 τούτους,
762 1097 865 1182 λέγων
886 1094 921 1162 έν
942 1098 989 1182 τῷ
1011 1095 1151 1184 δευτέρῳ
1172 1091 1308 1182 βιβλίῳ·

328 1203 375 1264 17.
423 1201 497 1265 Τῶν
525 1193 581 1264 ὑπ’
612 1197 693 1283 ἐμοῦ
721 1199 905 1281 λεχθέντων
927 1192 1097 1282 ὀνομάτων
1120 1197 1257 1264 ἕκαστον
1279 1192 1461 1284 ἀχώριστόν

239 1295 312 1364 ἐστι
337 1302 391 1365 καί
421 1295 610 1387 ἀδιαίρετον
631 1303 690 1366 τοῦ
713 1301 873 1388 πλησίον·
901 1305 1031 1385 πατέρα
1053 1294 1165 1380 εἷπον,
1193 1301 1248 1366 καλ
1271 1301 1349 1385 πρὶν
1372 1293 1462 1366 ἀπα-

153 1438 157 1447 ·
237 1397 328 1485 γάγω
348 1398 406 1467 τὸν
428 1400 509 1480 υἱόν,
534 1401 699 1490 ’έσήμανα
720 1404 775 1468 καί
796 1405 913 1468 τοῦτον
936 1400 969 1468 έν
991 1403 1039 1489 τῷ
1055 1407 1175 1488 πατρί·
1198 1399 1270 1467 υἱὸν
1285 1399 1460 1488 ἐπήγαγον,

239 1501 270 1570 εί
290 1506 344 1569 καλ
366 1501 411 1590 μὴ
434 1503 641 1592 προειρήκειν
664 1503 722 1571 τὸν
743 1509 889 1590 πατέρα,
918 1503 1054 1582 πάντως
1076 1498 1116 1570 ἀν
1138 1502 1172 1569 έν
1193 1505 1240 1589 τῷ
1264 1502 1324 1589 υἱῷ
1346 1511 1462 1588 προεί-

156 1603 356 1688 εαιοληπτο.
401 1600 510 1689 ’ἅγιον
538 1607 669 1690 πτῶμα
696 1611 914 1693 προςέθηυα,ι
935 1599 1003 1671 ἀλλ’
1028 1601 1098 1690 ἅμα
1118 1607 1173 1672 καὶ
1195 1601 1306 1672 πόθεν
1326 1607 1381 1671 καλ
1404 1603 1462 1672 διὰ

238 1711 330 1784 τίνος
351 1695 425 1791 ἧκεν
447 1706 629 1795 έφήρμοσα.
675 1708 707 1773 οἱ
730 1708 765 1774 δέ
788 1703 845 1774 οὐκ
866 1708 989 1788 ἰ’σασιν,
1014 1703 1067 1774 ὅτι
1087 1706 1170 1794 μήτε
1192 1703 1461 1794 ἀπηλλοτρίωται

240 1805 350 1894 πατὴρ
373 1807 445 1872 υλοῦ
467 1797 489 1895 ᾗ
511 1807 637 1896 πατήρ,
660 1808 941 1895 προκαταρκτικὸν
962 1808 1023 1895 γάρ
1047 1808 1198 1895 δοτικῆς
1220 1813 1401 1895 συναφείας
1421 1808 1460 1874 τὸ

241 1904 363 1993 ὄνομα,
387 1905 463 1976 οὔτε
483 1904 522 1976 Ιδ
544 1910 615 1990 υίὸς
637 1905 826 1997 ἀπῴκισται
846 1913 906 1977 τοῦ
928 1908 1071 1996 πατρός,
1101 1905 1121 1998 ἡ
1142 1907 1204 1995 γάρ
1226 1907 1337 1995 πατὴρ
1358 1933 1461 1996 προς-

238 2017 357 2097 ηγορία
390 2011 486 2098 δηλοῖ
515 2011 574 2100 τὴν
605 2019 793 2093 κοινωνίαν,
828 2013 862 2080 έν
890 2037 927 2080 τε
953 2023 1027 2090 ταῖς
1054 2013 1164 2098 χερσὶν
1192 2005 1301 2076 αὐτῶν
1329 2010 1401 2078 έστι
1421 2010 1460 2078 τὸ

238 2114 378 2195 πνεῦμα,
400 2113 482 2200 μήτε
502 2117 561 2181 τοῦ
584 2120 777 2200 πέμποντος
797 2113 879 2201 μήτε
900 2116 959 2180 τοῦ
982 2119 1141 2201 φέροντος
1163 2110 1341 2196 δυνάμενον
1364 2115 1460 2179 11στέ-

238 2219 370 2298 ρεσθαι.
415 2219 490 2296 πῶς
519 2207 576 2284 οὖν
605 2213 623 2282 ὃ
651 2217 782 2296 τούτοις
807 2215 975 2302 χρώμενος
1001 2225 1073 2293 τοίς
1095 2211 1236 2298 ὀνόμασι
1256 2209 1460 2300 μεμερίσθαι

237 2318 416 2384 ταῦτακαὶ
440 2314 639 2406 ἀφωρίσθαι
662 2320 834 2398 παντελῶς
856 2311 1004 2402 ἀλλήλων
1027 2315 1161 2400 οέομαις
1193 2317 1247 2380 καλ
1268 2309 1337 2399 μετ’
1366 2309 1460 2401 ἀλίγα

239 2416 357 2503 έπάγει
388 2421 507 2505 λέγων·
543 2416 629 2486 οὕτω
656 2423 717 2504 μέν
744 2416 840 2508 ἡμεῖς
868 2419 916 2497 είς
936 2443 973 2485 τε
1000 2417 1059 2506 τὴν
1087 2416 1207 2502 τριάδα
1234 2414 1308 2505 ἰτὴν
1330 2415 1460 2502 μονάδα

237 2518 445 2602 πλατάνομεν
474 2516 677 2606 ἀδιαίρετον,
707 2524 760 2588 καλ
791 2521 849 2610 τὴν
877 2519 996 2607 τριάδα
1023 2519 1126 2587 πάλιν
1148 2513 1310 2602 άμείωτον
1332 2517 1379 2596 είς
1400 2517 1458 2604 την

236 2617 366 2701 μονάδα
388 2622 728 2708 συγκεφαλαιούμεθα.

327 2727 373 2788 18.
417 2717 502 2788 Εἶτα
522 2725 575 2789 καί
598 2723 840 2808 αἰτιασαμένων
862 2721 970 2804 αὐτόν,
994 2719 1039 2802 ῶς
1060 2723 1118 2791 ἕνα
1135 2724 1270 2808 λέγοντα
1283 2721 1347 2786 τῶν
1363 2742 1459 2806 γενη-

237 2824 305 2888 τῶν
327 2817 412 2890 ελναι
434 2823 492 2890 τὸν
514 2823 586 2892 υίὸν
607 2829 661 2894 καλ
683 2825 728 2916 μὴ
752 2823 930 2911 δμοοάοιον
952 2828 998 2912 τῷ
1021 2831 1140 2911 πατρί,
1171 2820 1270 2902 αὐτὸς
1299 2819 1400 2888 πάλιν
1423 2821 1458 2888 έν

238 2923 299 3008 μέν
320 2928 367 3012 τῷ
389 2924 512 3015 πρώτῳ
533 2929 653 3016 βιβλίῳ
674 2927 752 3008 τοὺς
773 2927 944 3007 τοιούτους
966 2928 1122 3012 διελέγχει
1143 2927 1262 3011 λέγων·
1286 2921 1371 3009 πλὴν
1394 2921 1457 3008 ἐγὼ

236 3026 354 3114 γενητά
373 3053 449 3096 τινα
469 3033 524 3098 καλ
546 3030 673 3119 ποιητά
692 3034 788 3098 *ma
810 3027 920 3119 φήσας
941 3035 1106 3109 νοεῖσθαι,
1129 3031 1196 3095 τῶν
1215 3029 1277 3112 μέν
1298 3025 1457 3092 τοιούτων
1549 3069 1550 3085 1

238 3122 283 3206 ὥς
304 3125 518 3218 ἀχρειοτέρων
540 3132 576 3213 ἐξ
596 3133 779 3221 ἐπιδρομῆς
801 3127 896 3200 εἶπον
919 3131 1184 3217 παραδείγματα,
1215 3128 1289 3196 ἐπεὶ
1316 3126 1398 3216 μήτε
1418 3125 1457 3192 τὸ
1548 3155 1549 3179 ι

237 3229 341 3316 φυτὸν
364 3232 446 3321 έφην
467 3238 515 3322 τῷ
537 3237 678 3322 γεωργῷ,
701 3233 783 3318 μήτε
803 3236 851 3319 τῷ
873 3235 1029 3320 ναυπηγῷ
1051 3231 1089 3299 τὸ
1112 3231 1265 3319 σκάφος.ι
1301 3223 1373 3296 εἶτα
1386 3237 1459 3306 τοῖς

238 3330 439 3415 ίκνουμένοις
460 3337 514 3400 καὶ
536 3338 817 3421 προςφοεστέροις
839 3332 1046 3420 ἐνδιέτριψα,
1076 3337 1130 3401 καλ
1156 3335 1258 3399 πλέον
1282 3329 1457 3418 διεξῆλθον

237 3432 314 3515 περὶ
336 3433 402 3497 τῶν
425 3427 672 3520 ἀληθεστέραν,
696 3437 834 3502 ποικίλα
854 3435 1150 3522 “προςεπεξευρῶν
1171 3427 1345 3521 τεκμήρια,
1370 3427 1457 3516 άπερ

271 3601 293 3636 ο.
313 3585 410 3636 Tauria.
430 3588 498 3640 colb.
518 3588 563 3638 les.
581 3585 672 3649 λῆξαν.
903 3594 919 3643 ί.
939 3583 1020 3658 ἀγιον
1037 3592 1104 3643 δοιοί
1123 3593 1146 3641 in
1165 3591 1262 3641 Τοοτίσ.
1282 3588 1351 3639 Colb.
1365 3589 1412 3637 [τι.
1433 3593 1458 3637 οἱ

271 3653 294 3702 b.
315 3651 374 3703 Εδίιί
399 3646 522 3722 ἀναρχδν
544 3669 580 3706 τε.
622 3659 669 3708 sed
697 3671 726 3706 τε
751 3659 820 3711 deest
869 3661 908 3711 Fr.
929 3660 946 3709 ί.
981 3661 1008 3710 ln
1027 3661 1084 3710 aliis
1098 3674 1153 3709 vero
1172 3667 1195 3708 τι
1214 3660 1237 3706 in
1256 3655 1327 3706 editis
1346 3653 1459 3705 habetur.

236 3721 261 3772 in
280 3721 336 3784 fleg.
356 3721 452 3790 Ττσνίο.
472 3724 541 3775 colb.
560 3725 605 3776 Ιει.
642 3726 701 3776 lbid.
720 3728 817 3778 Τοοιὶσ.
870 3727 946 3780 Paulo
965 3736 1022 3792 ροεῑ
1039 3728 1136 3780 Τιοτίο.
1155 3734 1179 3776 ει
1197 3724 1243 3776 leo.
1260 3716 1394 3791 έφῆμησα
1410 3737 1457 3787 pro

237 3787 306 3840 Colb.
331 3789 376 3840 les.
399 3791 472 3842 Basil.
497 3791 534 3841 Fr.
554 3793 572 3844 1.
596 3787 817 3862 προφερόμενον,
872 3787 1030 3862 ἔφη’ρμοσα.
1069 3796 1109 3844 Fr.
1127 3794 1146 3843 ί.
1164 3783 1298 3860 ἔφη’μισα.

237 3855 284 3906 Sed
304 3859 484 3934 p'raesmnegii
503 3868 527 3910 οι
543 3862 818 3930 εδίιονοτοίοεῑίοπρο-
902 3879 927 3926 ς.
946 3868 995 3913 λιι.
1022 3855 1037 3910 δ
1067 3863 1091 3913 in
1111 3863 1166 3923 fleg.
1192 3859 1310 3911 habetur:
1335 3861 1358 3909 in
1385 3857 1457 3908 editis

236 3937 414 3990 φαινομέναν.
450 3929 527 3978 Prona
552 3937 630 3980 οσιοτο
654 3938 691 3980 est
709 3947 818 3982 commu·
870 3945 926 3982 τετο
945 3938 969 3980 et
987 3931 1010 3980 in
1029 3929 1211 3981 rammoth.
1230 3929 1276 3978 Ιεε.
1296 3926 1457 3978 desideratur.

237 3992 296 4043 tatio
321 3994 386 4046 νοιίε
416 3989 645 4063 προφαινόμενον
668 3999 691 4047 in
715 4011 821 4064 προφε·
873 3997 1091 4063 ΡυαΙοροεῑῦοΙίν.
1109 3989 1139 4045 έν
1157 3989 1271 4049 aetate.
1307 3997 1458 4058 θεατροττο

237 4051 369 4128 ρέμενονε
393 4064 496 4128 primum
522 4065 584 4114 enim
608 4059 820 4133 προφενάμενον
872 4067 956 4116 ουσία
973 4066 1048 4116 sodes
1067 4079 1121 4116 cum
1141 4065 1178 4114 Ιιίε
1196 4079 1258 4130 quae
1277 4063 1398 4112 habentur
1413 4075 1458 4110 ιο-

237 4127 311 4178 εετίοἰ
330 4131 416 4193 potnit,
434 4137 459 4181 nt
477 4131 527 4181 ίειε
546 4134 578 4182 ίίι.
607 4134 666 4184 Hine
679 4126 820 4201 τρυφερά·
870 4150 914 4200 pra
934 4135 957 4184 in
968 4133 1122 4198 Ειροιὶιίοοο
1133 4132 1199 4182 Fidei
1218 4144 1301 4182 νετοοε
1319 4131 1391 4180 flue·
1407 4123 1456 4194 [ιδ.

236 4207 321 4262 μενον
338 4197 403 4247 facili
421 4197 489 4262 lapsu
509 4201 597 4250 ίνιιοσι
616 4202 695 4250 ruerit.
872 4215 894 4268 p.
915 4201 947 4252 10
974 4202 1045 4252 huius
1064 4198 1142 4264 εδίῑ.].

271 4279 291 4314 c.
310 4257 366 4312 ἀπδ
383 4265 451 4316 deest
470 4269 492 4316 in
511 4268 608 4317 Τιοιίσ.
627 4268 695 4332 colb.
715 4270 760 4320 Ιει.
904 4269 926 4318 h.
946 4269 1043 4319 Τιστίο.
1062 4268 1130 4319 colb.
1141 4267 1188 4316 λιι.
1200 4267 1239 4318 Fr.
1250 4266 1267 4315 Ι.
1286 4263 1457 4333 στερείτθαι.

266 4331 289 4380 d.
314 4332 341 4381 ln
366 4331 437 4382 oditis
463 4325 641 4402 ἀποκρίνεται
665 4336 747 4390 duent:
774 4337 818 4390 ειδ
903 4338 919 4386 λ
943 4337 1033 4386 Eximio
1058 4337 1117 4386 haec
1140 4335 1248 4386 τΙισεοΙτ
1277 4327 1328 4394 τὴν
1343 4326 1461 4399 μονάδα

230 4397 333 4449 habetur
352 4400 381 4480 ἰοο
395 4402 508 4452 omnibus
527 4403 658 4484 εογίίοίίισε.
868 4395 1040 4484 πλατδνρμεν
1057 4395 1215 4525 ἀδιαίρςιτογ
1231 4396 1278 4450 καὶ
1293 4391 1471 4502 τῂντριάδοη

269 4481 291 4518 ι.
309 4467 406 4519 Τισιισ.
426 4469 494 4524 colb.
513 4461 643 4538 έσημηνα.
867 4467 952 4520 παλιν
970 4467 1108 4537 άμείωτον
1124 4484 1137 4522 ε
1178 4483 1230 4531 την
1245 4464 1372 4537 μονάδα,
1393 4481 1479 4534 ροσε.
