2872 5046
350 225 466 270 conrna
480 227 697 272 anocmuanrnu
713 229 800 273 nmen
816 230 837 273 r.
1141 219 1200 288 871

23 397 83 439 rm
120 384 175 439 est
207 377 347 455 cogitare.
391 375 495 440 Carnis
525 377 604 440 enim
632 385 663 440 et
683 378 834 458 sanguinis
857 380 1031 461 ossiumque
1052 382 1204 463 specimen
1212 403 1289 448 eran

23 477 95 541 urit
108 477 279 550 Dominus,
301 495 418 538 necnon
439 477 529 540 animi
545 479 683 552 dolentis,
705 480 880 560 perturbati,
901 481 990 547 anxii.
1022 483 1102 548 llaec
1115 504 1204 548 nemo

23 580 61 642 *it
99 579 251 642 naturam
272 577 395 640 Deitatis
423 597 509 654 esse,
537 581 658 659 propria
680 590 778 644 antem
800 581 862 644 Deo
886 583 1049 648 secundum
1070 593 1205 650 naturam

48 689 150 754 sunt,
177 699 247 742 cum
269 679 365 742 Verbo
387 679 499 760 placuit
513 679 672 744 humanam
686 681 787 746 subire
803 685 1037 762 generationem,
1060 705 1206 766 suumque

23 802 43 844 s
77 800 170 861 opus
194 781 227 844 in
248 789 385 862 peccato,
408 781 604 862 corruptione
626 789 656 844 et
677 791 775 846 morte
797 783 974 848 dissolutum
996 787 1027 850 in
1049 787 1150 869 seipso
1174 788 1205 850 in

23 883 108 944 :atis
133 881 299 962 imaginem
321 881 498 945 instaurare.
544 882 733 964 Quapropter
753 885 865 964 peccati
888 885 1008 965 quidem
1022 890 1204 952 condemna-

23 1004 72 1045 ειη
103 983 139 1044 in
164 991 257 1055 terra,
279 983 494 1046 maledictionis
516 983 709 1046 abolitionem
731 984 763 1047 in
784 985 875 1065 ligno,
898 1005 915 1048 a
937 989 1129 1068 corruptione
1144 989 1203 1052 im·

23 1086 148 1147 itatem
172 1082 206 1144 in
228 1084 376 1164 sepulcro,
398 1084 564 1166 mortisque
587 1085 771 1150 solutionem
792 1085 824 1148 in
846 1087 964 1148 interno
987 1089 1113 1168 peregit,
1136 1109 1204 1152 om·
1256 1111 1260 1122 ·

23 1205 94 1267 nuc
127 1185 232 1248 locum
259 1185 437 1265 permeavit,
468 1193 501 1247 ut
523 1185 613 1248 totim
636 1186 769 1248 bominis
792 1186 917 1250 salutem
940 1187 1110 1266 perliceret,
1138 1207 1206 1252 cnm

23 1305 91 1350 ram
119 1294 247 1350 unsbac
269 1286 404 1366 imaginis
427 1287 458 1348 in
480 1287 582 1367 seipso
605 1286 746 1350 exhibuit.
789 1287 863 1350 Nam
886 1288 956 1368 quid
972 1295 1037 1352 erat
1050 1306 1127 1368 opus
1142 1288 1204 1350 Deo
1213 1309 1290 1355 nam.

23 1411 37 1452 n
57 1386 205 1450 foemina
216 1388 299 1450 nasci
310 1386 505 1468 dignaretur?
526 1387 597 1468 quid
612 1387 715 1450 sartori
731 1387 918 1452 saeculorum
934 1407 1022 1470 opus,
1043 1397 1079 1452 ut
1092 1397 1207 1452 statura

23 1507 175 1552 unorum
199 1505 324 1552 numero
347 1487 519 1552 cresceret?
540 1495 592 1550 ant
612 1507 719 1552 rursus
741 1488 811 1568 quid
830 1507 907 1570 opus
923 1489 965 1552 illi
980 1509 1078 1566 cruce,
1101 1491 1204 1571 sepul-

28 1599 92 1656 aut
118 1591 260 1665 inlerno,
282 1589 388 1670 quibus
411 1609 468 1651 nos
492 1589 614 1653 obnoxii
636 1588 704 1652 lacti
726 1607 848 1664 sumus,
878 1589 936 1653 nisi
958 1609 1015 1652 nos
1037 1599 1204 1672 quaereret,

23 1713 70 1754 ‚er
97 1693 244 1764 formam,
267 1710 342 1772 qnae
365 1698 488 1753 nostrae
503 1689 618 1754 ¹similis
641 1699 704 1764 est,
727 1707 784 1752 nos
806 1690 967 1754 vivificaret
988 1700 1076 1772 atqua
1097 1693 1135 1755 ad
1157 1692 1203 1755 si-

23 1793 171 1858 ludinem
200 1793 457 1873 imitationemque
483 1793 633 1872 perfectae
662 1790 798 1870 imaginis
825 1790 1024 1870 provocaret?
1076 1791 1203 1854 Imitatio

24 1917 58 1960 m
85 1892 289 1976 perfectionis
311 1893 463 1974 quomodo
486 1911 555 1956 esse
576 1892 724 1974 potuerit,
747 1891 808 1954 nisi
829 1891 914 1972 prius
937 1892 1085 1956 exstiterit
1106 1892 1199 1954 abso-

39 1993 227 2080 perlectic?
255 1994 336 2056 iuxta
364 1993 435 2057 illud
457 1993 612 2074 Apostoli:
641 1991 855 2074 despoliantes
878 2012 933 2058 noa
956 2003 1085 2056 celarem
1108 1993 1205 2056 bomi-

24 2149 35 2177 ,
63 2110 95 2162 et
120 2097 282 2160 induentes
305 2113 427 2166 novum,
450 2099 503 2176 gua·
522 2096 686 2158 seeundum
701 2094 798 2156 Deum
820 2105 942 2157 creatus
965 2104 1011 2157 est
1033 2099 1066 2156 in
1088 2100 1205 2158 acncta'-

46 2211 79 2264 et
103 2199 230 2263 iustitio
252 2198 402 2259 veritatis.

50 2503 83 2564 6.
133 2497 241 2576 Aque
264 2512 335 2574 ergo
358 2493 455 2556 educti
476 2493 641 2556 increatum
662 2492 743 2557 illum
765 2491 888 2558 dicitis?
932 2491 963 2554 Si
985 2493 1076 2574 igitur
1097 2501 1203 2556 natura

23 2596 198 2662 mutatione
220 2597 253 2658 lit
274 2596 420 2669 increata,
453 2613 525 2675 ergo
559 2602 589 2656 et
610 2593 767 2657 invisibilis
790 2593 843 2656 fiet
864 2603 893 2656 et
914 2593 1106 2671 immortalis,
1141 2609 1223 2659 nnn·

23 2712 133 2784 tqnam
157 2715 192 2760 ex
213 2705 310 2760 morte
332 2695 540 2769 resurrexerit,
564 2696 617 2757 sed
633 2695 739 2758 mortis
754 2713 881 2776 prorsus
896 2695 1019 2776 incapax
1034 2695 1101 2758 erit.
1137 2697 1202 2770 Qua

23 2785 186 2864 o'ratinne
208 2807 345 2860 mortuus
368 2804 417 2859 est
436 2796 600 2868 Dominus,
624 2797 650 2857 si
672 2797 822 2859 increatus
844 2797 975 2858 increato
998 2797 1088 2858 modo
1111 2797 1201 2860 adre-

23 2903 103 2964 itin
127 2897 261 2960 terram?
284 2908 334 2960 aut
355 2898 506 2977 quomodo
528 2896 670 2972 risibilis,
694 2905 724 2959 et
744 2897 899 2978 palpabilis
922 2899 1017 2960 iactus
1040 2905 1100 2973 est',
1124 2897 1202 2961 sicut

23 3005 119 3082 iptum
144 3007 205 3060 est:
233 2999 322 3072 Quod
342 2999 470 3062 uidimus
493 3009 522 3061 et
543 3017 651 3061 munus
673 3010 799 3062 nostroe
815 2996 1107 3060 contrectaverunt?
1143 2998 1202 3060 Cur

23 3123 71 3183 {ue
94 3119 130 3164 ea
154 3099 263 3174 dions,
286 3117 361 3179 quac
384 3117 440 3160 nec
461 3099 572 3179 scripta
588 3099 648 3160 sint
669 3117 725 3160 nec
746 3100 790 3160 las
813 3097 854 3159 sit
868 3096 1023 3176 cogitare?
1053 3096 1202 3160 Omnibus

23 3223 51 3264 m
79 3200 238 3264 haereticis
266 3198 444 3262 sententiam
476 3198 704 3281 suppeditabitis
739 3197 957 3278 impiissimam,
990 3215 1079 3276 qnam
1109 3197 1202 3260 tenuit

23 3326 43 3367 n
66 3304 104 3377 is,
128 3301 179 3382 qui
201 3301 362 3364 llbetorins
386 3300 555 3375 vocabatur,
579 3301 662 3362 cuius
685 3299 867 3379 impietatem
888 3300 1001 3361 reterre
1015 3300 1120 3362 horret
1133 3299 1199 3361 ani-

25 3427 49 3470 s.
94 3405 154 3466 Aut
174 3403 262 3483 igitur
284 3401 403 3464 [lisinas
425 3411 531 3482 negate
554 3402 741 3482 Scripturas,
770 3411 820 3464 aut
843 3401 870 3464 si
892 3419 942 3462 eas
965 3399 1138 3474 admittitis,
1161 3419 1201 3463 ne

23 3515 95 3570 ieter
118 3523 162 3576 ea,
185 3523 260 3586 quae
282 3505 390 3584 scripta
414 3512 495 3578 sunt,
518 3504 573 3566 alia
596 3504 730 3584 prolerre
753 3502 924 3584 excogitetis
947 3501 1120 3564 insanabilis
1142 3502 1200 3564 lal-

25 3611 69 3672 iae
91 3607 189 3668 rerba.
233 3605 292 3667 Sed
314 3623 438 3667 rursum
460 3605 575 3668 dicitis:
604 3605 666 3666 Nos
689 3613 852 3668 creaturam
874 3620 936 3665 uon
957 3603 1127 3670 adoramus.
1173 3602 1198 3664 0

25 3706 71 3770 lti!
94 3726 147 3769 cur
167 3724 227 3768 nnn
249 3706 396 3786 cogitatis,
419 3727 529 3789 corpus
544 3706 674 3781 Domini,
697 3707 777 3787 qnod
791 3708 899 3768 lactum
916 3713 971 3780 est,
995 3704 1200 3776 adorationem

23 3896 116 3944 derisu.
133 3901 155 3943 et
173 3892 277 3942 Felclm.
290 3893 311 3942 1.
322 3878 482 3957 perurimur,
502 3893 560 3942 adili
612 3908 641 3943 eo
665 3906 742 3956 usqua
767 3891 875 3941 insaniae
892 3891 1028 3956 processit,
1050 3898 1084 3958 ¹nt
1107 3891 1199 3942 diceret

23 3959 111 4015 έσεως.
149 3962 238 4012 ibidem
257 3962 280 4010 in
300 3961 400 4024 Seguer.
418 3961 472 4010 solo
491 3963 560 4010 deest
611 3975 696 4010 omnes
715 3962 813 4010 omnino
833 3959 967 4008 haereticos
986 3966 1050 4008 reete
1068 3962 1158 4010 sentire
1176 3966 1201 4008 et

23 4027 151 4096 ισχέσθαι.
186 4029 251 4078 loire
269 4029 369 4089 Seguer.
388 4029 561 4078 Goblerirn.et
612 4029 705 4077 nullum
725 4041 821 4088 errsrc;
840 4026 904 4090 quod
924 4027 955 4075 ite
974 4027 1105 4075 absurdum
1119 4028 1198 4087 lugn-

23 4101 80 4148 clm.
102 4100 121 4148 l.
148 4088 242 4158 ἐζήτει.
288 4095 352 4146 Editi
379 4110 434 4146 reru
465 4105 489 4146 et
519 4096 559 4146 elii
611 4097 674 4148 atino
693 4096 793 4156 uidetur,
812 4101 837 4142 ut
854 4095 889 4143 vir
907 4108 962 4144 enm
980 4095 1198 4144 itacensissccra-

23 4163 103 4224 aliast.
611 4164 668 4213 dcra
686 4163 771 4226 possit.
807 4161 863 4211 lide
881 4161 1036 4212 Pliilastrium
1051 4153 1147 4211 baeresi
1157 4159 1197 4210 44·

23 4235 36 4282 l.
55 4237 150 4314 Seguer.
168 4242 190 4284 et
207 4231 300 4296 buglic.
319 4221 460 4284 ἀπίστως,
496 4230 558 4279 Editi
609 4239 633 4282 et
649 4233 745 4291 tugost
765 4229 859 4310 pueresi
878 4227 919 4278 tn.

23 4297 196 4368 atrinxrt'crp.
235 4301 285 4350 lton
304 4297 516 4361 Seguer.anler.
535 4305 559 4348 et
643 4314 665 4349 e.
684 4299 745 4348 Editi
763 4295 900 4363 οτιημεῖς
916 4309 955 4346 nr.
992 4295 1018 4345 lo
1037 4291 1196 4356 segrecdo·

23 4370 83 4418 clm.
100 4371 119 4419 l.
136 4361 268 4434 γεγονώς,
292 4363 393 4420 καθώς.
429 4367 557 4417 llbetorius
608 4366 669 4416 blec.
688 4373 712 4416 et
730 4365 833 4416 Felclm.
855 4365 877 4414 1.
896 4366 964 4414 deest
982 4354 1032 4410 ὅτι.
1068 4357 1196 4408 lbid·edill

23 4449 55 4482 πο
73 4437 128 4486 inira
146 4437 427 4501 memoratuspegpptins
438 4445 497 4498 erat,
516 4434 556 4500 qui
607 4435 752 4502 κτίσμαῐα,
773 4443 797 4484 at
814 4435 913 4496 Seguer.
931 4425 1067 4496 crispare
