2872 5046
369 211 587 293 'seraranan
604 249 783 294 reserarunt.
1141 237 1203 301 sbi

11 421 34 462 a
69 420 107 462 ex
137 397 301 481 sapientiae
322 397 488 462 substantia
509 398 647 462 conatu?
690 376 959 481 (inspectandi,
989 401 1038 481 qui
1067 402 1286 467 dicenturnam

2 501 149 574 ristiani‚
171 501 219 563 vei
240 500 388 580 ambigere
410 501 475 562 anai
497 509 577 574 sunt,
601 501 679 563 sitne
701 501 857 576 Dominus,
879 502 929 582 qui
952 522 988 564 ex
1003 503 1094 566 hieria
1115 513 1203 568 natus

15 649 26 674 ,
64 601 233 665 substantia
262 611 292 663 et
313 608 418 662 natura
441 619 494 663 sna
515 601 608 664 Filius
630 601 698 675 Dei,
726 603 888 686 seeundum
917 621 1035 667 carnem
1065 623 1137 667 varo
1166 625 1201 668 ex

1 755 2 762 ,
32 705 91 764 ine
114 701 205 765 David
228 711 259 764 et
279 719 314 763 ax
337 719 424 764 carne
440 702 564 764 Sanctae
579 703 687 764 hieriae
710 701 818 764 ortus?
862 703 988 778 Quinam
1012 724 1081 768 vero
1105 725 1138 769 ea
1153 717 1199 769 tc-

8 801 112 867 'ritate
133 807 261 877 fuerunt,
283 811 318 865 ut
338 803 479 878 dicerent,
502 803 663 878 Christum,
686 803 737 882 qui
758 821 846 864 carne
867 821 977 884 passus
998 815 1029 868 et
1042 807 1199 871 crucifixus

9 953 18 978 ‚
50 924 115 967 non
138 924 207 972 esse
229 905 387 967 bominum
409 913 438 968 et
459 902 642 968 salvatorem
665 923 699 966 ac
713 903 806 965 heum
821 903 986 984 Fiiiumque
999 908 1121 972 Patris?
1141 909 1290 972 Aetnaeo.

6 1008 125 1068 modo
148 1007 306 1070 Christiani
327 1007 431 1068 volunt
451 1005 625 1086 nuncupari,
648 1005 697 1084 qui
719 1004 822 1066 dicunt
842 1005 872 1066 in
887 1006 1026 1068 Sanctum
1048 1009 1199 1072 hominem

17 1109 98 1170 inde
120 1116 208 1189 atquc
230 1108 261 1170 iu
283 1125 374 1169 unum
397 1126 432 1169 ex
452 1107 611 1188 Prophetis
633 1107 754 1172 venisse
775 1106 922 1182 Verbum,
945 1126 1001 1170 nec
1020 1109 1118 1188 ipsum
1140 1113 1198 1173 ho·

0 1229 82 1272 nem
105 1212 214 1273 facturn
236 1209 329 1271 inisse
351 1227 385 1270 ex
401 1209 489 1270 hieria
505 1227 614 1288 corpus
635 1209 827 1283 assumendo,
850 1209 903 1272 sed
925 1209 1013 1272 aiium
1030 1227 1096 1272 esse
1111 1211 1199 1274 Chri-

9 1331 65 1385 m,
90 1319 122 1372 et
142 1311 231 1374 alium
252 1309 306 1372 Dei
330 1309 470 1382 Verbum,
494 1310 575 1389 quod
596 1317 664 1371 ante
680 1309 806 1373 Mariam
830 1317 859 1372 et
880 1317 948 1372 ante
970 1310 1086 1372 saecula
1107 1311 1200 1374 Filius

11 1423 27 1475 t
52 1412 177 1476 Patris?
219 1413 278 1473 dut
304 1430 362 1492 qua
390 1429 501 1491 quaeso
531 1411 647 1494 ratione
676 1410 834 1472 Christiani
863 1411 990 1486 marini,
1019 1411 1069 1491 qui
1098 1412 1200 1475 dicunt

21 1535 58 1576 m
82 1533 152 1577 esse
173 1513 280 1576 Filium
302 1520 333 1575 et
353 1512 441 1574 alium
464 1511 518 1575 Dei
538 1509 694 1574 Verbum?
731 1559 734 1569 .

52 1619 84 1682 3.
130 1615 211 1678 Haec
231 1614 262 1676 in
285 1613 512 1677 Commentariis
533 1621 626 1685 erant,
649 1612 776 1674 dirersis
792 1612 910 1692 quidem
925 1611 1035 1689 verbis,
1059 1615 1112 1676 sed
1128 1616 1196 1694 qui-

0 1767 6 1776 .
40 1737 104 1780 una
128 1716 290 1796 eademque
311 1716 458 1778 sententia
473 1716 575 1795 risque
589 1714 772 1795 impietatem
788 1722 926 1794 spectans
942 1716 1046 1778 inerat
1069 1717 1197 1798 Propter
1245 1713 1252 1720 ’

33 1827 145 1882 mutuo
173 1816 377 1898 disceptabant
405 1816 686 1896 concertahaatque‚
718 1816 769 1895 qui
796 1816 833 1878 de
861 1817 1053 1880 consessione
1074 1818 1194 1882 Panum

13 1937 93 1983 ena
116 1919 289 1998 gloriantur.
333 1917 397 1998 Ego
418 1936 488 1981 vero
510 1927 591 1980 tuam
614 1917 741 1990 miratus
762 1935 827 1979 sum
855 1918 1012 1997 pietatem,
1041 1937 1116 1998 quae
1145 1931 1195 1983 res

0 2031 33 2082 et
58 2020 225 2094 eiusmodi,
255 2028 285 2082 et
311 2019 391 2099 quod
417 2037 478 2080 non
505 2018 563 2080 illis
586 2006 707 2098 qnidam
730 2019 798 2082 talia
820 2018 1022 2082 dictitantihus
1044 2019 1193 2083 silentium

6 2123 121 2195 inerit,
149 2140 204 2184 nec
224 2122 304 2202 piam
325 2121 413 2180 tidem
435 2119 494 2180 illis
514 2119 727 2199 proposuerit,
756 2127 790 2180 ut
811 2120 856 2180 rel
879 2119 1119 2200 obtemperantes
1140 2141 1191 2183 ac-

5 2232 162 2297 escerent,
184 2222 231 2284 rel
246 2221 271 2284 si
286 2227 496 2300 repugnarent,
518 2238 574 2298 pro
589 2217 748 2280 haereticis
764 2217 954 2281 haberentur.
985 2219 1101 2281 Etenim
1117 2239 1192 2299 quae

2 2348 12 2390 r
40 2331 208 2388 memorata
231 2327 310 2394 sunt,
333 2337 429 2399 neque
451 2319 531 2380 dictu
552 2337 650 2398 neque
671 2316 773 2380 auditu
796 2326 866 2392 sunt
882 2318 1058 2381 Christianis
1080 2319 1190 2382 tolera·

1 2449 43 2500 a,
77 2424 132 2486 sed
154 2422 190 2484 ab
211 2421 382 2502 apostoliea
403 2419 537 2482 doctrina
559 2419 679 2500 paenitus
702 2418 872 2481 abhorrent.
918 2419 1062 2492 Quocirca
1084 2439 1189 2483 eorum

4 2539 55 2600 ta,
85 2533 118 2586 ut
143 2523 205 2586 iam
230 2530 391 2586 memorata
419 2530 506 2595 sunt,
536 2521 611 2602 ipsis
639 2520 739 2583 verbis
768 2520 799 2582 in
822 2519 954 2600 Epistola
976 2522 1190 2586 conscribenda

10 2631 78 2700 avi,
108 2633 141 2688 ut
162 2625 298 2707 quisquis
320 2593 462 2697 cncidit,
491 2642 595 2687 eorum
624 2622 838 2703 turpitudinem
869 2635 899 2686 et
919 2623 1100 2704 impietatem
1123 2625 1189 2686 ani·

2 2732 134 2793 dvertat
178 2727 215 2790 Et
242 2725 360 2790 tametsi
388 2726 545 2806 oportebat
572 2723 708 2798 illorum,
742 2725 793 2804 qui
821 2727 895 2786 haec
909 2725 1082 2786 commenti
1109 2733 1188 2796 sunt,

18 2831 115 2892 titiam
137 2828 279 2908 pluribus,
295 2846 418 2907 arguere
441 2837 470 2888 et
491 2827 655 2899 coniutme,
678 2833 806 2888 attamen
829 2824 923 2887 satius
946 2825 1188 2905 suissetEpisto-

1 2983 2 2988 ,
40 2931 101 2990 huc
121 2929 259 2990 desinere
281 2937 311 2990 et
332 2928 405 2989 nihii
426 2929 503 2990 nitra
519 2928 668 3008 scrihere3
690 2946 765 3008 quae
780 2927 859 2988 enim
874 2928 914 2988 ita
929 2927 1086 2989 manifeste
1101 2945 1188 3006 prava

12 3036 251 3102 monstrantur,
283 3028 430 3106 exagitare
459 3036 489 3090 et
516 3028 663 3090 curiosius
693 3027 832 3107 indagare
861 3045 921 3088 non
950 3027 1083 3106 expedit,
1111 3044 1187 3087 nea

1 3129 157 3190 ,tentiosis
179 3127 350 3191 hominibus
372 3127 509 3209 ambigua
531 3129 751 3200 existimentur,
774 3128 827 3210 sed
849 3127 959 3190 sufficit
979 3126 1027 3188 bis
1050 3126 1189 3188 duntaxat

6 3233 57 3293 bis
81 3230 116 3292 ad
139 3229 187 3292 ilia
208 3229 411 3311 respondere:
433 3229 514 3292 Haeo
536 3229 704 3294 Catholicae
727 3227 877 3290 Ecclesiae
900 3244 962 3288 non
984 3233 1069 3302 sunt,
1091 3243 1187 3306 neque

13 3342 62 3395 est
83 3331 201 3393 Petrum
224 3331 377 3394 sententia.
422 3330 577 3394 Caeterum
600 3350 638 3393 ne
660 3349 695 3392 ex
718 3338 863 3410 perpetuo
886 3327 1004 3391 silentio
1027 3327 1185 3406 impuden-

2 3460 7 3472 ·
39 3433 226 3495 occasionem
248 3433 390 3494 maiarum
411 3431 452 3494 iiii
475 3451 575 3494 rerum
605 3431 732 3494 artifices
754 3429 910 3510 arripiant,
940 3448 957 3490 e
985 3446 1019 3490 re
1041 3429 1130 3490 suerit
1151 3447 1186 3490 ex

3 3601 41 3635 ει
62 3583 109 3632 τοῦ
127 3582 202 3632 θεοῦ.
632 3587 649 3634 i.
674 3585 772 3647 Segaer.
792 3590 815 3632 et
833 3583 919 3647 Epipb.
938 3571 1128 3647 ὄνομοοθῶοι.
1152 3575 1186 3628 ιὰ

1 3677 10 3704 r.
32 3646 185 3716 ἄνθρωπον
194 3653 216 3701 in
232 3651 302 3700 editis
321 3653 412 3713 deerat,
430 3665 457 3702 ex
475 3666 547 3717 praa·
596 3646 651 3718 γὰρ
668 3646 860 3719 προειρημένα.

2 3723 24 3772 is
44 3720 184 3770 auctoribus
202 3729 226 3769 et
243 3721 546 3783 etSegaerianorestitui-
631 3752 653 3799 ὅ,
673 3737 713 3786 sp„
731 3737 830 3796 gennep,
846 3733 945 3785 poppe„
963 3734 1100 3784 eppepcpm,
1114 3733 1134 3783 1⁸
1160 3733 1186 3784 pn

598 3804 667 3854 editis
685 3795 798 3870 εἴρηται.

632 3888 654 3936 h.
674 3887 774 3946 Quidam
787 3900 844 3935 mss.
854 3883 1044 3950 κατηγορῆσαι
1051 3879 1097 3932 καὶ
1114 3877 1184 3949 ἐλέγ-

591 3967 664 4020 χειν.
700 3955 751 4003 iiox
777 3952 833 4000 τῶν
856 3951 944 4000 ταῦτα
967 3947 1181 4011 διανοηθέντων.

595 4021 692 4100 Cobier.
712 4021 815 4098 [etcum.
837 4022 858 4071 l.
877 4021 976 4080 Segnor.
995 4028 1018 4070 et
1036 4021 1123 4100 Epiph.
1135 4013 1185 4079 τὴν

7 4129 51 4204 tu·
73 4135 96 4176 ο
113 4125 217 4176 rnnm.
231 4126 250 4175 ¹·
270 4134 293 4175 ⁰¹
312 4139 339 4202 0¹.
357 4124 543 4202 „ferream-
593 4101 650 4206 bd}
670 4101 769 4222 aiiii?
779 4081 1011 4218 sddtd‘b‘d
1037 4099 1183 4206 33de

7 4199 77 4252 ’Μ’
103 4209 149 4244 '¹¹¹⁰
177 4200 276 4254 ⁰¹⁰⁰⁹¹⁰
295 4193 380 4257 ΒΨ·
405 4206 446 4256 ¹¹⁰¹
471 4191 544 4240 '‘ff“
594 4223 698 4274 aereum.
718 4225 739 4274 r.
758 4219 846 4272 nuno.
885 4223 946 4274 atriu
973 4231 996 4272 a
1020 4222 1060 4271 nn
1078 4215 1178 4268 nestor.

2 4256 322 4390 r'swfflgggffiwfflc'ml
344 4328 365 4377 ¹·
396 4336 418 4376 et
444 4327 542 4391 epiph,
593 4290 657 4342 inira
675 4293 774 4354 Segner.
792 4293 860 4342 sotus
878 4283 1085 4358 ἀποκρίνεσθαι.

1 3895 7 3905 .
29 3857 88 3906 diss.
112 3854 151 3903 aiii
175 3847 272 3918 λόγον,
298 3854 338 3904 alii
362 3846 423 3903 οἷόν
449 3855 544 3904 habent.

1 3942 3 3948 ’
23 3917 80 3990 πρὸ
95 3913 215 4002 ὀἰοίνονο
251 3923 292 3972 Sic
310 3937 367 3972 mss.
388 3923 438 3971 iera
451 3936 545 3981 omnes,

0 3995 69 4042 ditis
89 4003 140 4038 οπο
160 4003 277 4039 οιωνων.

4 4099 8 4108 .
29 4053 92 4108 υἱόν
109 4059 257 4108 restituimus
275 4072 302 4108 ex
327 4071 385 4106 mss.
403 4057 543 4117 Segnerian.

15 4391 221 4459 adrapatensi
249 4397 272 4448 in
291 4395 442 4462 quibusdam.
479 4395 540 4444 Editi
626 4394 642 4442 i.
667 4393 765 4454 Segoer.
791 4393 859 4444 scias
891 4383 1090 4456 ἀναισχυντίας.
1136 4385 1180 4434 diii

8 4474 92 4510 ουσαν
108 4455 231 4528 δύναμιν.
593 4449 784 4525 ἀναίσχυντον.
