3220 5046
246 287 306 350 160
457 296 463 304 ·
612 359 616 370 Ι
642 301 668 344 ε.
684 297 836 344 mmm
849 299 1072 344 ιοοοιενιεοονι

157 449 373 517 κατανεύσει
393 449 522 534 λέγοντι
541 446 648 535 τούτῳ
669 445 749 534 περὶ
769 440 989 526 ἀναστάσειος,
1012 441 1200 533 ἀρνουμένῳ
1221 443 1279 512 τὸν
1294 443 1329 513 ἐκ
1343 450 1464 532 νεκρῶν

241 545 284 617 δι’
308 545 394 638 ἡμᾶς
415 547 627 634 πρωτότοκον
637 553 657 627 ¹)
679 547 852 634 γενόμενον
872 547 1057 634 ’Χριστόνς
1088 550 1163 626 πῶς
1187 547 1224 614 δὲ
1240 543 1298 614 οὐκ
1312 545 1464 634 ἄντικρυς

241 648 405 739 ἀγνοήσας
435 648 495 737 τὴν
517 650 552 718 ἐκ
573 648 701 735 πατρὸς
722 654 781 716 τοῦ
802 650 876 716 υἱοῦ
897 656 1032 736 γνησίαν
1053 647 1110 716 καὶ
1131 643 1293 737 ἀληθινὴν
1314 653 1464 736 γέννησιν

241 749 495 839 πλανηθήσεται
514 750 571 818 καὶ
591 753 669 836 περὶ
690 753 749 840 τῆς
770 750 926 837 ένσάρκου
947 757 1134 836 παρουσίας
1149 745 1268 832 αὐτοῦς
1300 745 1387 816 οὕτω
1401 749 1463 837 γὰρ
1501 819 1503 822 .

242 851 298 920 καί
325 853 359 919 ολ
385 852 462 920 τότε
486 849 654 933 Ἰουδαῖοι,
689 845 909 939 ἀρνησάμενοι
935 851 994 918 τόν
1016 850 1113 937 λόγον
1133 853 1187 918 καὶ
1210 852 1373 938 λέγοντες·
1405 845 1464 918 οὐκ
1521 909 1533 930 „

242 955 356 1040 ἔχομεν
382 955 522 1040 βασιλέα
548 952 577 1020 ελ
604 951 649 1041 μὴ
677 956 878 1038 Καίσαραγ,
907 953 1042 1020 πάντων
1069 947 1206 1038 ἀθρόως
1233 945 1462 1040 ἀφῃρέθησαν,

241 1058 296 1123 καί
327 1054 498 1142 γεγόνασιν
531 1053 647 1142 έρημοι
674 1052 786 1142 φωτὸς
815 1053 946 1137 λύχνου,
982 1049 1086 1143 ὀσμῆς
1106 1052 1227 1138 μόρου,
1256 1061 1464 1142 προφητείας

241 1155 393 1244 γνώσεως
419 1159 471 1222 καλ
494 1149 594 1244 αὐτῆς
614 1158 673 1242 τῆς
695 1151 871 1238 ἀληθείας,
900 1159 953 1224 καὶ
978 1159 1033 1220 νῦν
1056 1149 1151 1222 οὐδὲν
1174 1160 1338 1234 συνιέντος
1360 1149 1405 1234 ὥς
1427 1153 1462 1222 ἓν

242 1257 348 1346 σκότῳ
374 1259 638 1345 περιπατοῦντές
666 1256 739 1324 εἰσι.
784 1263 836 1336 τίς
862 1256 923 1343 γάρ
951 1255 1069 1342 ἤκουσε
1090 1255 1231 1323 πώποτε
1252 1259 1409 1339 τσιαῦτας
1441 1251 1463 1344 ἢ
1475 1328 1478 1332 ,

241 1359 352 1427 πόθεν
374 1353 395 1446 ἢ
417 1357 510 1445 παρά
531 1364 620 1437 τίνος
642 1358 675 1424 ολ
696 1357 830 1437 κόλακες
850 1358 905 1425 καὶ
926 1357 1110 1444 δωροδόκου
1123 1360 1181 1444 τῆς
1196 1357 1353 1442 αἱρέσεως
1366 1355 1464 1446 ἤκου-

241 1485 305 1528 σαν
325 1464 481 1544 τοιαῦτα,·
513 1465 564 1538 τίς
595 1455 651 1526 ὅτε
677 1461 874 1546 κατηχοῦντο
896 1462 1034 1527 τοιαῦτα
1056 1458 1228 1547 λελάληκεν
1250 1455 1380 1542 αὐτοῖς,·
1413 1466 1464 1539 τίς
1538 1489 1541 1498 ’

241 1557 356 1641 αὐτοῖς
378 1563 510 1649 εἴρηκεν,
534 1556 589 1626 ότι
609 1558 667 1647 τὴν
690 1559 816 1648 είςτὴν
837 1565 962 1628 Ι’κτίσιν
984 1561 1137 1647 λατρείαν
1159 1555 1297 1648 ἀφέντες
1310 1567 1465 1646 κτίσματι

241 1665 296 1730 καί
318 1661 482 1750 ποιήματι
503 1660 605 1728 πάλιν
626 1666 851 1747 προςέρχεσθε
873 1660 1039 1748 λατρεύειν
1046 1690 1057 1745 ,·
1089 1661 1119 1730 εί
1140 1661 1245 1728 δὲκαὶ
1261 1657 1355 1730 αὐτοὶ
1370 1665 1465 1748 πρῶ-

243 1787 300 1830 τον
323 1767 379 1829 νῦν
403 1757 620 1848 ὁμολογοῦσιν
642 1756 814 1848 ἀκηκοέναι
834 1760 893 1830 *τά
913 1766 1060 1844 τοιαῦτα,
1084 1761 1128 1851 μὴ
1151 1758 1383 1850 ἀρνείοθωσον
1406 1757 1465 1830 άλ-

243 1865 377 1950 λοτρίαν
403 1867 457 1930 καὶ
484 1862 528 1950 μὴ
557 1861 591 1928 ίκ
619 1869 771 1948 πατέριον
794 1858 880 1930 εἶναι
900 1861 957 1953 τὴν
980 1865 1107 1950 αἵρεσιν
1127 1863 1257 1951 ταύτην.
1301 1863 1340 1930 τὸ
1363 1865 1398 1932 δέ
1418 1863 1463 1950 μθ

243 1963 278 2032 ἐκ
299 1969 451 2051 πατέρων
474 1958 557 2030 ἀλλὰ
579 1965 635 2030 νῦν
658 1963 837 2051 έφευρεθὲν
859 1965 912 2032 11τί
932 1960 973 2033 ἀν
995 1967 1045 2052 είη
1072 1966 1182 2051 ἕτερον
1196 1959 1217 2052 ἢ
1231 1967 1309 2052 περὶ
1324 1955 1364 2033 οὐ
1378 1989 1465 2052 προ·
1491 1971 1499 1978 “

243 2060 413 2153 είρηκεν,ό
440 2063 601 2152 μακάριος
628 2067 783 2144 Παῦλος·
816 2065 850 2134 έν
883 2061 1034 2155 ὐοτέροις
1060 2071 1188 2152 καιροῖς
1216 2061 1466 2155 ἀποστήσονταί

150 2191 154 2202 ·
241 2192 329 2246 τινες
350 2169 424 2255 ’τῆς
445 2163 654 2254 ὑγιαινούσης
675 2173 829 2249 πίστεως,
852 2173 1066 2255 προςέχοντες
1088 2167 1255 2253 πνεύμασι
1268 2167 1395 2256 πλάνης
1409 2167 1465 2236 καὶ

244 2269 473 2348 διδασκαλίαις
493 2269 684 2352 δαιμονίων,
709 2266 742 2334 ἐν
757 2263 932 2355 ὑποκρίσει
947 2268 1168 2354 ψευδολόγων,
1191 2275 1465 2358 κεκαοτηριασμέ-

242 2397 307 2438 νων
329 2370 387 2457 τὴν
410 2369 497 2438 ίδίον
520 2370 734 2457 οονείδησινἺ
757 2372 810 2436 καί
833 2364 1135 2459 ἀποστρεφομένων
1149 2369 1208 2457 τὴν
1223 2365 1432 2457 ἀλήθειανἺς

327 2477 357 2538 9.
398 2466 479 2538 ’ίδού
507 2469 568 2557 γὰρ
595 2467 690 2556 ἡμεῖς
717 2473 777 2555 μὲν
806 2471 841 2538 έκ
866 2475 933 2538 τῶν
955 2478 1061 2540 θείων
1081 2475 1217 2560 γραφῶν
1239 2472 1465 2561 παρρησιαζό-

243 2577 335 2656 μεθα
356 2573 434 2658 περὶ
455 2574 514 2658 τῆς
536 2569 689 2657 εὐσεβοῦς
710 2578 865 2654 πίστεως,
887 2577 942 2639 καί
965 2569 1010 2652 ὡς
1031 2572 1145 2656 λύχνον
1167 2572 1239 2642 Ιέπί
1260 2577 1319 2659 τῆς
1333 2572 1465 2656 λυχνίας

244 2677 404 2755 τιθέαμεν
426 2673 589 2758 λέγοντες·
612 2670 684 2751 υίὸς
705 2668 866 2760 ἀληθινὸς
888 2673 987 2762 φάσει
1008 2673 1063 2741 καί
1084 2674 1217 2762 γνήσιός
1238 2674 1309 2741 ἐστι
1322 2677 1380 2740 τοῦ
1396 2699 1465 2740 πα-

244 2771 330 2859 τρός,
353 2773 441 2854 ’ίδιος
461 2777 520 2861 τῆς
542 2768 657 2852 οὐσίας
679 2768 790 2856 αὐτοῦ,
814 2782 920 2865 σοφία
932 2773 1109 2864 μονογενὴς
1123 2776 1179 2843 καὶ
1193 2775 1288 2862 λόγος
1303 2770 1464 2862 ἀληθινός

242 2873 299 2940 καὶ
323 2872 425 2957 μόνος
452 2879 511 2941 τοῦ
538 2877 622 2942 θεοῦ
651 2865 748 2954 οῦτός
776 2877 878 2959 ἐστιν,
909 2873 966 2945 οὐκ
994 2879 1065 2946 έστι
1085 2885 1206 2963 κτίσμα
1228 2874 1303 2946 οὐτε
1323 2883 1463 2965 ποίημα,

244 2970 312 3042 ἀλλ’
338 2976 426 3044 ’ίδιον
452 2979 512 3066 τῆς
538 2981 597 3044 τοῦ
619 2976 748 3063 πατρὸς
769 2973 884 3060 οὐσίας
905 2986 1062 3069 γέννημα·
1092 2979 1145 3048 διὸ
1167 2979 1249 3059 θεός
1272 2979 1363 3048 ἐστιν
1385 2977 1465 3067 άλη-

242 3076 350 3158 θινός,
374 3071 537 3164 ἀληθινοῦ
559 3079 687 3166 πατρὸς
709 3074 888 3164 όμοοάσιος
908 3077 1081 3170 ὑπάρχων,
1111 3081 1154 3149 τά
1176 3075 1208 3148 δ’
1233 3079 1327 3162 ἀλλα,
1352 3076 1403 3161 οἷς
1418 3076 1465 3149 εί-

243 3202 323 3248 πεν·
355 3178 418 3267 ίγά
447 3175 542 3261 εἶπα,
577 3185 656 3250 θεοί
683 3181 802 3264 bow),
834 3183 956 3269 εμόνον
983 3187 1103 3271 μετοχῇ
1124 3186 1184 3250 τοῦ
1205 3182 1305 3268 λόγου
1328 3183 1384 3250 διὰ
1404 3185 1464 3250 τοῦ

243 3273 430 3366 πνεύματος
451 3281 571 3369 ταύτην
594 3282 722 3364 ἔχουσιν
745 3281 803 3372 τὴν
823 3285 918 3372 χάριν
938 3284 1032 3371 παρά
1053 3289 1112 3352 τοῦ
1133 3284 1269 3370 πατρός.
1300 3282 1464 3372 χαρακτὴρ

160 3405 235 3452 ma.
244 3382 305 3466 γάρ
339 3383 411 3449 έοτι
438 3385 495 3470 τῆς
521 3385 581 3448 τοῦ
609 3381 737 3468 πατρὸς
765 3381 1008 3468 ῦποστάσεωςλ)
1037 3389 1090 3454 καί
1119 3389 1192 3475 φῶς
1219 3386 1254 3454 ἐκ
1277 3385 1389 3474 φωτός
1408 3388 1464 3454 καί

246 3480 383 3566 δύναμις
414 3484 469 3548 καὶ
502 3481 596 3548 ελκὼν
623 3477 766 3572 ἀληθινὴ
793 3490 852 3574 τῆς
879 3490 938 3553 τοῦ
966 3485 1094 3574 πατρὸς
1116 3483 1239 3567 οὐσίας.
1283 3491 1381 3555 τοῦτο
1402 3486 1464 3574 γὰρ

245 3582 348 3650 πάλιν
370 3577 463 3650 είπεν
484 3577 522 3648 ὴό
544 3581 670 3668 κύριος·
693 3581 712 3652 ό
734 3585 791 3671 ἐμὲ
814 3588 965 3675 ἑωρακὼς
988 3589 1110 3675 ἑώρακε
1131 3587 1189 3656 τόν
1202 3592 1370 3676 πατέρα’).
1411 3582 1465 3656 ἀεὶ

246 3686 283 3752 δέ
303 3675 342 3772 ἢν
363 3685 417 3752 καὶ
440 3682 526 3763 ἔστι,
554 3686 609 3751 καὶ
632 3680 793 3756 οὐδέποτε
815 3684 872 3757 οὐκ
893 3679 940 3778 ἦν.
986 3685 1096 3759 ἀϊδίου
1116 3690 1177 3777 γάρ
1201 3687 1297 3769 ὄντος
1317 3693 1376 3757 τοῦ
1397 3711 1464 3758 πα-

245 3785 331 3872 τρός,
355 3779 464 3865 ἀΐδιος
486 3779 526 3854 ἀν
548 3787 599 3874 ε’ίη
620 3790 673 3856 καὶ
697 3783 715 3856 ό
736 3789 855 3859 τούτου
877 3790 973 3878 λόγος
993 3794 1049 3860 καί
1069 3790 1089 3882 ἡ
1112 3798 1227 3882 σοφία.
1257 3785 1365 3860 ἀὐτοὶ
1381 3791 1418 3860 δὲ
1431 3796 1466 3859 τί

316 3976 340 4036 1)
358 3977 453 4028 ealon.
475 3979 497 4038 1,
520 3977 556 4029 18.
627 3978 795 4038 2)Ιοεο.19,
817 3982 855 4032 15.
926 3981 950 4042 3)
971 3981 993 4031 1.
1012 3981 1073 4031 Tim.
1092 3983 1116 4044 4,
1138 3984 1158 4032 1.
1178 3981 1201 4031 2.
1271 3983 1296 4038 λλ
1315 3982 1362 4032 Tit.
1382 3979 1405 4040 1,
1426 3979 1465 4030 14.

245 4044 272 4107 δ)
291 4045 352 4096 ΡιεΙ.
371 4043 404 4096 82
422 4042 478 4110 [81.
494 4043 584 4112 Lxx.]‚
601 4045 627 4098 6.
699 4048 724 4110 θ)
744 4049 815 4100 Ηεοτ.
836 4052 859 4113 1,
878 4047 902 4102 ³.
972 4048 998 4110 ⁷)
1015 4050 1080 4100 Ιοιυ.
1102 4049 1141 4112 14,
1160 4049 1184 4100 θ.

245 4179 351 4232 ῦεΙεΙιιο.
372 4181 395 4231 1.
422 4171 447 4230 εί
469 4175 519 4230 τὸν
541 4181 632 4234 τοῦτο.
678 4184 783 4236 ῦεΙυίω.
804 4185 827 4236 5.
915 4199 936 4236 ι.
957 4176 1332 4245 ίείειω.2.ιιεδίιίιῆιίδίαι
1348 4183 1465 4236 πίστευε

245 4241 283 4303 είς
299 4245 390 4298 τοῦτο.
425 4247 487 4299 Ειίἰιὶ
506 4242 544 4302 είι
560 4244 610 4298 τὸν
626 4250 733 4304 τοῦτον.
881 4251 930 4312 τῆς
946 4245 1129 4317 δχιαινοάσης.
1165 4254 1209 4305 Alii
1234 4267 1320 4304 αιαοει
1342 4249 1391 4312 νῦν
1408 4242 1465 4315 '‘17⁸-

279 4333 308 4374 ε,
319 4317 417 4370 Gobler.
436 4326 460 4368 ιι
476 4318 582 4368 ίείυΙιω.
602 4319 624 4370 1.
642 4312 745 4390 κόριον.
881 4313 1010 4380 οινοῦσηι
1026 4315 1149 4376 πίστευε.
1187 4321 1239 4372 Mox
1263 4320 1363 4382 Sagun.
1387 4311 1466 4368 πνεό-

277 4385 303 4435 b.
321 4385 411 4448 Αοςίίυ.
429 4379 549 4446 κτίστην.
880 4399 951 4454 μασι
967 4381 1089 4445 πλάνοις,
1109 4391 1255 4454 ίδειοηιιεει
1266 4389 1357 4450 Angue.
1367 4387 1465 4439 ίὶσοίιυ.

279 4469 299 4503 α
318 4453 419 4516 Smer.
435 4447 472 4502 τά
488 4451 604 4504 τοιαῦτα
621 4453 730 4507 omittit'
881 4455 986 4508 Felckm.
999 4457 1021 4507 1.
1040 4450 1201 4524 δαιμονίων.
1237 4455 1283 4506 Alii
1301 4455 1393 4506 ειιδίιί
1407 4447 1466 4502 δαι-

278 4521 303 4573 δ.
319 4511 502 4587 δικαιοτίιΓ
523 4513 558 4572 ἂν
575 4515 624 4584 εἴη.
880 4514 983 4590 μόνων,
1020 4525 1086 4584 Onne
1104 4521 1193 4576 ibidem
1211 4531 1357 4590 aequantur,
1374 4527 1467 4574 exuunt
