3216 5048
230 258 295 322 256
456 327 458 330 ,
625 273 651 316 ε.
666 273 1061 320 ινεικεειιικεαιενιεεοει

141 437 219 484 επεν.
228 417 339 506 κύριος
361 413 380 484 ό
402 413 540 506 ἀγαπῶν
563 419 772 508 δικαιοσύνην
793 419 849 488 καὶ
869 425 976 508 μισῶν
999 419 1218 508 ’ἁρπάγματα
1233 421 1269 504 έξ
1283 419 1457 506 ἀδικίας“>.

227 513 249 586 r*
275 525 386 586 τοίνυν
414 517 546 610 κάκεῖνα
574 523 617 589 τὰ
643 521 773 610 ῥήματα
794 517 840 601 ὥς
860 525 964 592 ταῦτα
987 521 1278 610 ίκλαμβανέτωσαν
1302 525 1369 602 (καὶ
1390 525 1457 614 γὰρ

226 615 360 708 κᾷκείνα
388 625 465 708 περὶ
493 626 551 710 τής
581 622 705 702 εἰκόνος
733 626 793 690 τοῦ
814 627 898 690 θεοῦ
921 628 1134 709 γέγραπται),
1164 619 1261 712 ήκαὶ
1282 629 1385 694 ταῦτα
1407 623 1457 707 ιός

225 721 334 790 ἐκεῖνα
354 727 461 802 κακῶς
483 723 714 809 διανοούμενοι
734 723 876 810 τρεπτόν
892 727 945 792 καί
960 724 1018 792 τόν
1033 732 1163 812 πατέρα
1185 726 1455 796 Ι’ίπινοείτωοακ

225 824 256 892 εἰ
277 825 314 892 δὲ
335 823 391 890 καὶ
411 824 514 910 μόνον
537 821 666 893 ἀκούειν
689 829 786 892 τοῦτο
809 825 970 911 λεγόντων
993 827 1113 914 ἑτέρων
1136 821 1194 894 οῦκ
1216 827 1306 895 έστιν
1322 822 1456 896 ἀκίνδυ-

224 949 298 1008 νον,
322 924 379 994 διὰ
400 930 498 994 τοῦτο
520 929 628 1007 καλῶς
650 926 877 1012 διανοούμεθα
898 927 937 996 τὸ
960 927 1197 1014 λέγεσθαιτὸν
1219 927 1303 996 θεὸν
1325 929 1454 998 δικαιο-

210 1023 326 1108 σύνας
348 1021 481 1116 ἀγαπᾷν
502 1031 556 1096 καὶ
578 1039 689 1115 μισεῖν
711 1024 915 1114 ἁρπάγματα
937 1029 973 1112 έξ
990 1024 1133 1126 Ιἀδικίας,
1157 1025 1216 1113 οῦχ
1238 1025 1287 1109 ὦς’
1305 1029 1363 1098 ἐπὶ
1384 1030 1454 1098 θά-
1528 1109 1538 1122 ι

222 1153 301 1218 τερα
323 1129 431 1218 ῥοπήν
454 1131 584 1214 ἔχοντος
605 1127 706 1198 αὐτοῦ
728 1133 783 1198 καὶ
806 1130 952 1198 δεκτικοῦ
975 1134 1050 1198 οτοῦ
1073 1127 1232 1212 ἐναντίου,
1257 1127 1339 1210 δι’ςτε
1352 1136 1453 1200 τοῦτο

221 1231 281 1316 μὲν
304 1230 513 1318 ἐκλέγεσθαι,
542 1231 645 1302 έκεῖνο
669 1233 705 1302 δέ
726 1231 771 1318 μή
795 1231 986 1317 αἱρεῖσθαι,
1015 1234 1113 1298 τοῦτο
1135 1230 1197 1318 γὰρ
1219 1235 1450 1321 τῶν-γενητῶν

220 1331 308 1400 ἴδιόν
336 1332 441 1402 έστιν·
471 1327 539 1400 ἀλλ’
570 1329 625 1402 ότι
652 1329 698 1414 ὥς
725 1330 837 1420 κριτής
863 1332 940 1412 τοὺς
968 1334 1028 1419 μέν
1056 1333 1204 1413 δικαίους
1224 1329 1360 1423 έάγαπᾷ
1387 1337 1443 1402 καὶ

219 1433 523 1524 προςλαμβάνεται,
554 1439 621 1505 τῶν
650 1437 686 1504 δὲ
708 1433 845 1524 φαύλων
865 1430 993 1519 μακρὰν
1013 1439 1148 1520 γίνεται.
1193 1429 1380 1504 ἀκόλουθον
1402 1430 1454 1520 ἀν,

221 1538 272 1626 εἴη
293 1540 348 1604 καί
370 1536 450 1624 περὶ
469 1541 528 1626 τῆς
551 1535 676 1617 εἰκόνος
696 1540 756 1604 τοῦ
773 1539 857 1605 θεοῦ
872 1538 1012 1602 τοιαῦτα
1025 1547 1125 1618 νοεῖν,
1145 1532 1200 1603 ότι
1214 1532 1320 1618 αῦτως
1334 1532 1450 1626 ἀγαπρι

135 1641 275 1709 πυκναὶ
303 1643 404 1725 μισεῖ.
449 1637 605 1728 τοιαύτην
631 1638 693 1738 γάρ
723 1632 808 1706 εἶναι
829 1635 904 1724 ’τήν
933 1635 1034 1724 φύσιν
1062 1642 1122 1727 τῆς
1143 1637 1268 1718 εἰκόνος
1289 1641 1355 1720 δεῖ,
1379 1636 1453 1720 οἷός

222 1740 313 1809 ἔστιν
341 1735 359 1806 ό
389 1739 509 1829 ταύτης
536 1741 663 1828 πατήρ,
691 1733 751 1828 κᾷν
774 1739 807 1805 οἱ
825 1733 992 1825 Ἀρειανοί
1015 1733 1061 1818 ὥς
1083 1740 1206 1828 τυφλοὶ
1225 1740 1308 1827 μήτε
1328 1739 1451 1828 ταύτην

219 1841 302 1931 μήτε
325 1839 406 1908 ἀλλο
426 1868 462 1908 τι
481 1845 549 1908 τῶν
570 1839 676 1909 θείων
698 1842 818 1926 λογίων
838 1841 1018 1926 βλέπωσιν.
1063 1840 1274 1922 ’ἐκπεσόντες
1296 1842 1360 1928 γάρ
1381 1847 1449 1910 τῶν

221 1938 291 2013 ἀπὸ
313 1944 450 2030 καρδίας
472 1935 580 2010 αὐτῶν
603 1941 737 2010 ίννοιιῦν
758 1941 885 2025 μᾶλλον
907 1942 944 2008 δὲ
966 1947 1160 2027 παρανοιιῦν
1176 1942 1232 2012 έπλ
1248 1942 1331 2031 ῥητά
1345 1944 1451 2012 πόλιν

219 2048 285 2114 τιῦν
306 2051 412 2112 θείων
434 2047 570 2132 γραφῶν
593 2042 863 2130 καταφεύγουσιν,
888 2041 935 2122 είς
958 2040 980 2110 ἃ
1000 2045 1055 2110 καὶ
1078 2037 1163 2112 αύτὰ
1184 2044 1340 2131 συνήθως
1355 2041 1450 2114 ἀναι-

220 2149 422 2236 σθητοῦντες
444 2143 502 2230 οῦχ
525 2141 630 2233 δρῶσι
649 2144 708 2212 τὸν
730 2143 764 2212 έν
785 2143 917 2223 τούτοις
939 2147 1026 2225 νοῦν,
1049 2138 1138 2212 ’ἀλλ’
1163 2141 1210 2226 ὥς
1230 2145 1353 2216 κανόνα
1372 2147 1450 2218 τινὰ

218 2247 277 2336 τήν
301 2249 388 2316 ἰδίαν
411 2241 565 2335 ἀσέβειαν
586 2253 726 2333 θέμενοι
746 2242 833 2332 πρὸς
850 2247 968 2313 τοῦτον
983 2244 1095 2312 πάντα
1111 2245 1154 2312 τὰ
1168 2254 1251 2315 θεῖα
1265 2247 1361 2336 λόγια
1375 2251 1447 2316 δια-

216 2341 429 2440 στρέφουσιν.
476 2350 512 2418 υῗ
542 2375 629 2429 τινες
656 2350 710 2416 καί
738 2345 841 2432 μόνον
864 2337 949 2412 αῦτὰ
971 2347 1197 2434 φθεγγόμενοι
1219 2344 1315 2420 οῦδὲν
1338 2352 1446 2438 ἕτερον

219 2445 350 2518 ἀκούειν
374 2451 457 2518 εἰσὶν
480 2448 570 2530 ἀξιον
590 2450 628 2539 ή·
651 2452 831 2518 πλανᾶσθε
851 2446 897 2535 μή
921 2446 1045 2528 εἰδότες
1066 2447 1127 2529 τάς
1147 2450 1278 2540 γραφάς
1290 2455 1375 2540 μηδὲ
1390 2450 1447 2539 τήν

220 2548 358 2633 δύναμιν
379 2554 438 2616 τοῦ
461 2554 545 2618 θεοῦ
553 2553 585 2630 ²),
610 2545 650 2618 ἂν
673 2547 787 2617 δὲκαὶ
808 2547 1023 2633 ΙΙἐπιμένωσι,
1039 2551 1142 2620 πάλιν
1158 2551 1380 2640 ἐντρέπεσθαι
1393 2552 1449 2622 καί
1494 2609 1506 2617 .

220 2643 366 2718 ἀκούειν·
400 2644 548 2718 ἀπόδοτε
580 2649 622 2718 τὰ
652 2652 711 2718 τοῦ
745 2645 930 2736 ἀνθρώπου
958 2654 1006 2738 τῷ
1035 2647 1207 2740 ἀνθρώπω
1234 2656 1287 2720 καί
1316 2652 1368 2720 τά·
1383 2656 1446 2720 τοῦ

218 2754 507 2839 ωπωγ

304 2859 353 2922 53.
399 2851 600 2941 Γεγράφθαι
619 2857 747 2933 τοίνυν,
771 2857 891 2940 φασίν,
916 2851 950 2920 έν
971 2855 1032 2937 μέν
1053 2865 1128 2934 ταῖς
1148 2859 1361 2940 παροιμίαις·
1390 2851 1448 2922 κῦ-

217 2977 290 3041 ριος
311 2955 418 3024 ἐ’κτισέ
438 2981 481 3040 με
502 2950 602 3044 ἀρχὴν
625 2949 712 3022 όδιῦν
735 2947 837 3022 αῦτοῦ
860 2953 907 3033 είς
929 2953 1007 3040 ἔργα
1028 2951 1169 3038 αῦτοῦέ),
1192 2953 1226 3026 έν
1248 2957 1285 3024 δὲ
1305 2955 1448 3045 τῇπρός

214 3050 383 3143 Ἑβραίους
406 3055 582 3148 ἐπιστολῇ,
612 3060 672 3125 τοῦ
696 3050 888 3124 ἀποστόλου
912 3057 1077 3143 λέγοντος·
1106 3057 1269 3146 ῑτοσούτφ
1292 3064 1447 3144 κρείττων

216 3157 390 3246 γενόμενος
411 3164 477 3229 τῶν
499 3156 660 3248 ἀγγέλων,
685 3153 755 3246 όσφ
778 3159 1028 3245 διαφορώτερον
1050 3153 1128 3246 παρ’
1153 3154 1274 3240 αὐτοὺς
1295 3162 1447 3248 κεκληρο-

216 3259 354 3349 νόμηκεν
377 3259 483 3347 ὄνομα
492 3266 530 3343 ³),
553 3260 610 3329 καὶ
630 3254 699 3346 μετ’
726 3257 837 3346 ὀλίγα·
868 3256 966 3341 ὅθεν,
998 3256 1138 3349 ἀδελφοί
1168 3257 1273 3347 ἅγιοι,
1303 3261 1447 3348 κλήσεως

217 3359 417 3446 ἐπουρανίου
438 3369 583 3445 μέτοχοι,
605 3361 830 3446 κατανοήσατε
852 3359 910 3428 τόν
932 3355 1125 3431 ἀπόστολον
1145 3365 1199 3430 καὶ
1222 3359 1374 3448 ἀρχιερέα
1388 3366 1446 3452 τής

216 3455 396 3547 ὁμολογίας
417 3456 510 3548 ήμιῦν
528 3459 668 3548 Ἰησοῦν,
691 3461 814 3530 πιστὸν
838 3457 919 3528 όντα
940 3467 987 3550 τῷ
1009 3465 1190 3551 ποιήσαντι
1212 3458 1359 3546 αῦτόνἻ,
1392 3465 1446 3530 καί

216 3557 251 3626 έν
278 3570 354 3639 ταῖς
380 3558 524 3647 πράξεσι
552 3563 604 3630 δέ·
632 3563 778 3649 γνωστὸν
799 3551 880 3631 ιοῦν
908 3561 993 3632 ἔστω
1014 3569 1120 3634 πᾶσιν
1142 3563 1235 3650 ύμῖν,
1265 3568 1336 3646 πᾶς
1357 3559 1447 3644 οίκος

212 3654 354 3750 Ἰσραήλ,
386 3657 440 3728 ότι
461 3665 516 3730 καί
538 3662 663 3751 Ικόριον
685 3667 740 3731 καί
754 3663 904 3751 Χριστόν
927 3664 1082 3755 ἐποίησεν
1105 3665 1124 3733 ό
1144 3667 1229 3746 θεὸς
1249 3671 1368 3735 τοῦτον
1387 3664 1446 3732 τὸν

287 3833 311 3894 1)
329 3834 385 3886 Est.
404 3835 446 3896 61,
465 3835 489 3888 8.
575 3837 600 3898 2)
619 3837 700 3888 nauh.
721 3836 762 3899 22,
781 3837 822 3889 29.
909 3837 934 3901 3)
953 3840 1095 3903 namn,
1114 3840 1155 3891 21.
1229 3839 1255 3900 λ)
1273 3839 1341 3893 Ριαι.
1360 3839 1386 3902 8,
1403 3839 1446 3892 22.

216 3898 333 3963 5)}lobr.
354 3903 375 3952 1.
394 3903 419 3954 4.
479 3903 504 3964 6)
524 3903 639 3967 nelma,
660 3905 725 3957 1.2.

248 4035 269 4068 ιν.
289 4019 388 4083 Seguer.
408 4023 463 4085 fleg.
475 4023 572 4074 Gobler.
583 4023 687 4072 δείελα.
702 4024 723 4073 1.
743 4031 766 4072 et
778 4023 801 4072 5.
855 4021 1014 4076 νοείτωσαν.
1059 4027 1121 4078 Edili
1139 4035 1163 4076 ει
1180 4027 1220 4076 alii
1248 4016 1446 4084 ίπινοήτωσαν.

214 4079 384 4156 ἁρπάγματα
408 4079 521 4144 ἀδικίας.
556 4091 584 4140 λι
607 4091 697 4148 λαρίία
716 4082 803 4155 ἁρπά-
855 4095 929 4144 ΡνυΙυ
954 4103 1010 4159 post
1027 4096 1127 4156 Seguer.
1146 4085 1239 4144 διάιοι
1257 4093 1345 4143 τοῦτο.

212 4165 308 4222 γματα
324 4149 353 4213 If
370 4147 476 4210 ἀδικίας
493 4165 519 4208 ut
537 4168 560 4208 ει
579 4159 679 4208 habetur
696 4159 803 4218 Εειν.61,
888 4179 908 4212 α.
927 4165 967 4212 Sic
986 4165 1086 4226 Seguer.
1106 4165 1161 4226 δερ.
1181 4165 1280 4212 (ἱείιΙεν.
1298 4161 1405 4210 Felckm.
1424 4161 1447 4210 1.

214 4225 238 4276 8.
271 4225 389 4275 ΔΙῦνετο
416 4235 439 4275 ει
464 4226 536 4276 editio
554 4227 697 4276 commelin.
717 4217 803 4291 άρκιὶ-
854 4230 919 4278 eth.
955 4231 981 4280 Ια
1000 4231 1152 4281 ιίῦεεοιεω
1171 4239 1194 4280 ει
1213 4231 1283 4280 edilis
1302 4225 1350 4278 τοῦ
1369 4230 1447 4280 deest.

209 4305 307 4358 γματα
324 4287 341 4353 ἢ
359 4283 472 4346 ἀδικίας.
507 4293 566 4344 ibid.
585 4295 686 4356 δερυετ.
704 4294 803 4344 Gobler.
888 4297 911 4346 δ.
925 4297 966 4348 Sic
983 4313 1042 4348 ανει.
1061 4309 1158 4362 praeter
1176 4298 1280 4348 Felckm.
1296 4295 1335 4356 2.,
1353 4297 1447 4372 influo

212 4369 237 4411 ει
255 4361 359 4414 ῦείτίναι.
372 4361 394 4412 1.
411 4355 449 4430 μή
469 4354 571 4410 τοίνυν.
854 4373 880 4414 αι
898 4373 922 4414 ει
940 4365 963 4414 in
982 4367 1052 4415 editis
1071 4367 1106 4415 nic
1124 4366 1226 4427 legitur:
1244 4359 1365 4416 δικαίους
1376 4376 1446 4426 αγα-

247 4429 270 4478 b.
288 4431 398 4493 Seguer„
417 4429 515 4484 Gobler.
539 4437 563 4480 ει
588 4428 692 4480 ΡεΙοΙιαν.
708 4429 730 4480 1ι
748 4419 803 4477 εἰιι-
853 4427 902 4493 πᾷ,
921 4423 984 4486 ταῖς
1002 4427 1031 4482 δὲ
1049 4423 1159 4486 ἀδύτους
1180 4432 1259 4499 μισεῖ
1273 4425 1319 4481 καὶ
1332 4423 1446 4496 μακρὰν

211 4490 351 4557 ναήσουσι.
386 4501 414 4550 λι
433 4500 488 4561 fleg.
514 4507 538 4550 ει
555 4495 726 4560 Ρείείιαεινῦ.
744 4489 802 4546 ίπι-
855 4489 903 4546 ἀπ’
923 4491 1015 4546 αὐτῶν
1030 4496 1146 4565 γίνεται.
