3174 5082
648 321 820 368 mmm.
1303 311 1346 376 '21

112 483 242 562 pietatis
262 495 384 542 sermm
406 477 494 538 nobis
517 475 672 538 audaciter
694 479 781 538 iacta
803 487 944 538 nostram
973 480 1189 540 conscientiam
1209 481 1351 542 candica-

116 600 199 656 mns,
220 587 266 643 ita
279 587 428 662 quartem
450 576 533 638 daco
549 575 633 658 ioqui
650 581 793 657 pertinet,
816 587 1005 641 maerentem
1019 577 1213 650 rhetoricam,
1235 582 1351 660 somn-

119 686 190 746 diae
211 681 457 764 consequentiam
477 689 650 758 armaque
671 683 821 742 carmanis
840 678 954 760 procul
967 681 1068 742 adesse
1082 679 1262 760 simpliciter
1277 699 1352 744 coa-

117 785 256 865 fitsrrur.
301 779 405 842 emta
424 781 531 860 quippe
553 781 657 840 rastri
676 779 746 856 fait,
770 781 804 840 de
820 786 983 862 scripturis
999 787 1113 845 coactis
1130 783 1349 844 disserentibus

118 889 174 965 pie
193 881 363 961 intellipsrc
385 893 462 960 qaas
483 882 601 958 scripta
623 888 711 949 suat,
735 889 763 939 et
784 883 963 958 imperitiam
988 901 1219 964 mensarumque
1246 885 1351 946 nostri

121 1001 187 1045 aon
209 987 354 1062 ipsoram
383 981 545 1043 sermasia.
590 977 658 1039 vii.
687 977 859 1058 llisrcnpmi
880 981 956 1059 Opp.
977 983 1023 1044 ed.
1044 983 1166 1046 Vallsrs.
1199 983 1287 1046 Tum.
1311 983 1348 1044 ll.

120 1101 154 1162 p.
180 1086 249 1149 tou.
273 1091 304 1144 et
327 1083 399 1146 168.
442 1080 476 1141 ln
499 1079 581 1141 libris
602 1079 806 1158 allingarellc
830 1080 953 1142 detectis
974 1082 1050 1142 haud
1071 1085 1132 1144 scic
1154 1102 1190 1146 en
1214 1085 1249 1146 ad
1272 1084 1349 1148 haue

119 1180 322 1248 iniamndiom
343 1181 532 1244 referendam
553 1180 602 1254 sit,
625 1180 705 1260 quod
729 1180 870 1261 Didymus
893 1180 992 1244 multis
1014 1181 1107 1243 utitur
1127 1183 1347 1247 combusseris

120 1297 152 1348 et
184 1283 452 1365 compositionibus
484 1281 642 1343 verborum
674 1282 843 1357 inusitatis,
887 1301 963 1364 quae
996 1293 1079 1344 certe
1098 1283 1127 1343 in
1159 1283 1347 1363 politioribus

121 1387 234 1453 saeculi
262 1386 357 1465 quarti
384 1382 581 1463 scriptoribus
610 1384 723 1444 frustra
751 1393 936 1463 quaeruntur
964 1395 994 1446 et
1020 1384 1129 1464 partim
1162 1383 1349 1446 insolentiam

123 1498 155 1549 et
175 1489 330 1550 uanitatem
352 1485 499 1548 emmonis
521 1485 718 1565 Areopagitici
739 1485 886 1547 redolent.
929 1486 1088 1547 Praeterea
1110 1486 1224 1564 possim
1245 1485 1351 1566 perio-

123 1590 178 1650 dus
205 1591 312 1650 icrmat
341 1587 543 1650 membrorum
575 1586 712 1666 congerie
738 1587 893 1668 perplexas
921 1595 952 1648 et
980 1595 1152 1659 tortuosas,
1182 1585 1350 1648 cuiusmodi

118 1683 397 1769 amplificationibus
419 1687 556 1750 molestis
572 1695 602 1749 et
615 1687 831 1768 indagantibus
853 1689 954 1752 itidem
977 1689 1086 1768 scripte
1104 1687 1236 1767 Dionysii
1251 1685 1348 1750 Areo-

115 1792 235 1872 pagitae
256 1791 364 1852 relerta
379 1806 450 1850 esse
472 1799 584 1850 norunt
605 1807 708 1854 omnes
723 1791 773 1868 qui
788 1808 823 1851 ea
837 1791 1006 1869 attigerunt.
1051 1789 1110 1851 Sed
1132 1787 1259 1868 insignis
1275 1789 1350 1850 haee

117 1891 266 1954 orationis
293 1892 403 1964 iorma,
432 1907 507 1969 quae
535 1890 646 1970 aliquot
672 1890 747 1952 locis
775 1892 973 1971 conspicitur,
1006 1889 1218 1953 dubitationem
1247 1895 1349 1971 polest

116 1994 223 2057 lecturi
245 1994 361 2066 efferre,
384 2009 422 2053 au
444 1991 509 2053 iure
530 2009 546 2052 a
569 1991 708 2055 iratribus
730 1992 908 2072 llingarellis
930 2009 1007 2072 opus
1022 1991 1145 2072 llidpmo
1167 1992 1348 2055 vindicatum

114 2096 167 2169 sit,
190 2094 300 2174 quippe
320 2094 349 2154 in
373 2111 430 2172 qua
452 2109 539 2154 nemo
562 2093 646 2154 lacile
667 2093 896 2174 deprehenderit
911 2094 989 2155 illem
1005 2093 1117 2174 eloquii
1133 2103 1348 2174 paupertatem

116 2197 164 2258 vel
187 2200 337 2258 sermonis
360 2197 557 2274 imperitiam,
586 2195 623 2256 de
645 2213 702 2275 que
725 2194 866 2274 Didymus
889 2213 924 2256 se
946 2195 976 2256 iu
1000 2193 1092 2256 altero
1123 2194 1267 2274 opusculo
1292 2211 1347 2256 ex-

114 2307 255 2360 cusatum
284 2295 387 2356 voluit.
431 2296 473 2356 Ac
499 2295 632 2374 proiecto
661 2303 723 2369 cst,
754 2297 833 2375 quod
862 2295 960 2358 denuc
989 2295 1136 2357 curiosius
1165 2295 1349 2375 disquiritur

115 2399 155 2460 de
177 2395 328 2460 authentis
351 2397 452 2475 operis
479 2397 574 2474 deque
603 2397 770 2457 eruditione
798 2399 946 2470 auctoris,
974 2413 1050 2474 quae
1072 2403 1105 2456 ut
1131 2395 1276 2455 remotior
1303 2403 1351 2456 est

116 2500 156 2560 ab
184 2499 385 2560 ecclesiastica
417 2497 527 2557 saeculi
557 2497 653 2577 quarti
687 2497 917 2570 consuetudine,
950 2496 990 2557 ita
1018 2495 1142 2576 propius
1171 2494 1284 2556 accedit
1311 2493 1349 2556 ad

117 2600 216 2661 studia
237 2597 458 2659 Platonicorum
479 2605 718 2678 postremorum,
746 2615 838 2678 quum
866 2605 969 2660 conca
991 2596 1028 2658 ab
1050 2597 1232 2675 Hieronymo
1255 2595 1347 2676 Didy-

115 2719 186 2762 mus
208 2699 396 2780 praedicetur
417 2698 615 2779 apostolicam
643 2705 744 2762 ciram
766 2719 805 2763 esc
827 2705 892 2780 ipso
920 2715 1059 2762 remorre
1088 2699 1262 2780 cupresseae
1284 2709 1348 2761 tam

115 2819 260 2863 amasam
282 2800 394 2862 lamiae
417 2799 466 2873 (ul.
482 2806 612 2878 aomina)
634 2819 723 2882 qaam
744 2800 936 2880 simplicitate
956 2801 1133 2862 ceriarum.
1177 2797 1253 2860 lium
1274 2815 1346 2860 vero

120 2909 294 2978 propterea,
316 2908 350 2960 ut
371 2900 409 2958 etl
430 2917 536 2960 nutam
558 2900 798 2977 disquisitionem
820 2899 877 2960 viri
900 2901 979 2962 dccli
1007 2901 1187 2970 excitentur,
1217 2917 1291 2978 opus
1313 2899 1346 2960 iu

122 2998 218 3058 lucem
239 2997 386 3074 publicam
404 2997 605 3056 revocandum
618 2998 666 3067 sit,
690 3000 754 3058 aliis
770 2987 991 3059 diiudicandum
1012 2999 1159 3076 relinquo.
1203 2997 1347 3075 Equidem

120 3095 198 3158 satis
220 3094 318 3180 habeo
341 3093 541 3170 significasse,
570 3095 756 3174 curllidpmi
785 3095 1079 3172 scripto'secundum
1109 3094 1251 3167 rationes,
1274 3111 1349 3174 quas

120 3199 151 3259 iu
181 3193 298 3258 delectu
327 3192 513 3256 instituendo
543 3211 668 3272 sequor,
698 3195 733 3256 nd
763 3194 931 3256 institutum
960 3196 1050 3255 huius
1073 3193 1267 3255 bibliothecae
1289 3211 1351 3255 uon

118 3298 296 3380 pertineant.
340 3293 499 3376 Epiphanii
520 3295 707 3370 decoratum,
731 3305 875 3374 utsupra
898 3293 1075 3368 memorari,
1101 3293 1263 3357 cardinalis
1286 3295 1348 3358 los.

116 3403 190 3464 liar.
212 3396 365 3459 l'ommasi
388 3395 507 3475 dignum
531 3395 683 3470 iudicavit,
716 3411 805 3475 quern
837 3413 909 3475 prae
930 3395 997 3457 eliis
1029 3395 1215 3494 dogmaticis¹
1235 3400 1346 3462 ceteris

118 3499 260 3566 saccum
291 3499 493 3564 monumentis
525 3499 555 3560 ia
591 3515 660 3560 sues
692 3497 904 3561 institutiones
937 3495 1118 3578 tieeclcpicas
1152 3505 1346 3582 antiquorum

114 3613 245 3685 patrum
265 3602 349 3673 (tom.
365 3597 415 3659 lll.
431 3613 460 3676 p.
477 3603 507 3662 4.
523 3605 582 3678 sq.)
598 3599 780 3662 translucet.
825 3599 858 3659 ln
881 3615 939 3678 quo
954 3600 1000 3661 vir
1020 3602 1152 3663 eruditus
1175 3599 1204 3663 id
1219 3605 1346 3667 maxime

116 3700 287 3782 respexisse
319 3687 460 3772 videtur,
482 3699 561 3778 quod
583 3699 766 3779 Epiphanius
795 3699 826 3759 in
848 3700 994 3762 llncoratc
1022 3719 1085 3763 non
1112 3703 1209 3764 sulum
1237 3705 1344 3786 dogma

117 3805 157 3867 de
178 3803 312 3866 trinitate
327 3799 461 3878 explicet,
486 3799 539 3860 sed
555 3799 722 3861 universam
741 3800 814 3862 lidei
836 3800 1000 3863 doctrinam
1016 3801 1061 3862 vel
1084 3810 1163 3864 certe
1185 3806 1342 3884 praecipua

116 3907 184 3969 eius
206 3904 312 3982 cupita,
334 3899 582 3980 quemadmodum
603 3899 661 3962 illis
688 3900 875 3980 temporibus
897 3903 927 3963 in
950 3903 1073 3965 ecclesia
1102 3903 1244 3966 catholica
1267 3905 1342 3966 tradi

116 4003 258 4068 solebant
277 4011 309 4063 et
334 4000 490 4074 inculcari,
521 4019 556 4062 ex
585 4001 750 4064 divinarum
778 4002 941 4064 litterarum
971 4005 1143 4094 auctoritate
1174 4005 1294 4086 exponit
1315 4013 1344 4066 et
1412 4021 1418 4028 ·

116 4117 224 4182 ccccm
255 4103 423 4165 hcermicos
454 4102 619 4164 coufirmat.
672 4103 744 4164 Nam
779 4103 859 4165 inter
886 4105 995 4184 scripta
1029 4105 1193 4184 dogmatice
1224 4113 1343 4185 patrum

118 4221 293 4288 graecorum
316 4204 502 4266 saecularum
524 4204 621 4284 quarti
637 4213 666 4266 et
681 4203 785 4284 quinti,
808 4205 888 4284 quod
904 4223 958 4283 ego
980 4205 1082 4280 sciam,
1105 4205 1202 4268 nudus
1225 4213 1344 4285 praeter

118 4307 200 4372 illum
228 4312 326 4369 exsut
353 4305 500 4368 eiusmodi
524 4313 681 4380 macutus,
709 4306 758 4385 qui
787 4321 933 4386 summam
956 4305 1024 4368 fldei
1051 4305 1186 4387 publicae
1208 4305 1344 4367 exhibeat
1473 4354 1476 4360 .

118 4410 160 4471 ita
179 4417 215 4470 ut
233 4425 295 4469 auo
317 4414 423 4468 tenore
444 4406 619 4482 domamur,
647 4406 823 4486 quibusnam
846 4425 883 4468 ex
909 4405 1042 4486 partibus
1072 4407 1133 4468 slve
1155 4404 1284 4468 articulis
1308 4419 1342 4462 ca

120 4509 284 4590 composita
318 4509 423 4582 luerit,
457 4506 565 4587 quibus
597 4507 732 4572 turmulis
755 4507 810 4570 viri
841 4505 1033 4570 ecclesiastici
1056 4507 1103 4568 usi
1126 4507 1201 4578 sint,
1234 4501 1344 4584 qutun«
