3216 5048
19 215 22 316 λ
258 265 327 331 ‘244
470 315 474 322 .
662 285 689 331 ε.
704 287 857 332 numen
871 287 1094 334 ιιιαιιιενιιοονι

174 430 339 500 μολόντε
359 431 416 500 καὶ
437 433 475 500 τὸ
498 437 629 519 πνεῦμα
650 437 709 502 τοῦ
730 439 816 504 θεοῦ
839 435 922 504 οἰκεῖ
942 437 976 505 ἐν
996 432 1121 521 όμῖνἼς
1156 441 1214 504 τοῦ
1234 434 1296 524 γάρ
1310 441 1424 522 κυρίου
1439 431 1488 516 ὥς

260 526 447 619 άνθρώπου
469 537 648 620 λουομένου
671 536 717 617 είς
737 537 796 605 τόν
816 531 986 626 Ἰορδάνην,
1009 533 1105 624 ἡμεῖς
1125 528 1206 628 ἦμεν
1228 539 1261 606 οἱ
1276 537 1310 605 ἐν
1325 531 1415 625 ωλτῷ
1430 541 1485 605 καί

251 629 340 722 ’παρ’
365 629 466 702 σότοῦ
489 639 677 722 λουόμενοι,
700 641 754 706 καὶ
778 639 951 724 δεχομένου
974 639 1011 707 δὲ
1033 635 1196 707 αὐτοῦτὸ
1218 642 1364 724 πνεῦμα,
1388 633 1487 728 ἡμεῖς

257 725 357 824 ’ἦμεν
384 737 417 804 οί
445 734 523 825 παρ’
548 735 649 806 αὐτοῦ
677 740 844 827 γινόμενοι
870 740 988 808 τούτου
1011 743 1162 809 δεκτικοί.
1207 740 1264 808 διὰ
1285 743 1384 807 τοῦτο
1407 734 1483 806 οὐδ’

260 837 371 927 ὥςπερ
388 833 521 926 Ἀυρών
541 834 563 930 ἢ
584 841 696 927 Δαβίδ
716 837 738 928 ἢ
759 843 792 909 υί
813 839 911 910 άλλοι
932 842 1055 922 πάντες
1077 840 1184 923 οὕτως
1197 842 1253 910 καὶ
1267 837 1367 920 αότὸς
1381 841 1486 928 ἐλαίῳ

257 946 439 1029 κέχριστυι,
470 937 554 1008 άλλό
581 939 690 1022 άλλως
716 945 811 1031 παρὰ
831 943 961 1024 πάντας
981 944 1059 1024 τούς
1078 943 1236 1028 μετόχους
1258 937 1358 1010 αὐτοῦ
1381 941 1485 1028 ἐλαίῳ

259 1039 494 1131 άγαλλιάσεως,
519 1039 622 1131 1’ὅπερ
638 1044 822 1134 ἑρμηνεύων
837 1041 937 1124 αὐτὸς
952 1040 1037 1113 εἶναι
1051 1045 1090 1111 τό
1105 1049 1236 1131 πνεῦμα
1251 1044 1308 1112 διὰ
1322 1046 1381 1110 τοῦ
1396 1067 1484 1130 προ-

258 1144 365 1235 ῳήτου
388 1151 472 1234 φησί
479 1165 487 1180 ·
509 1148 640 1230 πνεῦμα
662 1153 774 1232 κυρίου
797 1142 848 1214 ἐπ’
867 1146 932 1231 ἐμέ,
958 1136 997 1212 οὗ
1012 1147 1132 1215 εἵνεκεν
1147 1147 1348 1233 λ’χρὶοέμε’),
1364 1144 1484 1224 καθὼς

256 1249 326 1314 ’καί
342 1241 362 1314 ό
377 1241 569 1326 ἀπόστολος
584 1247 725 1336 εἴρηκεν·
748 1245 793 1328 ὦς
806 1249 931 1334 ι’χρισεν
941 1243 1041 1316 αὐτὸν
1053 1243 1072 1314 ό
1083 1247 1167 1326 θεὸς
1178 1247 1343 1333 πνεύματι
1357 1240 1481 1332 άγίῳἺ.

254 1347 344 1438 πότε1
363 1338 420 1416 οὖν
442 1347 497 1416 καὶ
518 1351 623 1414 ταῦτα
644 1348 724 1434 περὶ
746 1344 846 1415 αὐτοῦ
868 1350 1005 1437 εἴρηται,
1028 1342 1050 1434 ἢ
1072 1345 1128 1416 ὅτε
1149 1351 1203 1416 καί
1226 1349 1261 1416 ἐν
1278 1350 1372 1435 σαρκί
1387 1347 1483 1433 γενό-

252 1473 353 1535 μενος
380 1449 575 1536 ἐβαπτίζετο
605 1449 639 1518 ἐν
665 1451 713 1537 τῷ
732 1443 891 1538 Ἰορδάνῳ,
925 1450 982 1517 καί
1002 1456 1220 1537 καταβέβηκεν
1242 1444 1294 1518 ἐπ’
1318 1444 1418 1516 αὐτὸν
1439 1447 1481 1514 τὸ

247 1555 403 1637 ’πνεῦμας
441 1553 496 1618 καὶ
517 1551 582 1638 μὴν
603 1544 724 1630 ίαότὸς
746 1546 764 1617 ό
785 1551 897 1639 κόριός
919 1571 1020 1640 φησι·
1047 1551 1086 1618 τὸ
1109 1555 1240 1646 πνεῦμα
1261 1551 1297 1618 ἐκ
1316 1551 1376 1617 τοῦ
1399 1549 1481 1634 ἐμοῦ

252 1653 436 1740 λήψετυιί),
459 1659 532 1720 καί·
548 1651 612 1740 ἐγὼ
627 1646 707 1720 αὐτὸ
723 1650 974 1733 ’άποστέλλωῖμ
991 1659 1061 1720 καί·
1078 1652 1195 1738 λάβετε
1208 1654 1341 1736 πνεῦμα
1354 1648 1480 1737 ὅμοι’)

250 1765 325 1834 τοῖς
346 1759 525 1842 μαθηταῖς.
569 1753 626 1820 καὶ
648 1749 738 1837 ὅμως
760 1750 778 1820 ό
801 1752 915 1834 άλλοις
936 1759 1089 1839 παρέχων
1112 1749 1157 1832 τός
1178 1753 1275 1839 λόγος
1296 1752 1352 1820 καὶ
1366 1748 1480 1820 ἇπαό-

250 1878 364 1943 γασμα
384 1857 444 1922 τοῦ
466 1853 595 1942 πατρὸς
616 1856 745 1941 λέγεται
766 1857 823 1922 νῦν
846 1850 1060 1940 άγιάζεσθαι,
1083 1854 1199 1942 ἐπειδὴ
1221 1853 1325 1922 πάλιν
1347 1859 1479 1941 γέγονεν

158 1951 175 1988 ·'
251 1954 435 2044 ἅνθρωπος
456 1953 571 2023 καὶτὸ
594 1950 808 2042 ἆγιαζόμενον
830 1959 927 2042 σῶμα
948 1950 1049 2023 αὐτοῦ
1065 1955 1164 2024 ἐστιν.
1196 1955 1232 2036 ἐξ
1246 1955 1369 2024 ἐκείνου
1383 1958 1479 2042 ’γοῦν

249 2061 305 2125 καί
331 2053 427 2146 ἡμεῖς
453 2051 627 2144 ἠρξάμεθα
655 2059 714 2124 τοῦ
735 2055 774 2124 τὸ
794 2068 919 2144 χρῖσμα
939 2057 995 2124 καὶ
1015 2055 1074 2146 τὴν
1096 2057 1266 2146 σφραγῖδα
1287 2055 1477 2143 λαμβάνειν,

249 2159 403 2248 λέγοντος
424 2163 482 2225 τοῦ
504 2161 565 2243 μὲν
576 2153 742 2226 Ἰωάννου·
764 2159 820 2226 καὶ
833 2155 928 2243 ὑμεῖς
940 2169 1065 2245 χρῖσμα
1079 2158 1168 2242 ἔχετε
1183 2153 1326 2225 ἀπὸτοῦ
1341 2153 1437 2244 άγίοο
1444 2161 1478 2239 ²),

249 2265 309 2329 τοῦ
333 2263 370 2329 δὲ
385 2255 594 2328 ἀποστόλου·
616 2263 670 2326 καί
686 2255 780 2345 ὑμεῖς
795 2259 1045 2349 ἐσφραγίσθητε
1057 2262 1105 2345 τῷ
1121 2258 1287 2345 πνεύματι
1299 2262 1359 2344 τῆς
1374 2259 1477 2346 ἐπαγ-

247 2366 359 2449 γελίας
379 2365 426 2449 τῷ
449 2357 571 2449 άγίῳ’).
609 2355 725 2428 οὐκοῦν
748 2357 795 2428 δι’
819 2357 982 2448 ἡμᾶςκαὶ
1003 2356 1088 2446 όπέρ
1109 2356 1202 2447 ἡμῶν
1224 2359 1296 2428 ἐστι
1322 2360 1362 2427 τὸ
1383 2359 1477 2447 λεγό-

247 2486 356 2547 μενον.
401 2469 487 2530 ποία
513 2469 624 2529 τοίνυν
645 2464 721 2529 Ικαὶ
743 2461 779 2529 ἐκ
798 2461 918 2528 τούτου
939 2461 1095 2550 προκοπὴ
1117 2461 1323 2547 βελτιώσεως
1342 2465 1398 2528 καί
1419 2487 1477 2546 με,-
1592 2475 1593 2483 ’

242 2561 336 2640 σθός
358 2558 475 2646 άρειῆς
496 2556 518 2648 ἢ
539 2557 655 2640 ἁπλῶς
676 2561 829 2650 πράξεως
850 2566 908 2629 τοῦ
930 2569 1043 2651 κυρίου
1066 2564 1249 2646 όείκνυται,·
1280 2563 1311 2632 εί
1329 2563 1391 2646 μὲν
1410 2561 1477 2648 γὰρ

143 2655 149 2664 ’
247 2659 283 2729 ἐκ
304 2664 362 2729 τοῦ
383 2659 428 2747 μὴ
452 2656 538 2728 εἶναι
558 2659 641 2741 θεὸς
661 2661 744 2742 θεὸς
766 2661 915 2749 ἐγεγόνει,
939 2663 969 2730 ελ
989 2662 1034 2749 μὴ
1056 2667 1070 2704 ¹¹
1077 2663 1232 2751 βασιλεὺς
1252 2658 1298 2730 ιόν
1312 2662 1360 2740 είς
1371 2668 1475 2746 βασι-

160 2781 237 2826 m.
249 2764 340 2832 λείαν
368 2759 549 2849 προήγετο,
579 2757 662 2846 εἶχεν
684 2757 725 2832 ἂν
746 2758 880 2848 άμῶνό
902 2762 999 2850 λόγος
1021 2769 1116 2845 σκιᾶς
1136 2787 1225 2844 τινος
1245 2758 1473 2849 πιθανότητα.

247 2864 277 2933 εἰ
304 2864 341 2932 δὲ
367 2862 450 2942 θεός
478 2863 625 2931 ἐστικαὶ
649 2857 668 2930 ὃ
688 2863 814 2952 θρόνος
835 2861 936 2933 αὐτοῦ
957 2868 1016 2951 τῆς
1035 2868 1208 2952 βασιλείας
1229 2863 1363 2943 αλώνιός
1386 2862 1471 2944 ἐστι,

244 2967 313 3034 ποῦ
336 2959 402 3048 εἶχε
422 2964 598 3053 προκόψαι
615 2966 720 3051 ·θεός,·
752 2959 773 3054 ἢ
801 2974 836 3034 τί
857 2967 969 3036 ἔλειπε
989 2969 1037 3054 τῷ
1059 2967 1117 3035 ἐπὶ
1138 2965 1196 3034 τὸν
1217 2965 1343 3055 θρόνον
1364 2971 1473 3052 καθη-

241 3073 332 3156 μένῳ
357 3070 418 3134 τοῦ
445 3066 574 3156 πατρός
582 3097 593 3150 ,·
628 3067 657 3136 εί
687 3069 723 3135 δὲ
749 3071 803 3136 καὶ
833 3064 878 3149 ὦς
900 3064 999 3148 αὐτὸς
1021 3063 1040 3133 ό
1062 3068 1173 3156 κύριος
1195 3069 1334 3155 ε’ίρηκεν,
1370 3061 1473 3133 αὐτοῦ

243 3165 316 3237 ἐστι
336 3167 376 3236 τὸ
397 3173 538 3256 πνεῦμα,
563 3169 598 3238 ἐκ
619 3173 677 3237 τοῦ
696 3163 798 3237 αὐτοῦ
811 3169 981 3256 λαμβάνει,
999 3161 1080 3236 αὐτό
1112 3195 1150 3237 τε
1164 3161 1246 3236 αότό
1260 3163 1471 3248 ἀποστέλλει,

242 3267 301 3339 οόκ
323 3269 388 3359 άρα
411 3267 429 3337 ὁ
452 3271 549 3358 λόγος
568 3271 685 3351 ἰἐστίν,
707 3261 730 3358 ᾗ
751 3271 848 3357 λόγος
870 3271 940 3338 ἐστὶ
962 3271 1015 3338 καὶ
1039 3195 1154 3359 aoht,
1178 3265 1258 3358 δτῷ
1274 3265 1351 3356 παρ’
1369 3263 1472 3335 αὐτοῦ

241 3373 405 3456 διδομένῳ
432 3371 598 3455 πνεύματι
622 3371 811 3457 χριόμενος,
842 3365 954 3460 άλλη
984 3373 1245 3460 προςληῳθεῖσα
1265 3365 1343 3457 παρ’
1369 3365 1470 3438 αὐτοῦ

241 3471 325 3558 σάρξ
351 3471 441 3538 ἐστιν
469 3465 490 3559 ἡ
512 3471 547 3536 ἐν
569 3465 658 3558 αὐτῷ
679 3475 734 3539 καί
756 3466 835 3557 παρ’
860 3466 961 3538 αὐτοῦ
981 3479 1153 3560 χριομένη,
1177 3472 1233 3540 m
1254 3471 1311 3540 καὶ
1333 3467 1353 3538 ό
1375 3467 1472 3558 άγια-

240 3572 325 3657 σμὸς
355 3563 401 3650 ὥς
430 3570 477 3650 είς
505 3568 689 3658 άνθρωπον
710 3571 769 3639 τὸν
790 3571 902 3658 κόριον
922 3573 1094 3659 γινόμενος
1115 3575 1163 3655 είς
1183 3573 1313 3653 πάντας
1334 3566 1471 3660 άνθρώ-

240 3697 326 3752 πους
347 3676 481 3761 γίνηται
501 3666 581 3759 παρ’
606 3667 716 3740 αὐτοῦ.
762 3668 801 3740 οὗ
829 3671 891 3761 γὰρ
913 3668 970 3762 ἀφ’
995 3674 1129 3758 ἑαυτοῦ,
1154 3682 1252 3766 φησί,
1275 3675 1315 3742 τό
1337 3677 1471 3760 πνεῦμα

239 3777 380 3856 λαλεῖἽ,
413 3767 482 3842 ἄλλ’
507 3769 526 3841 ό
554 3771 651 3861 λόγος
678 3773 768 3842 ἐστὶν
797 3770 937 3843 ὁτοῦτο
960 3776 1072 3857 διδοὺς
1094 3787 1167 3858 τοῖς
1189 3773 1304 3858 ἀξίοις.
1350 3771 1470 3862 ὅμοιον

230 3949 234 3956 “
310 3965 334 4020 υ
357 3963 376 4015 1.
397 3965 452 4016 cor.
471 3963 497 4029 ε,
517 3965 557 4016 ιο.
644 3963 670 4024 υ)
687 3965 743 4016 εει.
763 3965 805 4028 οι,
827 3967 849 4018 ι.
936 3965 961 4026 ε)
979 3967 1030 4018 ιο.
1051 3967 1090 4028 ιο,
1109 3967 1149 4019 τε.
1237 3968 1263 4026 ο
1281 3968 1347 4017 1020.
1369 3965 1409 4028 ιο,
1429 3967 1470 4018 ιι.

238 4035 265 4164 g}
284 4033 356 4152 [iffi
371 4033 470 4164 ¹13,ss
547 4032 573 4098 6)
597 4032 662 4084 Ιοτο.
683 4033 724 4096 λθ,
743 4031 784 4085 22.
871 4033 896 4096 ῖ)
924 4035 945 4086 1.
966 4037 1032 4086 Ιοιο.
1051 4035 1076 4096 2,
1095 4035 1135 4085 λθ.
1223 4035 1250 4096 8)
1274 4035 1363 4100 ΕρΙιεε.
1385 4035 1408 4096 ί,
1430 4033 1468 4084 13.
1589 4041 1590 4046 ’

273 4253 294 4286 ε.
313 4235 353 4287 Sic
371 4238 472 4298 Seguer.
489 4242 516 4285 αῖ
533 4235 826 4288 είίεωιλδεῐοτδεσυὶοε
911 4253 931 4286 ε.
957 4237 996 4287 Sic
1019 4237 1120 4301 ὃεςοετ.
1145 4238 1243 4291 Gobler.
1268 4247 1292 4288 ει
1315 4237 1422 4288 ῖεΙεΙιω.
1444 4237 1467 4286 ῖ.

238 4306 336 4368 legisse,
355 4307 444 4388 qnippe
463 4307 503 4370 qui
521 4305 641 4354 vertimus
651 4319 749 4354 ετοοιυε.
780 4307 825 4355 Alii
876 4303 954 4354 Ceteri
981 4319 1036 4355 vero
1061 4315 1084 4355 ει
1106 4307 1163 4358 editi
1186 4300 1234 4355 καί
1256 4307 1376 4356 omittunt.
1413 4304 1468 4354 ῖίοι

236 4383 259 4424 e!
279 4373 334 4424 edin
354 4365 534 4440 ημεῖτέσμεν.
571 4369 645 4421 ΡιαΙο
675 4373 824 4435 υειδεςυετ,
876 4373 976 4434 δεροει.
995 4375 1053 4434 ίλες.
1071 4373 1143 4424 θεείί.
1163 4375 1253 4436 λοςῖίε.
1273 4383 1296 4424 εί
1314 4371 1420 4422 ῖείσλισ.
1440 4369 1467 4421 5.

227 4431 252 4500 ’ἢ
271 4431 299 4489 σί
315 4432 398 4490 ἄλλοι.
433 4441 478 4490 Alii
497 4449 521 4490 ει
538 4437 595 4490 editi
614 4430 631 4499 ἢ
649 4385 732 4489 όλλοι.
874 4431 983 4505 ἔχρισεν
1001 4433 1093 4492 αὐτόν.
1120 4443 1181 4492 editi
1200 4450 1224 4492 ει
1241 4441 1281 4492 alii
1299 4429 1468 4506 ἔχρισεναῦ-

269 4509 293 4558 λι.
312 4509 417 4562 ῖιλυίιιο.
436 4507 459 4558 5.
479 4499 586 4574 ὥσπερ,
876 4501 929 4560 τός.
965 4507 1055 4558 Ibidem
1078 4511 1218 4572 δεςοετίιο.
1243 4509 1300 4571 λος.
1325 4505 1424 4559 Gobler.
1444 4515 1470 4557 ει
