2872 5046
372 272 377 281 .
415 243 560 288 sersrom
575 245 611 288 rr.
627 246 664 288 so
680 245 874 290 ssessionem.
1057 271 1058 276 κ
1189 231 1250 294 805

36 399 215 470 bernantem,
238 395 303 460 ausi
325 405 426 458 esseut
447 396 554 470 dicere,
577 414 676 458 rerum
696 405 829 460 naturam
848 395 1051 460 chelzehulo
1066 398 1159 460 luisse
1174 413 1335 460 oon-naor.

34 502 133 574 ditem,
155 508 206 562 aut
227 499 338 572 solem,
361 507 394 560 ut
415 497 533 560 diaholo
556 497 785 577 obsequeretur,
809 499 897 572 oriri,
921 501 1038 562 eteius
1062 519 1149 562 causa
1170 507 1251 562 astra

33 603 64 664 in
86 603 166 664 caelo
188 601 355 680 circumagi.
400 599 473 662 Nam
495 592 739 679 quembdmodum
760 599 833 662 haec
846 601 899 662 llei
912 591 994 676 sunt,
1017 603 1056 664 ita
1080 613 1109 664 et
1129 602 1179 664 illa
1192 602 1251 664 Pa-

33 706 88 768 tris
112 711 196 766 erant
217 721 324 782 opera,
353 702 428 764 etsi
452 701 500 764 illa
523 700 718 775 Beelzebulis,
748 703 918 764 necessario
943 714 972 766 et
993 705 1050 767 ista
1072 703 1252 767 Beelzebulis

32 806 160 878 luerint;
182 814 212 864 et
233 821 376 884 quorsum
397 812 503 884 postea
525 803 598 864 heco
619 805 761 864 reserent:
784 802 823 864 ln
834 807 985 885 principio
1000 807 1073 884 {coit
1087 805 1168 868 Deus
1186 825 1253 868 coc-

34 907 95 968 lum
118 916 146 968 ct
168 904 306 970 terrum?
349 905 458 966 Verum
478 923 539 966 non
561 903 694 965 insolens
718 913 764 964 est
785 903 897 965 isthaec
916 922 1018 966 eorum
1034 905 1157 968 insania.
1202 905 1253 968 Si-

32 1008 152 1086 quidem
175 1007 405 1079 horum,Patrcs
429 1007 530 1068 eadem
552 1015 650 1068 mente
672 1004 796 1085 praediti
818 1004 848 1064 in
871 1021 986 1078 cremo,
1016 1025 1081 1066 curn
1103 1025 1197 1086 nuper
1219 1026 1255 1068 ex

31 1109 166 1188 Aegypto
188 1110 300 1188 egressi
324 1117 442 1181 essent,
464 1107 554 1170 vitulo
577 1127 592 1168 a
616 1126 649 1168 se
672 1107 798 1168 conllato
819 1105 871 1166 Dei
894 1123 962 1184 erga
986 1125 1019 1167 se
1040 1107 1181 1170 beneficia
1201 1128 1253 1170 re-

32 1211 167 1272 lerentes
190 1211 341 1272 dicebant:
363 1209 407 1272 lli
427 1222 498 1273 sunt
520 1211 564 1272 dii
584 1214 638 1280 tui,
660 1208 771 1282 lsrael,
794 1213 846 1288 qui
866 1219 893 1269 te
916 1203 1088 1270 educerent
1114 1210 1257 1270 deterre
1328 1233 1332 1240 ¹

31 1313 170 1392 Aepppti.
216 1312 261 1374 Ob
284 1313 360 1373 hanc
381 1314 478 1390 itaquo
499 1310 712 1391 blasphemiam
733 1297 869 1390 protinus
892 1309 1002 1382 exiis,
1032 1310 1081 1388 qui
1104 1309 1170 1370 talia
1191 1310 1255 1372 ausi
1341 1319 1350 1340 ·

29 1415 170 1486 lucrant,
202 1413 286 1474 initio
309 1432 369 1476 non
390 1413 475 1494 pauci
492 1414 552 1476 ‘sed
572 1413 692 1493 plurimi
714 1411 801 1474 occisi
825 1419 908 1485 sunt,
937 1411 1118 1472 denuntiarit
1139 1429 1274 1490 quoque,

30 1511 119 1576 Deus
140 1514 259 1576 dicens:
290 1516 427 1590 Quodis
448 1517 589 1588 visitabo,
618 1516 758 1578 inducam
780 1530 873 1594 super
894 1532 944 1576 cos
964 1523 1120 1602 paceotpm
1141 1531 1256 1575 eorum.

28 1615 108 1676 Nam
133 1617 272 1696 quamdiu
300 1617 339 1678 illi
369 1617 407 1678 ob
434 1617 521 1696 panis
551 1626 580 1680 et
601 1635 694 1698 aquae
714 1615 865 1694 penuriam
890 1614 1167 1688 obmurmurabant,
1199 1614 1257 1676 ho·

28 1717 131 1778 mines
156 1717 313 1792 tolerabat,
341 1720 419 1780 haud
447 1737 532 1782 secus
556 1738 641 1798 quam
664 1718 764 1780 nutriit
786 1718 933 1780 alumnum
956 1733 1059 1788 suurn,
1087 1713 1138 1778 uhi
1160 1723 1255 1776 autem

25 1818 65 1880 ad
88 1819 238 1880 maiorem
260 1819 405 1882 insaniam
427 1820 591 1899 progressi,
614 1829 647 1881 ut
667 1818 766 1899 psallit
787 1825 888 1903 contra
912 1836 964 1879 eos
986 1817 1130 1896 Spiritus,
1155 1815 1343 1882 Muta-rum.

23 1931 146 1983 verrent
167 1920 299 2000 plort'om
320 1941 406 1984 suom
427 1925 460 1984 in
482 1921 708 1984 similitudinem
729 1919 821 1984 uituli
840 1921 1017 1982 comedmtis
1035 1920 1178 1998 socnam
1201 1919 1259 1980 iam

25 2042 96 2084 curn
122 2041 189 2084 rem
212 2023 459 2103 indeprecabilem
482 2023 546 2084 ausi
569 2031 685 2095 esseut,
707 2021 841 2101 percussi
864 2031 946 2096 sunt,
981 2029 1014 2082 ut
1034 2019 1075 2082 ait
1097 2019 1258 2099 Scriptura,

26 2125 68 2184 ob
93 2124 272 2188 fabricatum
294 2125 428 2197 uitulum,
452 2141 540 2202 quem
562 2125 672 2184 lecerat
692 2125 799 2183 Aaron.

120 2534 175 2594 17.
223 2527 332 2590 Eadem
364 2535 393 2588 et
420 2545 498 2589 nunc
525 2527 589 2589 ausi
610 2505 760 2588 Pharisaei
788 2525 874 2588 talem
903 2528 1067 2590 allomiuo
1095 2527 1262 2592 retrderunt

5 2624 276 2728 damnationem,
306 2630 420 2710 qualem
441 2629 612 2704 Beelzebul,
642 2647 728 2709 quem
755 2628 797 2689 illi
820 2647 923 2690 eorum
946 2621 1097 2692 auctorem
1120 2629 1263 2708 suspicati

22 2745 117 2828 Junt,
144 2733 210 2798 iam
233 2739 295 2795 turn
316 2731 420 2794 habuit
440 2740 471 2794 et
492 2731 596 2806 hahct3
624 2731 663 2794 ita
684 2739 717 2792 ut
738 2729 795 2810 ipsi
817 2749 933 2811 quoque
955 2731 986 2792 in
1015 2732 1082 2809 igne
1104 2731 1140 2791 ab
1163 2741 1261 2792 aeter-

4 2842 120 2934 ,qitate
144 2834 390 2913 illi·praoparato
414 2853 479 2896 cum
500 2833 566 2912 ipso
589 2833 763 2897 absumendi
786 2831 855 2894 sint.
900 2832 965 2894 Non
989 2833 1067 2894 enim
1099 2831 1172 2894 baec
1192 2831 1261 2894 ideo

19 2945 179 3034 1stquutus
205 2942 263 3006 est,
285 2943 318 2996 ut
338 2933 549 3013 blasphemiam
572 2936 601 2995 in
625 2954 657 2996 se
679 2935 822 3014 prolatam
846 2953 911 2996 cum
934 2933 1116 3014 blasphemia
1137 2935 1167 2996 in
1191 2933 1263 3012 Spi-

17 3038 120 3140 'fflprm
145 3043 292 3098 sanctum
314 3036 471 3110 conferret,
495 3036 579 3114 quasi
601 3037 728 3116 Spiritus
750 3045 869 3100 sanctus
893 3055 926 3098 se
947 3036 1043 3098 maior
1065 3043 1154 3108 esset,
1175 3034 1263 3136 ideo·

7 3173 88 3249 1550,
105 3138 214 3204 maius
244 3135 354 3197 crimen
376 3145 458 3198 esset
478 3137 659 3217 blasphemia
681 3137 877 3218 inspicitur]
899 3147 1048 3211 sanctum;
1070 3136 1157 3198 absit.
1189 3136 1263 3200 Nam

14 3287 28 3324 ,2
38 3245 98 3344 (350,
117 3245 285 3312 documat,
309 3238 416 3313 omnia,
440 3258 513 3320 quae
526 3239 622 3302 -Pater
642 3241 741 3314 habet,
763 3240 828 3302 Filii
851 3258 936 3310 esse,
960 3249 989 3300 et
1010 3257 1046 3300 ex
1067 3239 1142 3300 Filio
1165 3237 1262 3316 Spiri-
1312 3269 1318 3280 ι

8 3310 87 3450 rpffl
112 3363 191 3410 esse
217 3347 423 3419 accepturum,
451 3341 608 3422 ipsumque
635 3341 777 3422 Spiritum
801 3340 1028 3421 'glorificaturum
1057 3359 1123 3402 esse
1144 3340 1260 3406 Filium.

2 3483 47 3547 w·
65 3472 128 3534 que
157 3440 298 3526 Spiritus
319 3441 426 3504 Filium
448 3443 510 3518 dat,
535 3444 590 3506 sed
610 3444 702 3508 Filius
725 3443 866 3522 Spiritum
888 3442 1009 3524 praebet
1029 3443 1206 3522 Discipulis,
1229 3461 1263 3506 ac

9 3541 25 3649 'p
38 3577 74 3651 pr
97 3553 175 3620 illos
200 3546 262 3618 iis,
294 3543 345 3623 qui
373 3543 404 3606 in
430 3563 463 3608 se
493 3546 625 3608 credunt.
669 3545 735 3608 Non
757 3564 793 3608 eo
815 3545 912 3624 itaque
934 3545 1033 3608 animo
1054 3545 1196 3625 loquutus
1218 3553 1264 3606 est

6 3666 64 3740 ,bi

64 3765 85 3797 ,ἃ
113 3733 628 3802 1323,Seguer.etGraecusScripturae
679 3733 720 3783 sed
739 3732 1050 3798 praestereridetnrprior.
1080 3722 1260 3798 lloxpostpsr’

20 3792 99 3880 ΜΕ
120 3802 218 3866 δόξαν
238 3788 341 3847 αὐτῶν.
366 3793 628 3875 ltditidddarcdtoei.
679 3792 762 3849 αὐτοῦ
780 3803 836 3863 fleg.
855 3809 878 3850 et
895 3801 994 3862 Soguer.
1012 3789 1054 3847 ὑπ’
1074 3791 1166 3848 αὐτοῦ.

14 3875 89 3942 Μ,
112 3887 140 3934 οι
159 3871 280 3928 Felclrm.
301 3865 324 3916 l.
341 3860 423 3921 δοξαν
441 3867 488 3916 τοῦ
505 3867 579 3918 θεοῦ.

4 3946 72 4014 ‘eq
94 3942 132 4002 τό
155 3947 234 3999 deest
254 3937 280 3986 in
300 3934 438 3994 Gohlerian.
457 3937 594 3986 etl'elcltm.
606 3937 628 3985 l.

11 4032 67 4100 „Q
96 4036 148 4088 pso
175 3997 385 4069 ἕπατάχθησαν
408 4003 497 4064 Anglic.
521 3995 630 4068 ἐμαστί-

5 4083 54 4146 eq„
73 4105 140 4142 σαν,
162 4079 284 4136 Felclrm.
295 4071 319 4120 2.
331 4063 546 4136 ἰπεστάχθησαν.
567 4073 628 4122 Edit.
714 4071 737 4122 h.
756 4071 796 4121 Sic
812 4073 867 4134 lleg.
892 4069 991 4133 Sequor.
1015 4069 1105 4132 buglis.
1125 4071 1221 4122 Gohler.
1241 4079 1264 4120 et

5 4133 143 4214 immet.
164 4135 378 4210 ἐπετάχθησαν.
684 4139 787 4190 Felcbm.
807 4140 829 4188 l.
847 4149 871 4189 ot
888 4141 944 4190 edit.
963 4141 1054 4200 Paris,
1077 4142 1100 4188 iu
1120 4131 1173 4204 quu⁰
1185 4149 1263 4188 tamon

1 4187 68 4284 bqssf'
88 4233 134 4281 sq„
161 4225 226 4282 fleg.
257 4219 285 4262 et
308 4210 409 4270 Sequor.
443 4207 469 4258 lu
494 4207 564 4258 editis
582 4197 632 4266 τήν
683 4209 750 4258 deest
765 4201 939 4274 rtaspeptar
956 4217 1011 4271 post
1028 4201 1187 4274 γινομέγης,
1208 4207 1267 4281 edit:

14 4255 84 4355 coqui
135 4294 194 4344 blox
222 4286 289 4342 lleg.
315 4284 339 4326 ot
362 4277 460 4336 Seguer.
479 4263 542 4324 aler
558 4284 630 4326 recto.
682 4276 823 4326 Conmelin.
839 4271 984 4342 λεγομένης
1000 4269 1173 4341 dlermrpr‘oq
1188 4271 1256 4322 ταῦτ

10 4331 76 4422 ruffi
88 4336 159 4416 'olm
200 4353 273 4407 lulra
295 4352 353 4409 post
369 4342 423 4412 adp
442 4345 465 4394 iu
484 4343 587 4394 Felclm.
606 4343 630 4393 2.
682 4335 784 4410 εἴρηκεν
801 4346 898 4398 omissis
916 4343 1065 4394 intormediis
1082 4349 1182 4408 propter
1193 4353 1265 4404 repe-

1 4385 91 4486 wsb,
121 4429 200 4484 editis
232 4413 343 4477 entre.
385 4413 413 4464 ln
438 4412 492 4464 aliis
519 4413 630 4464 omuibus
682 4414 747 4461 titum
770 4407 1047 4480 qllqrpqpldcrocem.
1083 4411 1173 4463 lbidem
1191 4408 1266 4460 basil.

1 4485 114 4578 trev,
155 4497 274 4554 utraque
301 4480 374 4534 lectio
399 4480 517 4545 quadrare
541 4489 629 4546 potest,
681 4478 794 4530 τοιαῦτα
812 4473 922 4550 εἴρηκεν.

0 4571 3 4592 '
28 4572 78 4640 “a

713 3917 736 3965 g.
755 3903 794 3951 Sic
812 3901 868 3962 lleg.
887 3903 986 3962 Sequor.
1004 3901 1101 3953 Gohler.
1121 3911 1144 3954 et
1158 3901 1270 3954 Felctn..

682 3971 703 4020 1.
738 3969 801 4019 euru
818 3961 856 4022 εἰς
872 3963 976 4019 ἑαυτόν.
