2822 5030
337 249 454 294 conrru
467 249 835 308 mocunrmrunrsrsrr.
1128 241 1190 304 933

1 422 127 479 onem
156 400 313 465 solverint.
356 398 416 462 Nec
437 399 528 478 igitur
548 418 630 462 mors
652 409 755 463 nosue
777 402 837 464 ilbc
857 401 955 465 locum
968 403 1083 480 babuit,
1105 407 1132 468 si
1156 423 1276 468 arrosa

17 503 228 584 speratione
249 499 385 580 corporis
409 499 565 563 exstinctio
589 499 736 580 obtigerit.
781 503 939 590 Quomodo
958 515 1061 568 antem
1083 525 1191 587 eorpus

16 603 238 684 :orruptibili
259 603 322 664 lleo
353 609 523 682 separatum
544 602 576 662 in
597 602 875 684 incorruptibilitate
895 624 1050 670 remanere
1070 607 1192 688 potuit?

21 713 119 766 rtem
145 704 242 768 modo
265 703 427 766 vulnerabo
450 703 569 782 quidem
584 705 730 783 corporis,
754 707 853 784 passio
868 716 966 770 eutem
980 707 1070 770 Verbi
1091 709 1191 772 luerit.

19 826 49 867 n
79 807 178 868 enim
199 807 236 868 de
258 824 346 868 causa
369 803 514 867 ellicum
535 823 657 886 passum
678 823 746 874 esse
767 825 803 868 ex
825 809 1018 888 consequenti
1032 809 1189 891 loquentes

19 907 146 982 eratis,
174 909 246 988 quin
269 916 298 970 et
320 925 387 969 oum
407 905 525 969 Arianis
546 907 677 986 idipsum
698 895 874 970 docentibus
896 911 1081 973 consentitis.
1115 912 1191 976 Ver·

26 1017 173 1083 autern,
201 1017 235 1070 nt
256 1017 355 1070 restra
376 1009 436 1070 lert
457 1007 576 1088 opinio,
605 1027 640 1070 ex
666 1008 889 1070 resurrectione
914 1009 1070 1070 excitatrrm
1091 1012 1190 1076 luerit.

20 1129 78 1172 ·se
114 1117 169 1172 est
203 1110 282 1172 enirn
304 1109 403 1190 ipsum
425 1108 544 1188 aliquod
564 1109 794 1172 resurrectionis
816 1108 853 1171 ab
874 1108 978 1170 inieris
1000 1109 1117 1174 initium
1138 1131 1190 1176 ac-

20 1233 83 1286 se,
119 1219 158 1272 ut
187 1213 318 1291 perlecta
344 1211 424 1272 lorct
444 1211 625 1272 resurrectio
649 1220 678 1274 et
699 1211 806 1273 mortis
828 1209 940 1272 solutio
963 1209 1191 1292 spirituumque,

20 1313 57 1372 bi
86 1313 211 1374 detenti
233 1321 327 1386 erant,
349 1311 496 1374 dimissio.
1046 1317 1051 1324 '

23 1417 89 1476 17.
142 1413 234 1486 Quod
256 1414 284 1474 si
305 1413 379 1474 baec
400 1413 464 1492 ipsa
486 1412 612 1475 Verbum
635 1413 793 1487 sustinuit,
825 1411 946 1476 ubinam
968 1431 1079 1493 quaeso
1102 1411 1192 1476 Verbi

1 1513 186 1576 ¹stabilitas
208 1522 240 1576 et
259 1512 494 1578 insatiabilitas?
536 1513 574 1575 Et
595 1515 745 1593 montedo
761 1514 889 1576 Verbum
904 1513 1000 1594 palam
1021 1514 1053 1577 in
1074 1515 1191 1578 inferno

23 1634 38 1674 r
68 1613 106 1674 in
130 1623 232 1677 morte
254 1633 308 1677 sua
336 1615 428 1676 homo
457 1622 626 1694 reputatum
648 1613 716 1677 esti
760 1615 820 1676 Gur
845 1615 963 1678 ludaeis
991 1613 1106 1678 dicabat
1126 1617 1190 1678 Ilo-

23 1735 65 1776 s:
93 1716 162 1796 Epo
185 1715 338 1779 sesdtobo
361 1735 436 1786 eum,
460 1726 490 1777 et
511 1733 587 1788 non:
610 1717 673 1795 Ego
697 1716 863 1778 exiuierno
878 1712 1028 1796 resurgo?
1062 1717 1095 1779 Si
1111 1717 1192 1780 enim

24 1835 88 1876 um
113 1806 276 1896 postquam
304 1825 455 1879 mortuum
483 1825 532 1880 cst
559 1817 722 1880 suscitante
750 1836 784 1880 se
811 1826 946 1902 almorte
974 1836 1050 1898 opus
1072 1817 1190 1895 babuit3

22 1916 131 1978 Verbi
155 1917 280 1979 vintoris
301 1917 374 1990 erit,
408 1916 463 1978 sed
491 1917 572 1997 eius,
606 1918 656 1997 qui
684 1919 784 1998 ipsum
805 1917 967 1981 suscitarit.
1012 1918 1072 1982 Cur
1092 1925 1191 1982 autem

18 2017 202 2097 Prophetas
224 2017 297 2078 illud
319 2017 355 2078 de
378 2018 476 2100 anima
494 2018 561 2079 eins
584 2017 826 2095 praenunciatum
848 2015 918 2080 est?
962 2017 1022 2080 Cur
1043 2019 1110 2097 ipse
1126 2018 1190 2080 llo-

15 2141 60 2194 rS,
88 2137 159 2180 cum
180 2119 241 2180 iam
262 2111 404 2196 praesens
424 2117 609 2194 promissum
631 2117 777 2196 impleret,
800 2115 912 2178 aiebat:
939 2115 1076 2180 summm
1092 2137 1192 2181 mous

17 2243 27 2278 r
54 2237 121 2300 pro
145 2219 252 2280 ovidae
275 2215 373 2278 arms?
393 2203 482 2293 quam
504 2215 632 2278 animam
655 2216 794 2294 spiritum
817 2234 885 2276 esse
903 2233 1005 2280 sacrae
1020 2216 1191 2295 Scripturas

1 2331 56 2384 ¹te
83 2319 218 2390 docent,
240 2323 271 2378 et
291 2313 437 2378 Dominus
460 2315 535 2394 lpse,
559 2317 609 2394 qui
630 2315 706 2377 dixit
727 2332 836 2394 corpus
859 2313 977 2394 quidem
999 2315 1035 2378 ab
1056 2316 1190 2399 homiui-

4 2431 14 2482 ’.
31 2417 145 2490 occidi,
169 2417 219 2496 qni
241 2415 368 2480 animam
390 2425 488 2477 umen
510 2434 571 2476 non
593 2423 722 2494 possunt
743 2414 888 2488 occidere,
910 2416 1020 2496 qnippe
1034 2435 1110 2497 quae
1123 2418 1190 2498 spi·

15 2519 113 2582 ssit.
155 2517 221 2580 lloc
241 2518 308 2597 ipso
333 2517 445 2596 Spiritu
468 2515 601 2580 turbatus
624 2525 670 2578 est
690 2515 787 2590 lesus,
810 2516 900 2584 udos
918 2516 1052 2598 Spiritus,
1071 2518 1275 2592 disces-mer,

24 2641 45 2682 a
69 2637 196 2698 corpore
217 2620 248 2682 in
271 2619 365 2682 Cruce
385 2619 461 2682 iacta
483 2627 539 2680 est.
582 2617 619 2680 lit
634 2618 680 2680 sic
693 2619 869 2682 exstinctum
892 2626 938 2682 est
959 2637 1080 2699 corpus,
1101 2629 1190 2701 atque

14 2721 147 2800 contigit
168 2721 334 2795 dissolutio,
357 2719 419 2782 ileo
441 2719 539 2782 Verbo
562 2719 714 2782 immutato
736 2728 910 2782 remanente
925 2727 985 2782 tam
1000 2721 1033 2782 in
1053 2736 1189 2800 corpore,
1290 2777 1293 2790 ,

6 2842 50 2884 m
72 2823 231 2894 inanima,
253 2829 341 2900 atque
362 2821 395 2883 in
417 2821 531 2902 seipso,
555 2821 658 2900 quiin
681 2821 750 2884 sinu
763 2819 868 2902 ,Patris
892 2819 1037 2886 existebat
1052 2821 1095 2908 'ad
1117 2839 1188 2903 spe-

7 2943 59 2984 eu
81 2921 334 2984 immutabilitatis.
378 2922 416 2984 lit
443 2922 474 2985 in
502 2925 557 2986 sua
585 2923 621 2986 ad
649 2922 747 2986 nostri
769 2921 993 2987 similitudinem
1013 2923 1110 2986 torma
1129 2937 1213 2983 no-¹
1270 2947 1275 2962 ·

5 3044 57 3085 anr
80 3023 138 3084 illic
159 3023 318 3102 descripsit
338 3031 476 3094 mortem,
494 3033 531 3086 ut
552 3024 583 3086 in
604 3024 653 3086 illa
673 3022 923 3088 resurrectionem
938 3037 994 3102 pro
1009 3021 1098 3084 nobis
1113 3040 1188 3084 con·
1273 3063 1275 3068 -

1 3133 114 3198 naret,
141 3141 176 3184 ex
197 3123 313 3186 interno
336 3123 456 3203 quidem
476 3125 619 3198 aumram,
654 3145 691 3188 cr
719 3125 857 3203 sepulcro
886 3131 984 3190 autem
1007 3141 1115 3204 corpus
1136 3141 1188 3186 rc-

1 3245 94 3298 ccns,
122 3232 153 3286 ut
179 3224 209 3288 in
242 3232 339 3288 morta
360 3244 416 3306 per
437 3225 787 3290 exhibitionem-animae
807 3231 935 3304 mortem
957 3222 1135 3298 destmeret,
1157 3225 1189 3288 in

0 3327 104 3390 ,ulcro
125 3345 177 3407 per
197 3327 379 3406 sepulturam
398 3327 536 3408 corporis
557 3328 780 3408 curruptionem
800 3325 942 3399 aboleret,
965 3323 1066 3404 sioquc
1089 3342 1125 3386 ax
1138 3324 1188 3386 in-

9 3435 162 3492 noster
194 3427 331 3507 sepulcro
354 3427 605 3490 immortalitatem
634 3437 664 3490 et
690 3425 998 3511 incorruptibilitatem
1027 3424 1188 3500 exhiberet,

4 3549 36 3592 m
59 3528 88 3589 in
108 3530 198 3590 torma
219 3527 308 3590 nobis
331 3520 483 3596 consimili
501 3535 636 3594 nostram
658 3530 735 3594 rum
759 3535 1007 3593 emensus-esset
1033 3536 1188 3590 nosnatu-

9 3649 28 3691 e
57 3629 247 3692 domnionem
274 3629 425 3693 solvisset
471 3629 559 3704 Quod
585 3649 657 3696 sane
685 3630 880 3694 admiratione
908 3628 1029 3708 dignum
1061 3627 1188 3704 exstitit3

2 3781 76 3831 istm·
94 3781 115 3830 l·
137 3771 199 3845 ὅπερ
224 3773 261 3834 ὥς
285 3771 393 3846 παρών.
431 3781 476 3833 libi
494 3783 550 3834 editi
601 3775 662 3832 καθ’
691 3783 822 3834 aLeuntio
847 3781 974 3845 liprantinn
998 3770 1140 3832 adseruntur
1162 3782 1188 3833 iu

13 3848 99 3899 caeteri
117 3861 169 3898 mss.
192 3845 251 3901 aas
266 3843 373 3916 παρών.
600 3851 665 3901 libro
688 3849 711 3900 2.
740 3859 823 3900 contre
849 3848 986 3899 Nestorium
1014 3857 1039 3898 et
1067 3849 1189 3913 Eutychen
1224 3897 1232 3914 ,

2 3919 29 3968 d.
48 3906 338 3984 brail.rio’nrn1oiptotr·
376 3917 549 3978 utrosquei.
601 3916 725 3980 [Gallandi
743 3917 806 3968 bibl.
823 3924 878 3966 vett.
897 3915 1047 3968 anoton.
1063 3915 1114 3969 xit.
1133 3932 1189 3982 paq.

7 3985 64 4047 glic.
86 3983 174 4034 dobler.
197 3991 222 4033 et
245 3985 350 4035 Felclrm.
370 3985 400 4036 l..
417 3978 464 4033 καὶ
481 3975 548 4044 αὕτη
601 3985 660 4037 683.
678 3983 725 4035 col.
737 3981 772 4050 l.]
791 3998 846 4034 enm
865 3983 1124 4048 calladiscrepanti13
1141 3984 1190 4036 ibi·

1 4049 84 4116 ’γονεν
110 4043 217 4109 itiner
238 4051 350 4114 (Sequer.
372 4047 463 4108 iridis).
504 4053 549 4104 etti
601 4054 657 4104 dem
679 4053 720 4104 bic
743 4052 806 4102 liber
834 4059 931 4102 roertor
956 4052 1077 4104 secundos
1105 4058 1189 4103 contra

1 4137 28 4170 m
47 4111 169 4168 editiasci
185 4110 269 4168 uitari
292 4115 407 4183 γέγονεν
429 4111 545 4178 viiidie.
599 4121 784 4186 Apollinarium.
819 4117 1069 4182 ibidemSeguer.dn
1088 4118 1126 4168 lic.
1137 4117 1188 4168 Go-

10 4205 31 4236 e.
50 4187 108 4237 llam
121 4177 183 4236 ὄντα
199 4179 238 4240 sis
254 4179 304 4236 τὸν
320 4181 422 4240 sitnon
439 4185 548 4236 rainc-
598 4187 660 4240 bler.
680 4196 703 4239 et
720 4187 827 4237 Felelrm.
840 4177 910 4238 cb
926 4198 956 4236 re
974 4183 1006 4252 τῇ
1019 4199 1056 4236 rto
1084 4215 1091 4232 ·
1112 4183 1187 4233 Panlo

0 4247 39 4306 ds
65 4253 184 4304 desumto
207 4255 292 4315 editis,
320 4257 363 4306 red
388 4255 506 4316 babaqtnr
523 4256 548 4306 lo
599 4265 656 4320 post
673 4255 745 4306 iidem
762 4242 974 4322 actamquae.

0 4336 73 4383 guen.
90 4321 168 4379 baalia.
186 4322 283 4375 Goblar.
302 4331 326 4373 et
337 4323 485 4381 l'elolnu..l.,
503 4321 548 4375 sed
633 4325 650 4376 l·
669 4323 766 4375 (labier.
791 4331 816 4374 et
832 4323 937 4374 Velclm.
952 4321 975 4370 l.
991 4310 1066 4382 λύσῃ.

21 4387 103 4446 tnqlic.
125 4379 185 4439 ὄντα
207 4391 285 4442 deest.
326 4391 427 4452 Sequer.
450 4399 547 4442 rerunt
633 4406 655 4452 q.
673 4391 708 4441 lta
726 4391 826 4452 Sequar.
860 4389 925 4441 Editl
948 4401 1003 4438 raro
1025 4377 1073 4434 sot
1094 4375 1189 4449 τάφου

1 4453 74 4502 obler.
90 4455 167 4508 bibent
183 4448 249 4508 ὄντα
265 4453 320 4508 καί.
352 4458 404 4510 llos
421 4451 451 4508 lv
468 4452 497 4508 δὲ
515 4456 547 4524 τῇ
599 4473 654 4510 oum
672 4459 773 4513 materis
791 4471 850 4511 mss.
942 4519 945 4526 ,
