3174 5082
263 299 303 362 26
662 307 688 348 s.
704 303 856 348 ιτκιυιειι
871 301 1094 346 ιιιεειτοιεεονι

175 459 444 549 ε.ιιι.όριοθίντα
465 455 639 541 βιάζονται
661 449 860 538 διαβάλλειν.
894 449 961 518 ἔδει
980 448 1058 532 ’μὲν
1081 437 1138 515 οὑν
1160 442 1241 538 μήθ’
1253 445 1340 536 ἡμᾶς
1351 451 1401 520 ἔτι
1415 455 1492 522 τινὰ

260 563 387 632 τούτων
409 557 578 643 ἀπόλογον
601 559 789 634 ποιεῖσθαι,
813 550 975 638 καὶπρὸς
997 549 1057 629 τάς
1070 556 1214 635 ματαίας
1229 543 1337 618 αάτιὺν
1352 557 1492 644 προφά-

261 651 332 744 οεὶς
361 657 620 746 ἀποκρίνεσθαι,
647 653 719 743 μήτ’
745 654 887 732 ἐκείνους
915 653 964 721 ἐ’τι
987 653 1203 740 φιλονεικεῖν,
1228 645 1313 722 ἀλλὰ
1333 663 1493 726 συντίθε-

262 773 350 833 σθαι
371 759 423 842 οἷς
444 758 641 846 ὑπέγραψαν
663 757 696 824 οί
717 753 872 842 ἡγεμόνες
893 757 952 841 τῆς
975 754 1132 840 αίρίσεως
1154 751 1271 836 αὐτῶν,
1297 757 1428 836 είδότας
1445 755 1494 838 ὦς

262 863 282 954 ἡ
305 867 365 952 μὲν
386 863 470 949 μετά
491 864 595 928 ταῦτα
614 855 778 945 μεταβολή
801 861 867 924 τῶν
889 859 968 941 περὶ
983 851 1143 941 Εύσίβιον
1165 853 1320 938 ὑποπτός
1342 859 1415 925 ἐστι
1437 863 1492 928 καὶ

264 967 439 1055 κακοήθης.
484 963 523 1030 τό
546 963 579 1030 δὲ
604 956 801 1047 ὑπογράψαι
821 958 906 1044 μετά
927 956 965 1023 τὸ
989 959 1173 1046 δυνηθῆναι
1193 954 1253 1047 κάν
1275 959 1313 1026 τὸ
1327 961 1495 1046 βραχύτα-

264 1093 321 1136 τον
345 1064 631 1154 ἀπολογήσαοθαι,
655 1066 753 1130 τοῦτο
777 1062 939 1132 δείκνυσιν
963 1053 1099 1146 ἀληθῶς
1121 1055 1223 1148 ἀσεβή
1245 1061 1303 1150 τήν
1317 1058 1494 1151 Ἀρειανήν

265 1171 400 1258 αἵρεσιν.
444 1172 498 1238 καλ
521 1167 581 1254 γὰρ
606 1158 665 1230 1·ού
688 1162 852 1251 πρότερον
874 1157 1081 1247 ὑπέγραψαν,
1106 1161 1136 1229 εί
1149 1159 1193 1249 μή
1209 1169 1416 1248 κατέγνωσαν
1432 1161 1492 1231 αὑ-

263 1277 336 1362 τής·
358 1275 411 1339 καὶ
435 1266 472 1338 οὑ
497 1268 660 1356 πρότερον
682 1271 899 1351 κατέγνωσαν,
924 1261 953 1329 εί
974 1261 1018 1348 μή
1035 1262 1248 1345 πανταχόθεν
1263 1261 1495 1352 ἀπορήσαντος

261 1371 481 1464 ᾐσχύνθησαν.
506 1369 591 1439 ὥστε
613 1368 652 1435 τὸ
673 1366 945 1453 μεταβάλλεσθαι
967 1367 1025 1450 τῆς
1048 1365 1095 1443 εἰς
1117 1360 1271 1450 ἀσέβειαν
1287 1367 1493 1454 φιλονεικίας

263 1476 390 1566 ἔλεγχός
413 1477 492 1544 ἐστι.
540 1471 593 1539 διὸ
618 1471 685 1537 ἔδει
706 1475 775 1552 μέν,
792 1465 949 1552 καθάπερ
967 1468 1104 1554 εἴρηται,
1127 1469 1179 1534 καί
1197 1467 1333 1547 τούτους
1348 1465 1491 1556 ἠρεμεῖν.

263 1577 378 1663 ἐπειδὴ
402 1581 437 1643 δὲ
462 1577 563 1642 δεινοὶ
587 1571 672 1656 πρὸς
696 1565 926 1652 ἀναισχυντίαν
949 1569 1023 1648 είσί,
1047 1571 1099 1635 καὶ
1124 1571 1313 1654 νομίζουσιν
1335 1571 1419 1650 ἰ’σιυς
1435 1567 1493 1638 αύ-

263 1684 316 1746 τοὶ
346 1678 471 1762 μᾶλλον
502 1675 632 1744 ἐκείνων
662 1670 831 1737 δύνασθαι
858 1674 1042 1756 προστῆναι
1073 1673 1131 1756 τῆς
1161 1671 1351 1758 διαβολικής
1372 1673 1493 1758 ταύτης

267 1775 438 1864 ἀσεβείας·
470 1777 499 1843 εί
526 1778 580 1842 καί
605 1773 744 1862 φθάσας
767 1771 824 1839 διά
845 1775 919 1858 ”τής
941 1778 1105 1858 προτέρας
1128 1772 1306 1859 ἐπιστολῆς
1327 1776 1385 1860 τῆς
1408 1774 1493 1860 πρὸς

267 1882 304 1946 σὲ
326 1884 515 1966 γραφείσης,
539 1877 732 1961 πλατυτέρηι
750 1877 797 1961 τῷ
814 1870 880 1940 κατ’
899 1869 1028 1939 ἀὑτῶν
1044 1873 1160 1959 ἐλέγχῳ
1176 1881 1379 1961 κεχρημένος,
1403 1872 1494 1960 ὅμως

266 1987 346 2069 φέρε
367 1982 420 2046 καὶ
444 1982 499 2045 νῦν
521 1979 657 2055 τούτους
680 1973 793 2060 ὥσπερ
816 1975 957 2053 ἐκείνους
978 1970 1053 2041 καθ’
1079 1976 1214 2042 ἕκαστον
1230 1979 1295 2042 τῶν
1311 1972 1366 2043 ὑπ’
1385 1973 1492 2044 αὑτῶν

178 2083 447 2168 καταλεγομένων
471 2080 681 2162 ἐξετάσωμεν.
727 2076 941 2164 δειχθήσεται
962 2075 1023 2162 γάρ
1047 2073 1141 2143 οὐδὲν
1166 2067 1263 2162 ήττον
1286 2082 1339 2144 καὶ
1364 2082 1420 2148 νῦν
1436 2074 1492 2162 οἰχ

266 2180 366 2272 ὑγιής,
392 2177 474 2250 ἀλλά
495 2208 546 2260 τις
568 2179 790 2267 δαιμονιώδης
812 2175 919 2244 αὐτῶν
942 2174 961 2264 ή
986 2179 1120 2262 αἵρεσις.

352 2293 380 2354 6.
429 2288 518 2351 (ίιασὶ
541 2290 659 2364 τοίνυν,
685 2277 797 2367 ιὺσπερ
821 2277 982 2368 κάκείνοις
998 2279 1112 2358 ἐδόκει,
1137 2281 1190 2348 καὶ
1207 2281 1425 2367 τετολμήκασι
1441 2286 1492 2348 λε’-

263 2411 347 2476 γειν·
371 2382 428 2454 ούκ
451 2383 500 2455 ἀεὶ
527 2384 646 2472 πατήρ,
671 2377 728 2450 οὑκ
751 2379 803 2449 ἀεί
826 2380 912 2460 υἱός·
937 2375 993 2446 οὐκ
1015 2370 1053 2466 ήν
1075 2379 1136 2468 γάρ
1160 2377 1178 2446 5
1200 2379 1272 2459 υίὸς
1286 2384 1366 2468 πρὶν
1381 2409 1491 2471 γεννη-

264 2493 328 2575 θῇ,
354 2485 422 2554 ἀλλ’
448 2489 483 2566 ἐξ
512 2485 570 2552 οὑκ
598 2486 702 2552 όντων
723 2491 834 2569 γέγονε
855 2481 911 2549 καὶ
933 2477 1045 2561 αὑτός·
1078 2482 1205 2550 διὸκαὶ
1230 2479 1287 2550 ούκ
1309 2479 1360 2551 ἀεὶ
1383 2485 1492 2569 πατὺρ

226 2675 228 2680 Ι
266 2585 302 2654 ⁸5
324 2587 406 2665 θεὸς
428 2595 537 2671 γέγονε
559 2589 618 2651 τοὺ
641 2587 722 2666 ιὺοὑ,
747 2579 815 2651 ἀλλ’
842 2581 898 2651 ὅτε
919 2591 1029 2669 γέγονε
1050 2588 1103 2652 καὶ
1128 2585 1263 2673 ἐκτίσθη
1281 2581 1299 2652 5
1316 2585 1392 2666 υἱός,
1417 2587 1493 2654 τότε

265 2691 318 2754 καί
349 2684 367 2752 5
398 2685 479 2765 θεὸς
502 2687 624 2772 ἐκλήθη
647 2686 756 2774 πατήρ
780 2683 895 2752 αὑτοῦ·
926 2693 1046 2770 κτίσμα
1067 2686 1127 2774 γάρ
1151 2687 1223 2754 ἐστι
1247 2692 1300 2755 καὶ
1323 2684 1490 2772 ποίημαό

265 2787 370 2873 λόγος,
395 2790 448 2853 καί
472 2791 562 2866 ξένος
583 2789 635 2853 καί
660 2783 817 2872 ἀνόμοιος
839 2783 906 2854 κατ’
933 2783 1048 2854 οὑσίαν
1071 2793 1129 2855 τοῦ
1146 2789 1273 2876 πατρός
1289 2790 1387 2858 ἐστιν’
1411 2784 1489 2856 οὔτε

266 2889 302 2956 δὲ
333 2889 432 2979 φύσει
464 2893 518 2956 καὶ
553 2885 713 2979 ἀληθινός
743 2889 840 2976 λόγος
869 2893 926 2956 τού
950 2889 1077 2977 πατρός
1100 2891 1190 2958 ἐστιν
1214 2887 1231 2957 5
1254 2891 1339 2973 οἰός,
1375 2888 1489 2980 ούτεή

263 2993 346 3082 μόνη
378 2995 432 3059 καὶ
464 2988 606 3082 ἀληθινή
637 3001 741 3082 σοφία
771 2988 871 3060 αὑτοῦ
894 2993 998 3072 ἐστιν,
1033 2988 1118 3059 ἀλλά
1138 3000 1260 3077 κτίσμα
1281 2997 1334 3061 καὶ
1358 2988 1405 3071 είς
1427 2994 1491 3059 τῶν

262 3095 459 3186 ποιημάτων
483 3093 538 3178 ιάν,
562 3099 826 3184 καταχρηστικῶς
848 3097 976 3182 λέγεται
991 3093 1087 3180 λόγος
1101 3097 1154 3161 καὶ
1173 3102 1292 3182 σοφία·
1315 3095 1416 3182 ’λόγῳ
1432 3093 1491 3181 γάρ

261 3201 308 3285 τῷ
333 3195 404 3265 άντι
427 3199 460 3266 ἒν
482 3203 529 3285 τῷ
552 3203 623 3285 θεῷ
645 3205 755 3285 γέγονε
778 3200 831 3264 καί
855 3193 969 3276 αὑτός,
1002 3193 1118 3282 ὥσπερ
1142 3199 1195 3262 καὶ
1217 3196 1260 3263 τὰ
1281 3195 1409 3263 πάντα·
1424 3193 1491 3261 ,διὸ

264 3295 340 3366 οὐδὲ
363 3295 523 3386 ἀληθινὸς
544 3299 646 3374 *θεὸς
669 3299 758 3363 ἐστιν
782 3293 800 3360 5
822 3295 902 3374 υίός.
934 3297 998 3381 ἐγώ
1020 3299 1056 3363 δὲ
1077 3301 1175 3364 τοῦτο
1200 3301 1334 3384 πρῶτον
1349 3302 1402 3365 καὶ
1418 3297 1493 3364 τού-

263 3423 340 3477 τους
369 3399 532 3482 ἐρωτήοαι
561 3395 739 3480 βούλομαι,
769 3401 803 3460 τί
831 3394 919 3461 ίοτιν
950 3393 1034 3476 ὅλως
1056 3397 1144 3477 υἱός,
1175 3402 1228 3465 καὶ
1250 3407 1340 3478 τίνος
1363 3399 1433 3467 ἐστὶ
1455 3391 1512 3464 τιν’

265 3496 371 3580 ὄνομα
392 3501 490 3562 τοῦτο
513 3492 720 3581 σημαντικόν,
744 3489 784 3560 ἵν’
811 3492 914 3576 οὑτως
937 3492 1029 3565 αύτοί
1052 3499 1094 3566 τὰ
1116 3499 1274 3586 λεγόμενα
1289 3494 1367 3588 παρ’
1386 3497 1493 3567 αὑτῶν

264 3592 324 3686 κᾷν
347 3594 451 3676 οὑτως
473 3599 591 3683 νοῆσαι
615 3596 813 3680 δυνηθῶσιν.
858 3594 876 3685 ή
898 3601 1041 3687 μὲνγὰρ
1064 3605 1146 3668 θεία
1167 3601 1276 3690 γραφή
1300 3603 1421 3689 διπλῆν
1436 3601 1493 3686 τήν

264 3698 299 3766 ἐκ
321 3701 380 3764 τοῦ
403 3693 565 3782 ὀνόματος
586 3697 704 3764 τούτου
728 3697 877 3768 διάνοιαν
899 3699 977 3790 ήμίν
1000 3709 1161 3791 σημαίνει,
1185 3711 1264 3788 μίαν
1279 3706 1338 3788 μὲν
1354 3707 1431 3790 περὶ
1448 3693 1493 3769 ιὺν

264 3803 415 3888 Μωὺσής
442 3800 476 3867 ἐν
504 3803 551 3887 τῷ
580 3799 669 3888 νόμῳ
699 3808 783 3889 φησί
809 3823 816 3838 ·
846 3801 901 3871 δάν
934 3803 1141 3890 είςακοὺσητε
1162 3808 1220 3890 τῆς
1243 3807 1356 3893 φωνῆς
1377 3810 1490 3890 κυρίου

264 3905 323 3982 τοὺ
352 3904 436 3968 θεοῦ
465 3897 572 3984 ὑμῶν,
604 3902 785 3989 φυλάσσειν
815 3903 928 3984 πάσας
958 3905 1017 3984 τὰς
1047 3905 1181 3984 ἐντολὰς
1203 3901 1304 3972 αὑτοῦ
1311 3958 1320 3986 ,
1345 3902 1408 3972 ὅσα
1431 3903 1494 3989 ἐγὼ

266 4001 458 4087 ἐντέλλομαί
480 4025 535 4068 σοι
558 4002 707 4088 σήμερον,
731 4017 842 4073 ποιεῖν
864 4005 904 4072 τό
926 4006 1025 4073 καλὸν
1047 4009 1100 4072 καί
1116 4005 1176 4072 1’τὸ
1193 4003 1331 4092 ἀρεστὸν
1346 4005 1494 4073 ἐναντίον

268 4247 277 4254 ,
300 4192 437 4256 εδὶτίὶις.
456 4193 484 4242 At
495 4197 567 4244 celeri
576 4202 599 4245 τι
607 4193 662 4244 editi
672 4189 850 4260 μίνυαιίιιυτιι.
937 4209 956 4244 α.
976 4195 1017 4245 δία
1034 4197 1090 4258 [ιτς.
1127 4195 1173 4246 Alii
1191 4211 1246 4246 κατα
1266 4203 1290 4245 τι
1307 4195 1364 4245 editi
1381 4191 1497 4260 γέγονεν

301 4261 323 4310 b.
349 4259 422 4310 ὓαιιι
448 4251 480 4309 ού
506 4261 529 4311 in
555 4262 610 4310 edil.
635 4262 751 4314 Commel.
778 4271 801 4312 et
826 4264 850 4313 in
903 4255 1003 4312 ὑθεὺι
1020 4261 1059 4326 τῷ
1077 4254 1136 4328 υἱῷ.

266 4327 370 4390 septimo
390 4327 542 4380 Felekmmni
561 4343 632 4380 muer.
652 4331 743 4381 codice.
936 4330 953 4380 ί.
973 4329 1013 4380 Sic
1030 4329 1087 4392 δερ,
1123 4329 1202 4381 Ceteri
1221 4336 1244 4380 ει
1262 4328 1319 4380 editi
1336 4324 1405 4393 λέγω
1424 4341 1495 4377 τοια-

302 4411 324 4445 υ.
342 4395 395 4445 Non
414 4396 459 4446 inm
479 4406 554 4449 ετιιιῑ
573 4397 632 4447 hm:
649 4398 766 4462 ΕρίειοΙι.
903 4396 971 4446 δοκι.
990 4398 1023 4448 Διί
1035 4397 1187 4448 ὑοουιυιιιο
1198 4397 1278 4448 locum
1292 4397 1315 4447 in
1329 4409 1374 4447 τοι.
1387 4395 1494 4446 ΡεΙαΙιιυ.

301 4462 325 4514 δ.
343 4463 384 4511 Sic
408 4464 501 4528 Ιίιχίοι.
543 4466 588 4516 Alii
613 4473 637 4514 ιι
661 4465 717 4516 editi
735 4463 852 4514 mendose
903 4463 965 4514 hm
982 4473 1048 4516 ουιιι
1064 4459 1250 4530 Δοξατιατρής.
1271 4461 1321 4524 Ση.
1342 4477 1360 4511 π
1381 4455 1412 4516 ός
1427 4455 1493 4514 τοὺς

265 4520 324 4576 κατ2
345 4520 425 4595 αὑτηί.
903 4523 949 4578 καί
975 4529 1025 4582 νῦν
1050 4523 1098 4581 δύο
1123 4527 1227 4600 σοφίαι
1243 4525 1316 4598 ἔχειν
1333 4477 1494 4598 φάσκοντας
