3102 5042
522 237 667 283 srrsrom
682 239 703 284 1.
718 240 755 282 so
772 239 967 284 ssmraansis.
1285 216 1345 292 tol

123 393 205 456 onim
228 409 333 454 omncs
354 409 432 454 unas
456 397 527 453 sunt
547 409 682 452 numero.
726 391 783 452 Aut
804 391 871 470 quis
893 391 1012 454 illorum
1034 391 1065 453 in
1080 393 1231 457 columbae
1246 395 1432 476 speciosam.

120 497 156 558 in
177 493 335 556 Iordanem
365 491 539 554 descendit?
583 493 656 554 Nam
686 491 775 554 millio
803 491 927 555 millium
957 500 987 554 ot
1013 493 1112 558 docies
1140 495 1246 558 millies
1273 498 1348 562 dena

119 596 215 658 millia
236 595 407 658 ministrant
429 593 467 655 ci.
510 593 562 655 Vol
584 611 674 674 quare
697 593 785 656 coelis
808 595 918 674 apertis
941 613 1002 656 non
1025 596 1214 660 dictumest:
1236 598 1273 660 Et
1294 599 1347 661 de·
1400 625 1411 642 ·

121 698 242 762 scandit
263 695 369 777 aliquis
399 713 434 756 ex
463 695 564 757 electis
593 695 724 775 angelis,
753 696 805 757 sod
835 696 965 775 Spiritus
995 697 1142 761 sanctus?
1186 697 1236 760 Vel
1258 718 1349 778 quaro

119 801 190 880 ipsc
211 798 356 860 Dominus
379 797 416 858 do
438 797 497 858 lino
519 804 688 876 temporum
703 815 769 858 cam
785 797 937 877 discipulis
959 799 1112 860 disserens
1134 798 1272 861 distincto
1293 801 1349 862 ait:

120 901 224 964 Mittet
252 899 338 982 filias
365 899 493 961 dominis
522 899 645 980 anpelos
675 898 771 962 snos?
820 899 894 960 Item
928 909 958 963 et
985 909 1071 962 antea
1100 901 1208 962 dictum
1239 903 1349 964 luerat:

123 1003 236 1084 Aspeli
253 1001 472 1064 ministrabant
494 1005 529 1064 ei.
574 1001 683 1064 lterum
706 1020 823 1082 quoque
845 1001 932 1084 disits
959 1003 1094 1066 Enilnnt
1122 1001 1233 1082 capeti.
1278 1002 1351 1064 Cum

124 1122 199 1166 sero
221 1101 372 1182 discipulis
388 1109 522 1164 sanctum
539 1100 682 1183 Spiritum
698 1103 791 1178 daret,
814 1103 868 1165 ait:
892 1107 1021 1186 Accipite
1036 1105 1186 1186 Spiritum
1200 1117 1349 1168 sanctam.

121 1207 294 1268 Rursus-ct
314 1223 380 1266 cam
403 1203 525 1266 eosdem
548 1205 585 1266 ad
605 1205 833 1285 praedicandum
855 1205 950 1268 misit:
973 1206 1095 1276 liantes,
1120 1205 1225 1284 iuquit,
1249 1206 1350 1268 docete

122 1327 228 1372 onam
249 1317 368 1388 pentes,
399 1307 587 1387 baptizantes
618 1326 668 1370 eos
696 1311 728 1370 in
755 1311 874 1370 nomine
895 1307 998 1370 Patris
1020 1318 1049 1370 et
1071 1306 1143 1370 Filii
1162 1319 1191 1372 et
1212 1305 1348 1386 Spiritus

123 1413 234 1472 sancti.
277 1405 339 1469 Nec
366 1406 444 1469 enim
474 1406 610 1486 angelum
632 1425 698 1468 cum
720 1407 870 1484 divinitate
893 1409 1054 1488 copulavit,
1086 1426 1183 1489 acqua
1211 1425 1268 1469 nos
1289 1407 1348 1470 sibi
1419 1424 1423 1433 ·

125 1509 188 1590 ipsi
210 1515 239 1572 ot
257 1509 339 1570 Patri
360 1507 391 1570 io
413 1527 447 1570 ro
469 1517 565 1570 creata
587 1508 750 1584 coniunxit,
776 1511 828 1572 sed
850 1510 881 1572 in
903 1509 1015 1590 Spiritu
1038 1518 1151 1580 sancto.
1173 1527 1260 1590 quem
1281 1527 1348 1572 cum
1430 1523 1432 1528 ’

111 1610 330 1692 'promitteret,
354 1628 414 1674 oon
437 1611 478 1672 ait
500 1629 533 1672 so
555 1611 690 1690 angelum
712 1611 846 1687 mittero,
875 1611 927 1674 sed
950 1611 1100 1692 Spiritum
1120 1616 1276 1683 veritatis,
1299 1614 1351 1692 qni

124 1713 259 1776 aPotre
275 1715 424 1793 procedit,
448 1713 496 1792 qui
520 1712 598 1774 idem
621 1731 657 1775 ex
679 1712 746 1792 ipso
768 1713 924 1793 accipitet
945 1713 1041 1776 datur.
1143 1799 1148 1812 1

214 2121 263 2182 12.
307 2117 423 2198 Moyses
446 2135 579 2197 quoque,
609 2117 657 2197 qui
681 2117 802 2197 angelos
825 2118 943 2197 quidem
965 2137 1014 2180 ros
1036 2127 1149 2180 creatas
1172 2136 1256 2190 esso,
1280 2117 1350 2197 Spi-

118 2222 215 2283 ritum
237 2229 336 2282 autem
359 2227 492 2282 sanctum
513 2218 587 2280 Filio
607 2217 640 2282 ‘ot
660 2219 740 2280 Patri
762 2218 951 2280 coniunctam
973 2211 1114 2292 noverat,
1138 2218 1198 2279 Deo
1222 2219 1279 2298 ipsi
1302 2218 1349 2278 di-

120 2331 227 2386 cente:
254 2322 340 2394 Vade,
364 2322 490 2382 ascende
513 2321 547 2382 de
570 2320 634 2383 laco
657 2323 715 2382 isto
739 2329 772 2382 tn
794 2329 822 2382 et
839 2319 973 2400 populns
997 2330 1082 2388 tnns,
1111 2337 1196 2399 quern
1217 2318 1353 2380 edocuisti

124 2425 162 2487 de
193 2433 277 2485 terra
297 2423 425 2502 Aegypti
450 2426 482 2483 in
505 2433 635 2498 terram,
666 2407 754 2503 quani
775 2424 878 2482 inraoi
898 2419 1063 2490 Adranam,
1094 2417 1183 2482 Isaac
1212 2430 1240 2482 et
1261 2417 1351 2481 lacot

127 2526 249 2587 dicens:
271 2525 378 2587 semini
397 2535 500 2587 nestro
524 2523 598 2585 dado
621 2541 701 2596 eom;
725 2533 753 2584 et
766 2525 883 2584 mittam
897 2533 967 2585 ante
986 2523 1095 2602 [aciem
1111 2533 1194 2584 taam
1213 2520 1354 2603 anpelnm

125 2643 237 2698 muns,
261 2636 287 2688 et
307 2628 402 2688 eiiciet
425 2623 653 2696 Cinnanaentm
676 2623 706 2685 id
727 2622 884 2698 recusavit,
906 2623 946 2686 ita
968 2624 1170 2704 respondens:
1200 2623 1269 2684 Nisi
1288 2626 1352 2702 ipse

119 2727 335 2810 propriscoris
359 2726 529 2797 nobiscnm,
560 2743 597 2788 ne
615 2744 669 2788 ens
692 2743 729 2810 eac
751 2729 808 2788 isto
838 2725 901 2788 loco
929 2728 1048 2789 educas.
1092 2723 1216 2786 Nolebat
1243 2741 1436 2802 nemporon.

122 2828 272 2910 populum
293 2845 309 2888 a
331 2845 364 2889 rc
387 2835 484 2889 creata
507 2825 588 2900 duci,
616 2845 654 2887 ne
682 2827 726 2888 rei
754 2834 869 2890 creans
894 2827 994 2908 potius
1024 2845 1113 2908 quam
1133 2825 1195 2886 Deo
1218 2823 1351 2887 omnium

127 2929 255 2992 creatori
277 2929 392 2992 serviro
414 2929 573 2990 discerent.
618 2928 704 2991 Corte
726 2928 804 2991 idem
826 2928 892 3004 ille,
920 2929 970 3009 qui
998 2929 1133 3019 angelum
1162 2928 1267 2990 ducem
1295 2927 1351 2988 ha·
1445 2943 1450 2954 ·

129 3031 200 3092 bere
220 3039 369 3104 renuerat,
392 3029 485 3092 licum
508 3029 605 3110 ipsum
626 3037 660 3092 ut
681 3030 727 3092 sui
749 3031 807 3093 dux
826 3040 908 3094 esset
921 3029 1043 3110 rogavit.
1089 3029 1175 3102 Quod
1190 3045 1256 3090 cum
1271 3026 1350 3088 Deus
1453 3039 1454 3042 ’

128 3131 278 3212 pollicitus
301 3131 358 3212 ipsi
380 3131 584 3212 responderit:
613 3131 652 3195 lit
681 3132 763 3195 istud
790 3131 912 3196 ceriam
941 3143 1039 3202 tunm,
1070 3129 1149 3210 qnod
1171 3129 1289 3191 locatas
1311 3145 1352 3199 es,

124 3235 256 3314 [asiam
286 3238 432 3296 invenisti
451 3237 528 3295 enim
549 3234 680 3312 praticns
701 3251 802 3296 coram
823 3251 883 3309 nte,
915 3243 944 3294 et
965 3235 1039 3294 novi
1059 3243 1086 3292 te
1105 3248 1184 3312 prae
1207 3229 1352 3300 omnibns,

124 3353 197 3398 cum
218 3335 289 3397 item
310 3335 380 3398 indo
402 3334 432 3397 io
446 3334 535 3397 Esaia
558 3333 699 3414 scriptum
720 3335 868 3416 legamus:
894 3333 957 3408 Qni
977 3353 991 3396 e
1013 3343 1100 3396 terra
1122 3333 1226 3394 ednmit
1244 3342 1354 3412 pasto-

124 3455 197 3499 rem
219 3441 328 3508 oniam,
350 3437 406 3500 ndi
425 3449 479 3509 est,
502 3441 555 3518 qni
571 3442 675 3518 posuit
696 3441 728 3500 in
749 3441 824 3519 a’psis
847 3435 995 3517 Spiritum
1016 3443 1171 3526 sanctam,
1193 3436 1246 3515 qni
1266 3431 1354 3512 Mop—
1398 3457 1400 3464 ·

125 3557 194 3602 ssns
215 3539 343 3602 testera
364 3535 513 3626 deducit?
536 3545 566 3600 et
586 3538 673 3619 paulo
695 3547 779 3620 post:
802 3538 960 3602 Descendit
982 3529 1118 3618 Spiritus
1141 3553 1160 3596 a
1182 3535 1309 3597 Domino
1325 3543 1354 3596 et

126 3791 232 3854 Seguer.
255 3785 427 3860 ἐκπορεύεται
448 3786 494 3840 καὶ
517 3785 546 3841 ie
568 3790 617 3840 τοῦ
635 3782 718 3840 nicei
769 3793 830 3843 sata
858 3799 882 3842 et
908 3792 948 3842 alii
971 3783 1157 3858 adoptiones.
1193 3789 1245 3840 llos
1263 3789 1319 3852 lisa.
1333 3790 1357 3840 1,

124 3851 263 3925 inpetitione
281 3869 326 3910 etc.
362 3859 504 3912 lnGablor.
530 3861 718 3912 ministrat.
769 3861 869 3923 Sogoer.
888 3861 984 3910 Gobler.
1004 3857 1180 3910 calonimi.
1199 3849 1356 3925 σομπορεῦῃ

124 3922 179 3976 sani
196 3927 263 3978 deest
280 3937 337 3992 post
353 3923 468 3977 didaces.
502 3920 719 4008 ‚tnglienapcic-
769 3937 797 3979 ut
814 3936 836 3978 st
854 3928 919 3978 lxx.
954 3927 998 3978 stit
1017 3935 1041 3977 et
1058 3928 1114 3977 editi
1134 3917 1317 3993 onpuopnicp.

126 4008 187 4044 'm'
205 3991 261 4074 ,m
285 3994 406 4074 ,Μωῖς
422 3987 460 4076 ,71
482 4008 531 4044 ⁰¹¹⁷
552 3989 716 4074 ,7⁴⁹⁰JP‘w'·
804 4037 824 4071 e.
844 4021 884 4070 Sic
901 4021 958 4083 lisa.
973 4021 995 4070 l.
1014 4029 1039 4070 ee
1055 4019 1198 4083 2'Seguer.
1216 4019 1287 4070 Bssil.
1307 4020 1354 4068 tn·

128 4057 498 4144 ⁰⁶¹²¹¹⁰i⁶⁴¹¹²¹3⁸⁷¹⁰9⁰²⁸m
514 4076 561 4112 ἀ’
576 4075 720 4142 mmm
770 4088 824 4152 alic.
843 4087 912 4140 Gobl.
932 4089 1035 4138 l'elclm.
1056 4089 1078 4139 1.
1098 4097 1121 4139 ot
1139 4088 1253 4140 ottobon.
1278 4085 1356 4137 Ceteri
1391 4096 1394 4105 ¹

127 4139 176 4183 ste
212 4132 303 4182 llndem
326 4133 383 4196 lter.
403 4133 424 4182 l.
444 4141 468 4183 st
485 4132 509 4183 2.
533 4140 556 4182 ct
580 4132 718 4195 Seguerrsn.
769 4164 793 4208 οἱ
810 4157 867 4208 edm
883 4150 1029 4224 upapam·

125 4193 275 4266 πύσματα.
311 4200 355 4250 stit
375 4208 399 4250 st
416 4201 473 4251 odili
490 4203 598 4266 erispa.
895 4251 900 4262 ,
1316 4241 1339 4252 ..

164 4283 188 4318 2,
206 4269 306 4330 geum,
331 4261 453 4318 ἐνταῦθα
473 4261 506 4318 st
524 4277 568 4320 Μ
604 4267 655 4318 po,
674 4267 718 4318 οι,
803 4251 820 4326 ῐἶ
844 4249 973 4332 Raptus).
999 4259 1023 4302 et
1047 4249 1152 4302 Felcltm.
1171 4241 1355 4298 2.cumea1ns

126 4335 183 4386 tob.
197 4327 227 4385 ἐκ
244 4331 292 4394 τῆς
307 4327 458 4401 Ammon.
767 4329 838 4384 προς
855 4331 960 4372 “⁰²⁰⁰ss

164 4403 190 4454 d.
214 4403 271 4468 lleg.
291 4403 312 4453 l.
336 4411 362 4454 et
378 4404 518 4468 segnorisn.
535 4403 718 4470 παραιτεῖται.
803 4417 825 4465 g.
843 4403 900 4466 llos.
915 4404 936 4454 l.
954 4403 1054 4466 Soguer.
1074 4400 1143 4453 Gobl.
1162 4406 1185 4447 et
1204 4393 1307 4446 Felcltm.
1331 4393 1367 4443 ts

130 4471 232 4522 Gobler.
250 4471 353 4523 Felsina.
368 4473 390 4523 l.
411 4483 434 4524 et
452 4474 533 4525 Ottob.
549 4471 717 4538 nepcareiso.
769 4461 889 4537 ἀγαγών.
1377 4489 1381 4502 ·
