3174 5082
666 349 835 396 nntcrrrto.
1312 339 1350 402 39

7 517 8 530 ³
124 503 240 565 attulit
261 499 469 583 disputationis
491 499 548 561 hac
566 501 679 564 ratione
701 501 935 582 amplificandae,
959 518 1058 561 rerum
1083 503 1169 562 etiam
1193 505 1354 564 necessita-

8 629 9 634 *
125 614 198 666 tem
225 603 375 684 imposuit.
420 602 543 662 Constat
565 603 642 666 enirn
665 603 827 664 haereticos
843 603 921 672 illos,
946 602 1069 662 maxime
1084 602 1221 676 Arianos,
1236 615 1354 684 praeter

128 725 261 768 errores
289 701 466 785 primarios,
493 703 529 763 de
551 703 658 782 quihus
681 703 882 766 controversia
903 713 1004 766 exorta
1028 713 1124 776 esset,
1154 703 1223 765 alias
1246 717 1352 784 protu-

7 811 9 822 '
126 808 216 869 iisse
237 807 284 866 vei
306 813 385 866 certe
407 804 514 865 lavisse
536 803 692 883 opiniones
714 805 896 883 laisas,quae
918 804 962 865 vel
985 803 1154 882 genuissent
1176 803 1242 866 illos
1265 825 1351 867 erro-

7 923 9 946 *
130 927 193 970 res
227 906 274 968 rel
306 923 339 968 ex
367 903 474 966 iisdem
502 912 586 966 natae
615 915 729 966 essent:
765 905 792 967 id
820 907 898 985 quod
921 905 1024 966 mirum
1047 905 1137 966 videri
1161 925 1217 967 non
1241 915 1352 996 potest,

135 1022 237 1089 quum
265 1007 400 1085 dogmata
427 1005 481 1067 alia
511 1025 546 1069 ex
574 1005 639 1067 aliis
661 1013 726 1086 apta
750 1015 779 1070 et
799 1025 873 1068 nexa
895 1006 954 1067 sint
975 1015 1004 1065 et
1026 1004 1068 1066 sic
1089 1006 1165 1066 inter
1186 1025 1220 1069 sc
1240 1009 1350 1069 cohaes

137 1109 239 1171 centia
268 1125 357 1170 unum
386 1107 473 1168 veluti
494 1125 602 1186 corpus
625 1106 764 1181 alliciant,
795 1107 896 1187 utqui
919 1107 958 1167 de
979 1123 1037 1166 uun
1059 1105 1154 1184 aliquo
1177 1109 1349 1186 pracsertim

134 1209 299 1292 principali
321 1227 383 1270 non
403 1217 481 1270 recte
504 1208 620 1280 sentiat,
643 1209 669 1268 is
686 1208 854 1270 necessario
867 1207 998 1286 pluribus
1014 1207 1178 1286 implicetur
1190 1210 1350 1272 errnvihna.

134 1312 270 1374 Arianos
293 1327 361 1371 vero
384 1325 442 1370 nnn
464 1317 574 1370 tantum
597 1310 633 1370 de
655 1309 779 1389 singuiis
801 1309 972 1387 tprihusdanr
995 1310 1179 1388 dogmatibus
1195 1301 1210 1370 a'
1226 1312 1348 1372 catlroli·

138 1414 189 1474 cis
212 1413 399 1482 dissensisse,
422 1409 473 1470 sed
495 1409 579 1471 aliam
601 1428 727 1490 prorsus
750 1409 902 1490 religionis
917 1411 1092 1472 christianae
1107 1411 1234 1490 speciem
1252 1421 1349 1473 mente

139 1514 328 1575 informatam
349 1511 496 1584 hahuisse,
518 1521 602 1572 acute
625 1519 654 1572 et
676 1511 823 1574 subtiliter
843 1511 1076 1573 demonstratum
1100 1522 1146 1574 est
1167 1513 1349 1574 ahloehlero
1464 1519 1467 1528 ‘

135 1615 160 1676 l.
178 1615 196 1676 l.
220 1615 282 1674 Vol.
297 1614 319 1675 l.
343 1631 372 1692 p.
390 1615 448 1676 195
465 1631 509 1692 sq.
534 1621 563 1674 et
584 1631 599 1674 n
622 1611 728 1674 Baurio
750 1613 779 1674 in
795 1611 923 1674 Historia
945 1594 1090 1691 dognratis
1112 1613 1149 1674 de
1170 1614 1300 1676 trinitate
1322 1624 1352 1675 et

131 1717 341 1778 incarnatione
368 1713 415 1774 dei
449 1715 517 1786 (llic
553 1714 725 1777 christliche
753 1715 846 1777 lehre
873 1733 934 1776 oon
961 1715 1015 1776 der
1043 1713 1254 1794 Dreiclrtr'plteit
1286 1717 1351 1778 trad

131 1817 405 1896 Mensrlrroerdunq
428 1815 529 1877 lintres
559 1819 592 1876 in
613 1815 699 1877 ihrer
720 1815 964 1894 geschichtlichen
985 1815 1218 1895 lintrcielrelrtnp)
1241 1817 1303 1878 Vol.
1326 1817 1350 1878 i.

133 1939 169 1998 p.
187 1919 248 1982 343
264 1937 309 1996 sq.
352 1915 482 1996 hentqne
505 1913 677 1977 Athanasius
699 1917 785 1978 etiam
807 1917 871 1978 aliis
893 1919 923 1978 in
946 1915 1064 1996 scriptis
1080 1919 1233 1994 exegeticis
1250 1929 1280 1978 et
1293 1938 1347 1998 pa·

134 2018 298 2080 raeneticis
325 2017 436 2098 passim
459 2017 604 2078 derebus
632 2017 667 2078 ad
691 2017 777 2078 iidem
799 2017 1013 2097 pertinentibus
1035 2017 1189 2090 disseruit,
1219 2019 1347 2080 velutin

133 2117 382 2199 Expositionihus
404 2118 434 2180 in
457 2119 591 2180 Psalmoa
614 2127 643 2180 et
665 2117 694 2178 in
717 2117 858 2198 Epistoiis
881 2119 1042 2192 lestalihus,
1064 2137 1137 2199 quas
1160 2119 1235 2180 Guil.
1254 2119 1346 2182 Cure·

133 2233 189 2285 ton
213 2239 248 2281 ex
272 2221 387 2299 Syriaca
416 2221 552 2282 versione
575 2219 700 2282 Londini
723 2239 748 2282 a.
768 2222 857 2285 tate.
886 2220 1011 2300 primum
1039 2219 1130 2282 edidit
1151 2229 1180 2282 et
1201 2239 1294 2299 nuper
1316 2221 1347 2282 F.

131 2323 297 2385 Lausonius
330 2321 359 2382 in
389 2322 590 2384 Germanicam
619 2324 747 2402 linguam
771 2322 924 2384 translatas
951 2321 1033 2400 lips.
1056 2325 1190 2385 a.1852.
1214 2322 1347 2398 vulgarit.

132 2423 191 2485 iiis
220 2425 310 2502 igitur
333 2426 363 2484 in
385 2423 501 2503 scriptis
523 2425 674 2484 Athanasii
697 2421 834 2500 genuinis
856 2422 1038 2494 universam,
1065 2439 1152 2501 quarn
1174 2421 1350 2499 cogitatione

136 2524 312 2604 complexus
335 2533 414 2596 erat,
437 2525 586 2586 doctrinae
608 2523 784 2585 christianae
806 2525 928 2584 formam
950 2533 979 2583 et
1001 2522 1143 2584 rationem
1166 2522 1205 2584 ita
1227 2523 1347 2602 exposi-

137 2633 195 2688 tam
220 2623 373 2698 hahemus,
396 2633 426 2687 ut
446 2625 483 2688 de
504 2623 626 2688 scientia
648 2623 811 2703 theologica
834 2633 863 2686 et
883 2625 988 2686 studiis
1009 2624 1199 2705 dogmaticis,
1222 2643 1256 2684 ex
1279 2624 1348 2703 qui·

133 2726 191 2790 hus
212 2737 334 2808 patrem
350 2727 509 2790 hodiernae
523 2727 687 2807 theologice
707 2726 735 2788 h.
752 2747 780 2787 e.
799 2737 949 2806 parentem
973 2747 1007 2790 ac
1026 2737 1167 2790 statorem
1182 2727 1348 2806 daeniogiae

134 2827 353 2888 ecclesiasticae
374 2829 493 2906 agnosci
515 2828 661 2898 volumus,
684 2827 833 2906 explorate
855 2829 974 2890 indicari
996 2829 1103 2909 possit,
1125 2830 1180 2889 etsi
1197 2829 1270 2890 liher
1285 2846 1346 2890 non

137 2937 234 2986 exstat
262 2927 436 3022 singularis,
463 2945 521 3004 quo
549 2942 663 2986 summa
689 2926 839 2988 doctrinae
866 2927 1041 2990 christianae
1068 2949 1104 2992 ex
1125 2931 1198 2990 artis
1220 2931 1283 3010 lege
1305 2931 1343 2992 ah

139 3023 206 3101 ipso
236 3023 378 3100 explicata
406 3025 453 3084 sit
497 3023 558 3082 lam
584 3041 654 3082 vero
675 3031 708 3083 ut
729 3025 902 3098 doceamus,
930 3029 1035 3089 studiis
1056 3030 1227 3107 dogmaticis
1248 3031 1352 3108 magni*

138 3121 193 3184 viri
223 3121 412 3183 fundamenta
439 3123 513 3183 iacta
542 3122 712 3200 firmataque
740 3139 824 3196 ease,
850 3125 957 3204 quihus
985 3129 1130 3207 theologia
1153 3129 1353 3192 ecclesiastica·

134 3225 257 3297 nititur,
286 3221 424 3301 iliumque
453 3221 575 3283 omnino
597 3223 626 3284 in
649 3221 831 3301 dogmatibus
854 3225 1016 3288 enodandis
1038 3237 1067 3289 et
1087 3228 1261 3291 deliniendia
1284 3249 1347 3292 eant

132 3343 250 3391 summa
273 3325 445 3387 anctoritate
465 3323 625 3404 praeivisse
647 3323 731 3397 dam,
754 3343 810 3406 qua
831 3337 934 3408 postea
956 3328 1093 3392 doctores
1114 3329 1255 3392 ecclesiae
1272 3349 1345 3412 pro·

133 3424 257 3511 gressoa'
279 3433 346 3489 esse
367 3435 491 3499 constat,
514 3443 574 3488 non
596 3445 672 3508 epus
695 3427 743 3490 hio
764 3428 1044 3494 eaththanasianam
1067 3433 1216 3494 doctrinae
1230 3435 1344 3498 lor-mtt-

135 3533 204 3601 iarn,
227 3545 313 3608 quam
334 3527 498 3590 hioehlerus
522 3528 714 3608 particulatim
737 3531 822 3592 variis
844 3531 943 3612 operis
965 3533 1010 3596 sui
1032 3533 1103 3598 locis
1120 3535 1343 3614 diligentissime

136 3628 297 3699 enarravit,
328 3637 467 3707 perpetua
495 3631 629 3692 oratione
657 3631 794 3712 persequi
821 3641 908 3713 atque
937 3653 1002 3697 cunt
1032 3637 1165 3698 termulis
1187 3637 1341 3700 doctorum

133 3731 276 3794 ecclesiae
297 3729 429 3809 priorum
452 3739 545 3792 aetate
566 3741 596 3792 et
619 3733 817 3811 posteriorum
838 3736 983 3808 oonlcrre,
1007 3739 1060 3800 sed
1084 3739 1212 3800 snlhciet
1225 3741 1342 3818 potiora

133 3833 212 3895 illius
240 3831 382 3893 formulae
403 3833 496 3911 capita
518 3833 589 3894 satis
612 3831 755 3896 celebrata
778 3835 907 3914 attigisse
930 3847 959 3900 et
981 3839 1169 3901 Athanasium
1191 3859 1257 3902 cum
1280 3857 1340 3902 uno

135 3933 266 4012 Origene
288 3932 513 4012 comparavisse,
536 3933 619 3994 cuius
641 3953 656 3995 a
679 3935 779 3997 schola
801 3935 848 3999 ille
868 3941 1018 4018 proiectus
1040 3949 1095 4014 est,
1119 3942 1171 4002 sed
1187 3961 1203 4002 a
1219 3951 1342 4004 senten·
1368 3993 1372 4002 ,

132 4035 174 4096 tia
201 4031 338 4095 discessit
365 4033 420 4104 ita,
453 4043 485 4094 ut
511 4033 540 4095 iu
569 4034 716 4114 theologia
738 4037 915 4116 dogmatica,
947 4061 1023 4120 quae
1044 4041 1280 4121 philosophando
1303 4043 1339 4104 ah

133 4136 261 4214 Origene
282 4135 387 4214 partim
410 4133 568 4196 deformata
591 4147 681 4209 esset,
703 4139 737 4198 ad
761 4155 891 4201 normam
915 4141 1045 4202 veritatis
1061 4144 1203 4204 revelatae
1218 4148 1339 4206 conlor-

132 4237 238 4300 manda
272 4254 391 4316 operam
426 4244 454 4297 et
484 4237 611 4299 studium
646 4238 808 4302 collocaret.
853 4240 966 4302 Etenim
995 4243 1118 4306 dubitari
1148 4263 1206 4306 non
1228 4255 1338 4327 potest,

132 4339 203 4418 quin
225 4337 416 4410 Athanasius,
445 4339 492 4418 qui
515 4338 704 4402 Alexandriae
733 4359 747 4402 a
778 4343 886 4404 teneris
910 4341 1019 4406 vixerat
1041 4358 1070 4408 et
1092 4347 1242 4408 institutus
1266 4357 1338 4422 erat,

131 4439 237 4501 litteris
267 4439 439 4518 theologicis
469 4442 624 4521 praecipue
654 4443 690 4504 ad
718 4441 899 4522 disciplinam
923 4445 1058 4525 Origeuis
1088 4448 1218 4510 eruditus
1246 4449 1284 4510 sit
1306 4466 1340 4508 ac

131 4539 239 4620 scripta
260 4541 323 4603 eius
346 4541 478 4604 studiose
501 4541 714 4624 diligenterque
735 4544 847 4624 legerit,
870 4563 944 4624 quae
965 4548 1002 4608 ah
1026 4548 1236 4610 eruditioribus
1260 4547 1337 4584 ‘'¹²¹¹‘’
