3176 5058
274 283 314 347 82
672 295 699 339 s.
714 293 869 338 ετωκεειι
883 295 1105 340 ωααπνιιιοει

183 465 261 508 εστι.
271 445 444 531 στομάχων
465 440 643 529 Ἀρειανιῦν
664 445 718 508 καὶ
740 445 806 508 τῶν
827 447 977 527 ματαίων
999 441 1202 531 προφάσεων
1225 437 1343 524 αύτιῦν,
1366 443 1424 524 ·άς
1437 447 1494 532 τῆς

269 543 411 632 ἀσεβοῦς
441 545 566 612 ἑαυτῶν
585 541 681 628 χάριν
703 543 860 630 αἱρέσεως
881 538 1104 612 ἀναπλάττειν
1127 543 1160 612 ἰν
1183 540 1297 624 αὐτοῖς
1318 546 1493 634 μεμελετή-

267 668 381 716 κασιν’
405 642 459 712 ότι
480 647 526 732 τῷ
547 647 620 731 θεῷ
642 649 705 718 καί,
718 647 821 732 πατρί
843 651 968 731 πρέπει
990 644 1080 726 δόξα,
1103 645 1181 733 τιμῆ
1196 648 1249 712 καλ
1265 645 1490 734 προςκύνησις,

270 748 330 816 σὺν
362 750 409 834 τῷ
438 745 626 833 συνανάρχην
655 739 754 812 αῦτοῦ
781 746 843 832 υίηῦ
872 749 926 813 καί
961 746 1064 834 λόγῳ,
1099 743 1167 831 ἅμα
1196 749 1243 833 τῷ
1265 753 1418 834 παναγίηι
1438 751 1491 816 ναὶ

271 851 426 935 ζωοποιῷ
458 846 636 933 πνεύματι,
670 850 726 913 νῦν
753 848 808 913 καὶ
836 846 884 926 εἰς
917 846 995 927 τοὺς
1027 842 1259 936 δτιλευτῆτους
1281 848 1406 928 αἰῶνας
1426 853 1491 916 τῶν

271 975 409 1017 αιωνων.
434 975 527 1036 αμην.

629 1134 855 1198 ΕΥΣΕΒΙΟΥ
865 1133 1133 1197 ΚΑΙΣΛΡΕΩΣ

557 1249 701 1315 ινίσιστολῆ
720 1250 790 1322 πρὸς
807 1249 871 1310 τοὺς
887 1255 935 1316 τῆς
951 1250 1095 1321 παροικίας
1112 1248 1204 1306 αῦτοῦ.

354 1399 380 1458 1.
429 1388 480 1456 Τὰ
502 1392 578 1475 περὶ
594 1390 652 1476 τῆς
664 1387 929 1475 ἐκκλησιαστικῆς
940 1394 1085 1466 πίστεως
1096 1391 1396 1472 πραγματευθέντα
1410 1387 1490 1453 κατὰ

266 1492 325 1581 τὴν
353 1490 495 1578 μεγάλην
524 1489 662 1555 σύνοδον
691 1488 749 1576 τῆν
779 1488 812 1556 ἒν
835 1496 960 1576 Νεκυίᾳ
988 1494 1285 1575 συγκροτηθεῖσαν,
1316 1486 1403 1566 εἰκὸς
1431 1489 1489 1571 μὲν

266 1589 377 1677 “ῦμᾶς,
402 1587 578 1677 ἇγαπητοί,
600 1591 654 1656 καλ
677 1588 821 1657 άλλοθεν
841 1596 1079 1677 μεμαθηκέναι,
1102 1591 1161 1676 τῆς
1176 1587 1286 1676 φήμης
1301 1594 1490 1675 προτρέχειν

168 1760 174 1771 ,
269 1695 430 1770 εἰωθυίας
450 1690 507 1757 τὸν
529 1693 606 1776 περὶ
629 1693 694 1757 τῶν
717 1693 971 1777 ἰπραττομίνων
994 1685 1110 1778 δικριβῆ
1134 1688 1239 1775 λόγον.
1285 1683 1353 1755 ἄλλ’
1377 1689 1434 1756 ἵνα
1448 1691 1489 1776 μὴ

268 1793 322 1861 ’ἐκ
343 1791 496 1880 τοιαύτης
518 1787 617 1877 άκοῆς
638 1791 680 1856 τὰ
701 1794 758 1877 τῆς
781 1787 941 1879 ἀληθείας
963 1792 1116 1878 έτερσίως
1137 1787 1214 1876 ύμῖν
1236 1783 1487 1878 άπαγγέλληται,

270 1889 453 1980 ἀναγκαίως
481 1891 746 1977 διεπεμψάμεθα
774 1889 852 1977 ύμῖν
881 1896 1014 1979 πριῦτον
1035 1895 1095 1976 μὲν
1117 1892 1175 1978 τῆν
1197 1886 1253 1978 ὕφ’
1277 1887 1370 1979 ἡμῶν
1390 1893 1490 1978 ῐπρυ-

268 2002 433 2063 ταθεῖσαν
454 1997 531 2081 περὶ
554 1997 612 2080 τῆς
633 2001 779 2073 πίστεως
799 1993 936 2082 γραιμῆν,
961 1995 1079 2061 ἔπειτα
1098 1992 1156 2078 τὴν
1178 1992 1341 2079 δευτέραν,
1365 1992 1404 2081 ῆν
1418 2005 1490 2073 ταῖς

268 2093 442 2185 ἡμετέραις
464 2105 593 2184 φωναῖς
615 2094 808 2184 προςθῆκας
831 2094 1046 2180 ἐπιβαλόντες
1068 2093 1275 2162 ἐκδεδιόκασι.
1306 2092 1421 2179 τὸμὲν
1435 2085 1489 2161 οῦν

268 2193 347 2285 παρ’
357 2194 448 2284 ῆμιῦν
459 2197 593 2284 γράμμα
607 2197 663 2264 ἒπλ
676 2202 846 2284 παρουσίᾳ
856 2194 1122 2284 θεοφιλεστάτου
1133 2191 1226 2282 ἡμῶν
1237 2197 1401 2281 βασιλέως
1413 2191 1490 2264 άνα-

264 2305 426 2389 γνωσθέν,
436 2289 471 2367 εῦ
482 2324 518 2367 τε
530 2299 676 2382 ἔχεινκαὶ
690 2299 833 2383 δοκίμως
845 2293 1180 2385 άποφανθέν,’τοῦτον
1194 2296 1259 2380 ἕχει
1273 2295 1331 2363 τὸν
1340 2296 1488 2384 τρόπον.ι

351 2409 380 2468 2.
426 2399 554 2480 Καθὼς
576 2399 807 2486 παρελάβομεν
829 2398 923 2484 παρὰ
944 2401 1010 2464 τῶν
1026 2397 1093 2484 πρὸ
1108 2394 1201 2484 ἡμῶν
1217 2397 1421 2479 ἐπισκόπων,
1437 2403 1488 2465 καί

267 2503 301 2569 ἕν
324 2505 363 2588 τῇ
386 2501 521 2587 11πρώτη
544 2500 727 2587 κατηχήσει,
750 2503 805 2566 καὶ
829 2495 884 2566 ότε
898 2498 937 2564 τὸ
952 2498 1089 2585 λουτρόν
1106 2499 1340 2584 ἐλαμβάνομεν,
1364 2503 1419 2567 καὶ
1433 2527 1489 2567 κα-

267 2601 342 2679 θὼς
370 2596 439 2667 άπὸ
472 2604 537 2666 τῶν
565 2607 671 2667 θείων
699 2603 836 2688 γραφῶν
857 2599 1110 2687 μεμαθήκαμεν,
1140 2603 1194 2667 καλ
1218 2596 1263 2679 οῦς
1285 2601 1318 2668 ἰν
1339 2604 1386 2686 τῷ
1408 2625 1490 2688 πρε-

269 2707 429 2788 σβυτερίιμ
442 2703 496 2767 καὶ
519 2700 553 2767 ἰν
576 2694 656 2787 αύτῆ
680 2703 719 2786 τῇ
743 2700 910 2788 ἐπισκοπῇ
932 2700 1163 2786 ῑέπιστεύομίν
1185 2704 1294 2768 τεκαὶ
1317 2699 1491 2766 ἐδιδάσκο-

266 2828 337 2886 μεν,
362 2797 466 2880 οῦτως
486 2804 540 2869 καὶ
562 2805 618 2869 νῦν
640 2800 852 2880 πιστεύοντες
873 2800 931 2889 τῆν
953 2797 1110 2890 ἡμετέραν
1133 2809 1248 2870 πίστιν
1270 2797 1363 2886 ιύμῖν
1384 2823 1490 2884 προς-

267 2908 491 2992 αναφέρομεν·
515 2904 585 2971 έστι
608 2903 644 2971 δὲ
666 2900 756 2991 αῦτη.

353 3009 382 3072 3.
428 3004 648 3091 ΙΠιστεύομεν
671 3005 718 3084 εἰς
740 3007 797 3074 ἕνα
818 3005 900 3074 θεὸν
923 3009 1052 3090 πατέρα
1067 3003 1328 3089 παντοκράτορα,
1351 3000 1409 3068 τὸν
1423 3007 1489 3068 τῶν

266 3101 424 3174 ἁπάντων
448 3101 575 3194 ὁρατῶν
597 3133 633 3174 τε
655 3111 708 3175 καλ
731 3102 891 3194 όιοράτων1
907 3103 1058 3193 ποιητήν,
1082 3105 1135 3170 καί
1160 3103 1206 3182 εἰς
1229 3105 1287 3171 ἕνα
1307 3103 1419 3190 κύριον
1432 3097 1488 3190 ’1η-

266 3212 347 3275 σοῦν
358 3208 515 3295 Χριστόν,
539 3209 596 3276 τὸν
617 3212 676 3275 τοῦ
697 3211 782 3276 θεοῦ
805 3207 911 3292 λόγον,
935 3205 1018 3273 θεὸν
1041 3205 1075 3272 ἐκ
1097 3207 1191 3288 θεοῦ,
1216 3207 1288 3292 φῶς
1310 3203 1345 3272 ἐκ
1367 3204 1487 3292 φωτός,

266 3308 351 3395 ζωὴν
381 3309 415 3376 ἐκ
444 3311 541 3397 ζωῆς,
575 3307 648 3375 υἱὸν
670 3309 844 3393 μονογενῆ,
879 3305 1092 3392 πρωτότοκον
1114 3304 1225 3392 πάσης
1247 3311 1398 3385 κτίσεως,
1423 3305 1489 3392 πρὸ

265 3408 402 3474 πάντων
424 3411 490 3474 τιῦν
513 3407 642 3474 αἰώνων
666 3406 700 3473 ἰκ
719 3409 779 3472 τοῦ
802 3405 929 3493 πατρὸς
950 3413 1188 3495 γεγεννημένον,
1212 3400 1259 3472 δι’
1284 3395 1324 3472 οῦ
1345 3408 1400 3472 καί
1422 3404 1491 3490 ἰγέ-

267 3531 341 3574 νετο
369 3506 411 3573 τὰ
440 3507 550 3573 πάντα
557 3558 565 3588 ,
595 3506 653 3572 τὸν
676 3507 731 3574 διὰ
752 3506 810 3594 τῆν
831 3504 990 3596 ῆμετέραν
1012 3515 1176 3596 σωτηρίαν
1199 3513 1415 3593 σαρκωθέντα
1436 3508 1489 3572 καὶ
1566 3543 1567 3556 ¹

182 3634 261 3679 εωο.
270 3607 303 3676 έν
327 3603 523 3694 ἀνθρώποις
537 3607 816 3692 πολιτευσάμενον
830 3611 884 3674 καὶ
900 3609 1058 3676 παθόντα
1071 3612 1125 3676 καί
1142 3605 1328 3676 άναστάντα
1341 3610 1381 3694 τῆ
1396 3613 1489 3694 τρίτῃ
1566 3621 1567 3636 ’

186 3711 190 3718 '
267 3703 372 3796 ἡμέρᾳ
394 3711 449 3774 καί
472 3703 657 3777 ἀνελθόντα
679 3709 765 3795 πρὸς
786 3709 842 3776 τὸν
864 3715 993 3796 πατέρα
1015 3713 1069 3776 καλ
1091 3706 1212 3796 ἥξοντα
1233 3709 1337 3776 πάλιν
1360 3707 1394 3774 έν
1411 3705 1491 3792 δόξῃ

266 3819 375 3898 κρῖναι
408 3809 531 3890 ζῶντας
561 3813 615 3876 καὶ
639 3810 777 3897 νεκρούς.
821 3811 1020 3895 πιστεύομεν
1043 3811 1107 3878 ’“δὲ
1135 3813 1190 3877 καλ
1220 3809 1268 3889 εἰς
1295 3811 1328 3876 ἓν
1358 3809 1492 3891 πνεῦμα

301 4047 322 4080 ι.
341 4031 381 4081 Sic
399 4033 455 4093 Reg.
468 4033 583 4090 etssasil„
602 4047 662 4096 ηιιιε
681 4041 704 4082 ει
722 4033 778 4095 legin
795 4035 851 4082 Am·
938 4033 960 4082 d,
980 4033 1057 4082 Editio
1071 4033 1187 4082 Commel.
1206 4023 1406 4098 πραττομένων
1420 4041 1494 4096 τερα-

265 4099 332 4147 bros.
352 4099 459 4148 camald.
495 4101 559 4150 Ηιει
582 4115 638 4149 vero
663 4101 788 4164 usquead
807 4091 851 4149 δτι
900 4093 1024 4165 γμάτων.
1061 4097 1495 4150 ΤαεοδατιιοεΗίειοτ.ΕιτΙει.Ιίίν.

265 4165 354 4216 dosunt
371 4165 395 4215 in
414 4166 467 4215 eliis
486 4175 510 4216 τι
528 4167 584 4216 edit.
603 4167 720 4218 Commel.
901 4167 919 4216 Ι.
939 4183 959 4216 c.
972 4166 1011 4217 12.
1030 4183 1057 4217 ex
1067 4167 1172 4216 editione
1182 4167 1267 4216 Valesii
1278 4158 1493 4230 πεπραγμένων.

300 4231 324 4281 b.
351 4231 377 4280 ln
408 4233 512 4282 editione
536 4233 725 4282 Commelininna
754 4249 782 4283 ex
805 4249 850 4284 mn.
902 4233 1012 4284 calasius
1031 4233 1160 4297 Cyzicenus
1179 4231 1496 4295 ὴίεῑοείεεθγαοδίῐλλεαε-

264 4297 391 4350 ΒιιίΙίεοεί
411 4300 508 4349 additur
524 4297 574 4346 τοῦ
593 4291 820 4416 ἇρειανόηιρονος.
902 4315 946 4349 ατε
965 4301 1008 4350 lib.
1026 4301 1056 4350 ΙΙ.
1075 4315 1096 4350 α,
1115 4300 1155 4350 34.
1175 4307 1286 4350 extumo
1306 4299 1330 4348 2.
1356 4298 1496 4348 concilior.

299 4382 319 4416 α
338 4367 451 4416 Socrates
470 4367 560 4416 Ηῑειοι.
581 4368 672 4417 ΕατΙετ.
692 4368 707 4417 Ιί
726 4403 732 4416 .
753 4368 770 4416 Ι.
790 4385 810 4418 c.
823 4367 847 4418 8.
900 4362 987 4431 [Manui
1007 4382 1074 4416 conc.
1094 4381 1152 4416 υοντ
1172 4368 1228 4416 coil.
1247 4368 1315 4417 Τσιο.
1335 4361 1498 4430 1!.p.914‚]
1566 4357 1567 4424 λ

264 4445 293 4482 τι
310 4433 525 4484 editionevalesii:
542 4427 588 4482 καὶ
605 4426 682 4501 ῦμᾶς.
717 4435 770 4486 Μαι
788 4436 851 4486 ἰδέαι
900 4429 1099 4499 πραττομένων
1113 4427 1290 4500 πραγμάτων
1299 4424 1388 4492 ἀληθῆ
1397 4427 1497 4496 λόγον.
1566 4471 1567 4504 η

263 4501 353 4552 omittit
369 4494 415 4550 καί
432 4495 555 4551 ἄλλοθεν.
935 4516 957 4552 α.
975 4501 1088 4552 Socrates
1106 4493 1135 4550 ἐκ
1150 4493 1238 4567 μόνης
1255 4492 1391 4558 τοιαύτην.
1566 4513 1567 4522 ³
