3176 5058
384 295 530 338 aeteram
544 295 583 336 ne
598 293 739 338 neamus
756 293 900 336 armante
917 293 1034 336 smonr.
1278 279 1318 342 49

63 457 188 510 natura
214 446 370 520 exoritur,
393 443 578 523 significasti.
622 445 689 506 Sive
711 443 838 506 Verbum
859 463 926 506 esse
949 443 1142 520 cogitaveris,
1164 461 1269 506 rursus
1291 443 1321 507 id
1329 459 1408 504 eam

62 549 157 628 <guod
196 567 240 610 ex
275 547 324 608 illo
359 546 490 608 nascitur
518 554 547 606 et
575 545 610 606 ab
632 545 737 606 eodem
759 545 862 624 nequit
883 544 1031 623 separari,
1060 544 1204 622 cogitasti.
1250 545 1324 606 Cum

63 651 150 710 item
176 648 371 728 Sapientiam
401 665 468 706 eum
497 646 642 725 appellas,
671 646 744 708 nibil
766 665 837 708 sane
860 655 1027 719 externum,
1057 645 1111 706 sed
1133 645 1163 706 id
1186 647 1266 724 quod
1288 663 1325 708 ex

67 751 126 812 itto
162 757 200 810 et
233 748 266 808 in
288 747 338 808 illo
363 752 426 816 est,
455 746 597 820 denotas:
626 747 762 807 similiter
782 747 808 808 si
831 748 968 808 virtutem
992 755 1021 807 et
1042 765 1161 807 manum
1185 765 1252 808 rum
1275 747 1324 808 di·

67 850 178 922 xeris,
207 847 294 926 quod
316 846 470 924 proprium
492 855 540 906 est
560 855 699 919 naturae,
723 847 880 925 significas.
924 847 1054 926 lienique
1077 866 1143 908 cunr
1166 847 1323 926 imaginem

70 953 170 1012 illum
204 947 364 1020 nominas,
390 945 495 1007 Filium
524 965 593 1007 esse
620 947 765 1009 indicasti.
810 947 888 1021 Quid
915 947 995 1009 enim
1023 947 1117 1008 simile
1143 948 1206 1009 Deo
1235 948 1325 1010 luerit

73 1056 217 1131 praeter
242 1047 281 1120 id,
305 1047 383 1126 quod
407 1037 512 1122 ex‘illo
535 1045 686 1126 gignitur?
731 1049 817 1109 Certe
839 1067 913 1127 quae
935 1067 989 1128 per
1004 1049 1129 1110 Verbum
1152 1051 1322 1124 factasunt,

75 1154 165 1212 baec
192 1149 299 1210 eadem
321 1147 463 1228 sapientia
485 1156 554 1209 sunt
576 1147 704 1209 tundata.
749 1149 786 1210 Et
807 1169 883 1230 quae
904 1149 935 1211 in
951 1149 1095 1229 sapientia
1109 1151 1227 1212 tundata
1244 1158 1322 1223 sunt,

76 1255 167 1314 haec
194 1250 297 1312 omnia
319 1248 349 1309 in
371 1268 458 1310 mauu
481 1259 550 1310 sunt
572 1251 647 1310 tacta
669 1269 703 1311 ao
724 1269 778 1330 per
792 1251 898 1312 Filium
921 1251 1039 1312 condita
1060 1259 1140 1312 sunt.
1178 1252 1238 1312 Nee
1252 1271 1323 1312 vero

76 1361 117 1416 ut
143 1353 230 1413 haec
249 1350 420 1430 probemus,
442 1359 611 1429 argumenta
636 1352 821 1412 extrinsecos
844 1353 970 1412 mutuari
994 1373 1070 1432 opus
1093 1352 1196 1422 luerit,
1220 1352 1272 1412 sed
1295 1352 1325 1414 id

80 1473 122 1514 ex
152 1452 323 1530 Scripturis
346 1451 455 1512 clarum
478 1461 532 1512 est.
578 1452 728 1532 Siquidem
753 1453 816 1531 ipse
838 1453 917 1514 Deus
939 1473 993 1534 per
1010 1454 1127 1514 Esaiam
1149 1453 1324 1531 prophetam

80 1554 181 1616 dicit:
216 1551 325 1614 ritanus
352 1570 415 1612 mec
441 1553 583 1630 [acredaor't
606 1565 737 1626 terram,
772 1567 801 1615 et
823 1557 948 1616 deutera
968 1573 1033 1616 mea
1055 1555 1193 1635 firmavit
1217 1553 1324 1614 caelen

78 1658 122 1718 Et
154 1673 284 1716 rursus:
312 1652 350 1713 tta
380 1653 435 1714 sub
463 1655 570 1714 umbra
597 1673 706 1716 manua
735 1674 814 1716 meae
834 1670 993 1736 protegam
1016 1667 1057 1726 te,
1088 1660 1120 1718 in
1142 1673 1201 1736 qua
1224 1654 1323 1716 coeloe

79 1759 245 1818 constitui
272 1765 299 1815 et
329 1764 445 1814 terram
471 1753 611 1830 [aradaei.
655 1754 745 1816 David
776 1763 891 1828 antem,
915 1756 964 1834 agui
988 1757 1089 1816 eadem
1113 1756 1235 1817 edoctus
1258 1774 1323 1816 ma·

79 1875 162 1916 num
189 1854 287 1932 ipsam
310 1873 379 1913 esse
403 1852 576 1932 sapientiam
598 1864 736 1926 noverat,
759 1857 897 1918 canebat:
923 1857 1032 1918 Omnia
1054 1861 1253 1936 insapientiae
1274 1857 1330 1934 se·-

81 1961 179 2018 cr'str':
213 1953 337 2034 impleto
365 1965 410 2016 est
432 1965 518 2016 terra
541 1960 693 2017 creatione
716 1963 779 2018 tuo.
825 1956 993 2018 Salomonis
1016 1975 1149 2036 quoque,
1172 1957 1223 2034 qui
1245 1955 1324 2016 idem

81 2077 99 2116 a
126 2056 197 2116 Deo
223 2063 388 2134 acceperat,
419 2054 492 2116 haec
519 2063 589 2116 sunt
616 2056 719 2116 rerba:
750 2057 831 2118 Deua
859 2063 1009 2137 sapientia
1030 2059 1173 2137 fundauit
1195 2067 1323 2118 terram.

82 2159 222 2218 loannes
244 2155 314 2216 item
337 2175 397 2216 rron
419 2155 571 2233 ignorans,
595 2155 722 2216 Verbum
745 2175 864 2217 manum
887 2165 916 2217 et
937 2157 1110 2236 sapientiam
1127 2175 1203 2228 esse,
1225 2155 1325 2216 Eran-

83 2259 205 2338 gcliurn
234 2258 273 2318 ita
298 2258 428 2318 orditur:
458 2257 497 2318 lu
516 2260 670 2338 principio
694 2268 762 2317 eret
789 2255 929 2330 Verbum,
953 2269 980 2319 et
1008 2258 1133 2321 Verbum
1155 2270 1223 2319 erat
1244 2255 1326 2334 opud

82 2362 208 2428 Darem,
243 2370 271 2419 et
298 2359 379 2420 Deua
413 2369 480 2420 eret
512 2357 650 2419 Verbum:
689 2357 744 2418 boc
773 2369 840 2420 erat
868 2363 900 2419 iu
926 2363 1080 2437 principio
1110 2358 1191 2436 opud
1220 2355 1326 2414 Deum.

90 2462 209 2520 Omrn'o
230 2477 287 2538 per
309 2461 409 2537 ipsum
431 2459 515 2536 sacta
536 2470 608 2522 sunt
630 2469 658 2520 et
681 2463 747 2520 aa'ne
767 2462 834 2538 rpao
856 2459 974 2538 sactum
996 2470 1041 2522 est
1063 2457 1150 2520 nibil.
1193 2457 1410 2538 Aperta-m.

89 2560 143 2618 tus
170 2556 311 2636 denique,
335 2559 382 2620 cui
403 2567 589 2638 perspectum
612 2579 729 2640 quoque
752 2567 824 2632 erat,
847 2577 977 2633 manum,
1001 2557 1177 2639 sapientiam
1200 2565 1229 2618 et
1252 2555 1325 2616 Ver·

90 2659 169 2718 lrurn
191 2659 289 2738 ipsum
307 2677 374 2718 esse
390 2659 504 2732 Filium,
528 2661 571 2722 sic
583 2660 729 2739 loquitur:
753 2661 958 2740 allultr’sarr'om
970 2649 1131 2742 multosque
1145 2661 1241 2724 medis
1255 2656 1326 2720 olem

93 2759 182 2820 Deus
213 2759 331 2820 locutus
358 2761 499 2839 patribus
521 2765 555 2820 r'u
573 2763 748 2841 prophetis,
776 2767 810 2822 r'n
832 2775 965 2825 eatrerne
989 2764 1104 2824 dierum
1127 2767 1257 2824 r'etorum
1279 2759 1320 2820 lo-

100 2869 191 2918 eutus
215 2871 258 2920 est
280 2860 366 2920 uobis
389 2863 421 2920 r'n
443 2860 531 2930 rotro,
554 2879 639 2938 auem
663 2865 819 2923 constitnit
843 2863 999 2924 haeredem
1020 2869 1246 2931 uniuersorum,
1267 2877 1326 2939 per

102 2975 189 3034 quern
212 2963 300 3016 etiam
323 2955 393 3032 [ecit
416 2957 546 3016 caecatio.
590 2957 626 3018 Et
647 2959 770 3018 iterum:
797 2959 878 3020 Unus
902 2961 1049 3022 domiuus
1073 2963 1160 3024 lesus
1178 2961 1327 3026 Christus,

100 3071 267 3132 perquem
290 3056 400 3120 omorio,
423 3063 450 3112 et
474 3071 530 3112 nos
551 3072 607 3132 per
629 3059 737 3134 speum.
783 3057 855 3116 Cum
878 3065 975 3116 autem
998 3057 1075 3118 idem
1090 3057 1250 3134 Apostolus
1270 3073 1331 3114 non

105 3153 266 3230 ignoraret,
291 3149 435 3222 Verbum,
459 3151 639 3229 Sapientiam
662 3161 691 3214 et
712 3153 818 3214 Filium
840 3155 936 3240 ipsam
959 3173 1025 3216 esse
1047 3155 1143 3214 Patris
1165 3153 1331 3230 imaginem,

105 3256 177 3314 baec
198 3253 287 3314 babet
309 3251 433 3331 epistola
457 3251 494 3312 ad
518 3251 731 3316 colossenses:
755 3253 877 3316 Gratiae
900 3264 1019 3334 agentes
1035 3255 1098 3316 Deo
1121 3266 1149 3318 et
1163 3253 1260 3324 Patri,
1282 3259 1336 3334 gui

106 3357 209 3434 dapnes
238 3355 396 3432 reos-serit
422 3358 624 3414 enraumerarr'
644 3359 675 3416 r’n
694 3365 786 3435 porte
809 3359 903 3418 sartis
927 3365 1102 3418 sanctorum
1123 3358 1156 3416 r‘n
1180 3355 1257 3426 luce,
1280 3359 1333 3436 qui

105 3461 217 3538 eripuit
239 3474 293 3518 noe
317 3455 352 3516 de
371 3464 521 3533 potestate
545 3456 747 3525 tenebrarum,
772 3465 802 3518 et
825 3457 986 3522 transtulit
1008 3460 1039 3518 in
1056 3475 1180 3536 regnum
1195 3454 1329 3518 Filir'dr'-

106 3559 240 3620 lecttouts
265 3575 347 3626 suae,
370 3559 402 3614 in
423 3575 480 3636 quo
504 3556 644 3618 babemus
668 3559 887 3628 redemtionem,
910 3561 1328 3638 remessianuupeecotorum,

103 3663 221 3740 quien
244 3663 338 3735 airaga
361 3655 418 3718 Dei
438 3655 608 3727 inor'sr'br'lr‘s,
628 3661 848 3737 primogenitus
872 3663 967 3720 omnia
990 3671 1162 3732 creaturae,⁸
1187 3663 1330 3739 gerentem

104 3766 138 3822 r'n
160 3765 225 3840 ipro
249 3759 370 3820 corrdita
392 3769 463 3818 sum
485 3761 640 3831 universa,
664 3753 738 3838 quae
760 3764 794 3820 r'n
817 3759 906 3820 eoele'e
929 3770 958 3822 et
979 3762 1012 3818 a'n
1034 3769 1120 3821 terro
1143 3768 1230 3829 sunt,
1253 3763 1330 3818 oest-

102 3861 178 3924 br'lr'a
200 3871 227 3922 et
251 3858 428 3930 invisibilia,
452 3862 515 3920 sive
540 3857 667 3934 Tironi,
691 3865 753 3921 aive
776 3859 1103 3930 nomenniomen
1126 3858 1330 3936 Pm'nupotur,

104 3967 168 4024 aive
191 3959 373 4026 Potestatee:
398 3963 498 4021 omnia
516 3977 575 4038 per
597 3963 697 4040 ipsum
718 3968 748 4020 et
769 3963 802 4020 a'n
823 3962 1016 4039 rpeocreota
1038 3971 1126 4031 aunt:
1150 3961 1264 4038 etipse
1286 3969 1330 4020 est

106 4072 176 4124 ante
199 4063 314 4129 omnia,
337 4069 366 4120 et
388 4065 488 4122 omnia
510 4064 542 4120 r'n
564 4064 630 4140 ipso
654 4070 803 4121 corruant.
847 4059 884 4119 Ut
906 4060 984 4120 enirn
1008 4059 1105 4118 omnia
1128 4077 1182 4142 per
1202 4057 1330 4118 Verbum

108 4168 203 4223 creata
226 4168 316 4234 sunt,
347 4160 403 4234 ita,
433 4179 499 4220 cum
529 4159 606 4220 idern
637 4159 677 4220 sit
704 4159 817 4240 imago⁴
848 4158 968 4238 inipso
992 4167 1329 4237 quoquesuntcreata.

109 4261 167 4336 Qui
188 4262 277 4341 igitur
298 4261 336 4323 ita
360 4261 396 4322 de
418 4259 544 4322 Domino
567 4260 712 4334 senserit,
742 4278 804 4321 nou
828 4260 958 4342 offendet
979 4263 1011 4320 in
1035 4260 1162 4340 lapidem
1186 4259 1332 4341 offensio-

145 4430 167 4463 ι.
187 4415 241 4475 fleg.
260 4405 327 4461 ἔστι.
781 4429 802 4464 e.
823 4413 863 4462 ste
881 4413 947 4474 fleg,
966 4419 990 4461 ut
1009 4419 1033 4462 et
1051 4409 1333 4476 babetScripturpetax·
1359 4417 1363 4422 ·

33 4529 35 4536 .
142 4483 166 4532 b.
184 4484 224 4532 Sic
242 4481 297 4543 lteg.
334 4482 412 4532 Ceteri
430 4494 485 4532 rere
504 4491 527 4531 et
545 4481 601 4532 editi
618 4471 693 4548 ὅπερ.
749 4489 795 4530 tar.
831 4481 858 4530 ln
876 4480 930 4531 altis
950 4488 973 4529 et
991 4480 1063 4528 editis
1081 4471 1131 4538 τήν
1148 4479 1224 4528 deest.

34 4605 36 4671 i
143 4569 481 4612 restauraciooooesn.
1112 4561 1130 4610 l

35 4685 37 4716 Ι
