2872 5046
339 203 454 249 cottum
467 201 683 251 nrouumnmurr
698 205 784 252 crasa
799 202 820 251 ι.
1118 195 1178 258 869

1 340 80 417 tur
107 371 189 435 ergo
213 355 349 417 Christus
373 355 403 416 iu
425 355 575 418 Bethleem
597 357 736 432 Iudaeae,
765 359 931 439 iosephque
952 354 1074 422 Patrem
1094 375 1265 422 suumroar.

7 510 12 522 .
50 457 119 536 qui
147 457 274 519 eandem
297 475 383 536 quam
406 455 496 518 ituria
519 475 555 519 ex
568 459 677 520 Decide
700 461 843 539 originem
864 460 999 535 ducebat,
1022 462 1053 523 in
1074 462 1182 542 pennis

1 560 120 631 situm
149 578 166 620 a
191 559 331 620 Simeone
352 559 382 619 in
398 559 523 639 Tempio
546 567 675 638 gestatus
699 563 785 623 etad
807 563 1062 624 circumcisionem
1084 563 1182 624 carnis

1 656 120 722 adum
157 660 252 739 iegem
287 659 430 721 adductus
462 669 522 732 est,
556 671 804 743 augmentumque
832 665 943 744 occepit
969 665 1073 726 aetatis
1095 673 1183 745 etque

10 779 86 822 me.
142 760 176 822 Si
208 761 307 840 itaquo
334 760 482 824 increatus
510 762 557 823 iila
584 763 694 824 unione
722 765 814 825 fautus
844 773 906 838 est,
940 767 1090 844 quomodo
1120 783 1182 828 noa

6 881 30 922 n
45 863 234 940 'periectos
257 862 401 942 apparuit.
425 863 480 925 aed
501 879 556 943 pro
579 865 729 925 voluntate
751 855 839 925 Verbi
862 882 971 943 corpus
993 878 1183 946 augmentum

12 961 147 1024 iebet‘i
193 963 326 1024 increato
349 973 444 1025 autem
468 964 681 1028 incrementum
698 962 866 1027 adscribere
882 966 1004 1045 impium
1020 975 1076 1028 est
1110 965 1183 1031 Nam

40 1065 229 1125 increatum
252 1071 307 1138 ost,
330 1075 433 1127 notura
456 1083 509 1128 sua
532 1069 695 1128 increatum
711 1065 827 1140 dicitur,
850 1084 907 1128 nec
920 1067 1120 1130 accessionem
1137 1069 1185 1130 vel

1 1167 187 1227 ¹irationem
211 1165 346 1228 admittit.
390 1166 478 1240 Quod
502 1175 688 1228 autemeam
711 1167 841 1228 increato
863 1167 1013 1255 quidpiam
1028 1179 1269 1232 commonendas.

1 1279 21 1330 ι
58 1274 127 1329 aut
159 1267 217 1346 ipsi
240 1267 356 1340 unitur,
389 1269 544 1348 proprium
566 1269 685 1348 quidem
707 1269 854 1344 increeto,
883 1284 944 1331 non
967 1277 1064 1330 tamen
1086 1268 1185 1348 ipsum

1 1379 122 1432 ‘atum
149 1387 219 1430 esse
240 1369 362 1444 dieitur3
385 1387 423 1431 ne
446 1370 564 1431 unionis
585 1370 759 1432 heneficium
782 1371 812 1431 iu
835 1369 1013 1432 oblivionem
1036 1370 1134 1432 veuia't
1155 1377 1187 1432 et

1 1472 84 1533 tieii
115 1470 252 1531 debitum
275 1469 435 1543 obdicetur,
457 1489 531 1532 nere
553 1472 713 1533 humanum
736 1483 840 1551 genas,
864 1471 944 1550 quod
966 1471 1061 1533 adhuc
1080 1472 1113 1531 in
1135 1471 1184 1531 in·
1290 1542 1292 1546 Α

5 1581 91 1634 Διιιιι
127 1571 226 1651 degit.
258 1573 288 1632 iu
317 1572 554 1650 desperationem
584 1573 682 1646 cadat,
717 1571 742 1632 si
769 1569 862 1634 discat
884 1573 975 1653 (quod
996 1589 1051 1642 uos
1074 1571 1186 1650 dicitis)

8 1695 53 1736 rm
83 1689 167 1734 esse
188 1673 245 1734 sibi
268 1689 333 1734 oum
355 1671 418 1734 Deo
441 1671 662 1752 cognationem,
691 1688 765 1734 neve
786 1674 878 1752 gratie
901 1681 1065 1735 evanescat.
1110 1672 1185 1745 Quis

8 1799 19 1840 r
55 1777 236 1837 increatum
266 1773 292 1834 si
322 1773 422 1834 audiat
442 1773 560 1834 Domini
589 1791 712 1854 corpus,
747 1791 838 1853 seque
866 1775 973 1836 iactum
996 1783 1186 1853 creatumque

5 1886 104 1948 oseae,
132 1891 201 1936 non
223 1875 379 1954 intelligat,
403 1874 631 1954 istucequidem
655 1890 724 1937 esse
745 1875 914 1955 Scripturas
937 1875 1053 1956 sibique
1074 1875 1185 1938 nullam

29 1995 107 2041 cum
135 1975 262 2037 Christo
285 1975 549 2036 communionem?
590 1977 624 2036 Si
645 1976 792 2037 increatus
815 1977 977 2038 increatum
999 1991 1109 2055 eorpus
1132 1993 1184 2036 as-

5 2083 67 2155 sit,
96 2075 201 2159 periit
223 2087 294 2154 ergo
316 2076 413 2154 prima
434 2076 581 2148 tornatio,
604 2075 695 2154 periit
715 2077 890 2154 archetypus
910 2077 1019 2149 Adam,
1048 2092 1107 2154 quo
1130 2093 1186 2136 nos

1 2200 40 2257 ¹re
72 2183 108 2243 iu
140 2177 326 2240 hodiernum
362 2175 439 2238 diem
467 2191 521 2254 per
549 2177 646 2236 caruis
675 2175 895 2236 successionem
924 2167 1042 2236 oriundi
1070 2188 1186 2236 sumus.

12 2285 117 2347 modo
144 2278 240 2356 igitur
261 2275 397 2336 Christus
418 2291 475 2336 nes
498 2275 545 2336 sui
567 2273 726 2355 participes
743 2274 922 2336 constituit?
944 2273 1084 2355 quidest,
1107 2273 1188 2354 quod

1 2385 120 2455 „stolus
154 2377 211 2436 ait:
249 2376 311 2450 Qut
341 2380 418 2438 eorm
448 2377 619 2457 sanctificor
646 2387 674 2438 et
702 2380 755 2458 qao·
780 2377 1029 2457 concupiscatur,
1064 2391 1104 2438 ou
1122 2393 1186 2439 cao

4 2481 78 2548 tes?

35 2693 69 2751 5.
118 2683 168 2744 Ne
191 2679 348 2760 quievero
371 2679 408 2740 de
423 2679 581 2740 iiiuiuiiate
595 2679 660 2740 Filii
686 2679 730 2741 sio
751 2679 880 2760 cogitare
895 2680 1010 2752 eadent,
1034 2669 1114 2758 qued
1129 2691 1184 2740 eo-

43 2787 96 2848 itte
121 2781 216 2843 modo
240 2793 276 2842 etr
296 2781 359 2842 Deo
381 2781 434 2854 sit,
459 2796 517 2858 quo
541 2797 598 2842 nos
622 2797 742 2854 sumus,
771 2789 804 2843 ut
825 2776 995 2861 impiissimi
1016 2772 1116 2842 driaui
1138 2777 1185 2842 di-

5 2914 9 2925 ·
41 2885 172 2951 audent,
198 2889 248 2941 out
268 2891 348 2942 certe
368 2881 451 2941 iiiam
473 2877 586 2944 eruco
609 2897 679 2943 esse
702 2881 864 2944 secuudum
886 2882 983 2942 carnis
1006 2882 1135 2960 speciem
1158 2887 1190 2942 et

7 2985 126 3048 undum
150 2981 280 3042 formam
302 2981 396 3054 servi,
419 2981 477 3042 hoc
497 2992 544 3043 est
564 2981 741 3062 protoplasti
762 2982 872 3055 ddum,
894 2995 982 3060 quam
1004 2982 1117 3062 occepit
1138 2979 1188 3060 qui

14 3091 114 3150 forma
138 3081 198 3142 Dei
221 3083 299 3143 Deus
334 3081 441 3144 existit.
491 3079 629 3144 Proiecto
658 3083 736 3144 inter
762 3101 812 3144 res
841 3091 955 3146 creatas
982 3081 1054 3144 iliud
1081 3081 1188 3144 dicitur

7 3195 140 3258 reatum,
165 3184 248 3262 quod
267 3195 417 3263 nunquam
442 3183 552 3257 extitit,
575 3184 642 3264 quta
663 3199 814 3263 uunquam
835 3185 941 3246 iactum
964 3190 1020 3244 est.
1063 3179 1107 3244 Na
1129 3181 1186 3262 igi·

27 3293 101 3353 dum
123 3285 156 3347 in
179 3285 278 3346 Verbo
292 3293 420 3347 carnem
441 3299 591 3364 nunquam
613 3285 707 3347 irrisos
730 3283 913 3358 existimetis,
936 3285 1074 3364 specioso
1096 3301 1186 3345 roca·

0 3399 30 3454 to
54 3407 120 3451 rem
144 3385 240 3467 ipsam
263 3403 371 3465 negare
392 3385 423 3446 ιι
446 3386 575 3448 ocimum
598 3385 754 3459 inducatis,
776 3395 809 3447 ut
829 3383 903 3446 nihil
917 3385 948 3446 ιι
961 3385 1094 3447 increato
1111 3398 1186 3446 cou-

0 3491 114 3554 amini.
161 3487 236 3548 Nam
267 3487 330 3548 soit
351 3481 474 3548 Deitatis
502 3487 695 3548 subsistentia
723 3487 851 3548 iacreota
878 3484 1066 3564 inteligitur,
1094 3485 1189 3547 itaut

4 3594 88 3672 pium
111 3589 152 3650 sit
174 3586 220 3647 tei
241 3587 399 3649 increatum
421 3587 594 3667 passibilem
610 3581 655 3650 ιιι
669 3587 841 3668 passibilem
856 3586 1014 3649 increatum
1030 3587 1187 3667 oppetiere.

6 3694 119 3754 aditam
142 3685 223 3748 enim
246 3687 375 3748 honunts
398 3696 532 3752 natmaur
554 3707 616 3750 non
637 3690 748 3750 unione
769 3688 866 3750 Verbo
887 3688 1056 3768 propriam,
1084 3687 1138 3748 aed
1160 3685 1190 3748 ei

5 3803 152 3855 ,eternam
186 3805 254 3850 esse
276 3787 388 3867 licique
415 3797 538 3852 naturae
565 3797 754 3870 exaequatam
780 3807 834 3870 per
861 3797 983 3852 naturae
1005 3787 1189 3850 identitatem

13 3945 136 3998 ,Gobien
155 3949 178 3992 et
195 3931 551 4000 scientiaomnium·
603 3943 703 4004 Seguer.
732 3943 756 3991 et
783 3941 888 3992 Feicim.
909 3941 931 3990 1.
967 3941 993 3990 ιι
1017 3933 1144 4007 editiqu'
1162 3953 1191 3990 τι

12 4009 85 4069 ,καὶ
101 4016 214 4076 autogr.
244 4008 551 4072 Atqueitoiegitiiannius.
603 3993 723 4076 οὖνὸρα
739 4000 804 4074 μηθ’
825 4001 900 4064 dicre.
929 4001 1191 4086 iioxtogliodobter.

5 4099 28 4129 ra
48 4084 128 4140 iidem,
148 4085 215 4129 utet
234 4072 551 4140 iegitiiuunictdtdomto·
603 4079 703 4139 Seguor.
727 4086 750 4126 ιι
773 4077 877 4128 Feloiar.
898 4077 920 4126 t.
937 4069 983 4124 stoi
1006 4089 1057 4135 την
1074 4067 1190 4150 ἄρνησιν

2 4162 32 4206 vn
51 4141 111 4195 καθ’
131 4139 208 4214 ἡμᾶς.
603 4135 693 4198 eteco.
732 4144 758 4194 ιι
786 4145 857 4196 editio
883 4144 952 4196 deest
977 4137 1025 4190 sot
1052 4151 1076 4192 et
1100 4133 1190 4192 stoue.

1 4217 23 4263 d.
42 4219 81 4266 Sic
98 4217 239 4277 s'egaerion.
257 4214 346 4262 tectim
364 4227 435 4277 quam
454 4213 510 4263 editi
529 4219 553 4264 ιι
604 4215 703 4273 8ι3ιιι.
726 4211 823 4263 Gobicr.
841 4222 865 4264 ιι
882 4211 989 4262 iaicim.
1002 4212 1023 4259 ι.
1043 4208 1115 4274 pauiu
1134 4211 1191 4270 post

1 4285 16 4334 i.
35 4287 73 4346 qui
93 4285 181 4333 nocent
198 4273 294 4330 edroi.
330 4281 404 4331 Paulo
423 4282 552 4346 postidem
604 4271 798 4346 ὁμολογήσητε,
818 4282 843 4332 iu
861 4281 932 4331 editis
949 4273 1124 4344 opacorum.

2 4342 125 4410 sipiciaco.
638 4349 654 4396 ι.
672 4341 710 4413 μὴ
731 4345 762 4414 τῇ
779 4336 883 4404 iadau,
902 4349 939 4396 sio
951 4349 1050 4406 segari.
1070 4353 1094 4394 et
1106 4339 1192 4392 sicie-

6 4429 25 4462 ι.
43 4409 79 4478 μή
97 4429 124 4464 τι
141 4409 194 4483 ἄρα
210 4407 346 4484 putidius,
366 4417 402 4468 sic
414 4416 551 4468 docleriun.
604 4415 707 4479 gendum
724 4419 824 4469 ridetur.
860 4415 922 4467 Editi
938 4405 1008 4480 potire
1024 4403 1130 4466 ινιισει.
