3054 5304
567 149 676 192 oberto
692 149 730 192 lV.
747 149 861 193 coum
877 149 1012 192 tutanos·
1321 135 1327 190 l

159 289 250 370 rideri
272 303 402 366 declarat
423 299 586 381 Scriptura,
610 318 666 362 nec
687 299 756 362 item
779 299 908 362 mundus
930 318 984 379 per
1009 271 1145 370 Verbum,
1170 295 1222 356 sed
1245 315 1328 376 peru

159 407 289 488 genitum
306 405 411 466 Filium
426 402 525 464 salvus
544 401 608 464 lieri
624 401 740 464 dieitur.
785 401 927 482 Namque,
951 401 1055 481 inquit,
1079 401 1151 460 dixit
1167 399 1266 458 lesus:
1293 397 1329 459 l'o

158 522 291 591 tempore
312 507 467 569 nobiseum
490 523 572 575 aum,
604 515 634 566 et
655 522 716 565 non
740 507 909 582 oopnoor'rtr'
927 522 988 574 me,
1021 497 1183 582 l’lrr'lippel'
1230 489 1329 574 Qu'io

158 631 219 684 ore,
247 611 323 672 oidr't
345 607 478 671 Patron.
522 606 583 667 Nee
605 605 694 666 etiam
716 623 732 665 a
755 603 867 676 Verbo,
897 603 950 664 sed
973 622 989 664 a
1010 602 1084 664 Filio
1108 602 1223 662 Patrem
1248 621 1331 680 cogor

156 713 295 792 legimus:
320 710 364 772 utl
384 727 440 770 neo
460 706 588 769 Verbum
611 706 710 768 videre
734 699 849 766 Patrem
873 703 989 778 dieitur,
1012 705 1064 766 aed
1087 703 1257 784 unigenitus
1280 703 1332 765 Fili

160 815 209 896 qui
232 820 277 874 est
299 813 329 875 in
352 809 419 874 eino
442 810 547 872 Patris.

243 1019 312 1082 nt·
339 1013 451 1094 Ecquid
480 1029 571 1092 porro
597 1010 724 1074 Verbum
757 1010 793 1072 ad
822 1017 954 1071 nostram
983 1008 1105 1070 salutem
1134 1008 1260 1088 amplius
1288 989 1335 1087 por

158 1121 311 1192 conterre,
341 1135 427 1196 quam
450 1113 559 1186 Filius,
589 1113 615 1174 si
638 1131 760 1192 nempe,
790 1121 822 1172 ut
849 1109 1045 1183 arbitrantur,
1074 1109 1148 1171 alius
1176 1117 1222 1172 est
1243 1109 1333 1171 Filius

158 1222 236 1284 aliud
258 1215 411 1298 Verbum?
454 1217 518 1278 Nos
540 1215 618 1277 enim
640 1233 701 1276 non
724 1214 753 1275 in
776 1213 914 1288 Verbum,
939 1213 1042 1274 sedin
1064 1211 1170 1273 Filium
1193 1211 1315 1273 eredere

157 1324 279 1396 bemur,
308 1329 341 1382 ut
362 1319 489 1381 loannes
517 1317 564 1379 bis
587 1315 690 1378 Verbis
720 1315 863 1378 declarat:
895 1315 958 1389 Qnr'
977 1316 1071 1378 eredit
1093 1318 1125 1376 in
1146 1313 1271 1384 Filium,
1300 1314 1336 1375 lm

158 1430 444 1493 ultramontanum:
468 1423 521 1502 pari
541 1431 640 1482 eutem
663 1417 740 1481 Fr'lr'o
762 1437 825 1482 uon
849 1419 951 1488 eredit,
973 1436 1035 1480 aon
1057 1415 1168 1480 uidebit
1185 1421 1289 1480 ultam.
1333 1415 1340 1476 l

158 1543 251 1606 super
270 1533 404 1586 randum
426 1521 592 1602 Baptiama,
621 1521 651 1582 in
680 1539 738 1600 quo
768 1519 860 1582 totius
888 1528 1009 1582 nostrae
1031 1518 1099 1581 fidei
1122 1519 1218 1599 posita
1243 1527 1289 1580 est
1310 1536 1341 1578 oo

156 1627 289 1698 stitutio,
318 1641 380 1686 nou
402 1625 431 1685 in
454 1623 599 1696 Verbum,
628 1623 679 1685 eed
703 1623 733 1684 iu
756 1622 872 1684 Patrem
896 1630 926 1684 et
947 1622 1053 1683 Filium
1075 1629 1106 1683 et
1129 1629 1264 1682 sanctum
1287 1618 1342 1698 spu

157 1735 218 1790 tum
241 1726 336 1788 datur.
382 1725 573 1805 Quapropter
601 1723 627 1784 ai
658 1723 821 1785 eorundum
843 1723 910 1784 illos
933 1723 1011 1784 aliud
1036 1731 1084 1784 est
1105 1720 1235 1784 Verbum
1258 1731 1287 1782 et
1309 1720 1344 1782 ali

156 1827 259 1902 Vilius,
282 1846 337 1890 neo
358 1827 487 1889 Verbum
511 1835 557 1888 est
577 1825 684 1900 Filius3
714 1825 787 1887 nibil
810 1844 882 1886 sane
904 1825 940 1886 ad
963 1824 1092 1886 Verbum
1115 1824 1264 1904 baptisma
1288 1835 1345 1902 pert

158 1939 218 1992 net.
270 1929 428 2002 Quomodo
463 1927 552 2008 igitur
580 1926 707 1989 Verbum
736 1927 899 1988 seeundum
935 1926 1009 2011 illosv
1030 1946 1087 1988 nna
1116 1935 1163 1986 est
1192 1944 1258 1986 eum
1289 1925 1347 1986 Patr

158 2049 223 2094 oum
247 2031 276 2093 in
298 2030 443 2110 baptismi
466 2022 626 2090 donatione
650 2046 707 2089 una
731 2046 796 2088 eum
819 2047 855 2088 eo
879 2026 1019 2089 nonsit?
1062 2027 1099 2088 tt
1118 2029 1195 2088 lorte
1210 2045 1348 2105 responsi

155 2143 242 2207 sunt,
271 2115 399 2194 Verbum
429 2133 459 2192 in
482 2131 579 2191 Patris
611 2129 732 2190 nomine
755 2129 909 2190 contineri.
955 2129 1064 2202 Quidni
1087 2147 1158 2206 ergo
1182 2136 1212 2189 et
1233 2128 1349 2207 Spiritui

154 2237 199 2298 dn
228 2252 299 2295 roro
329 2241 410 2294 extra
433 2232 549 2292 Patrem
581 2231 681 2291 existit
704 2227 858 2310 Spiritus?
900 2229 1012 2290 Deinde
1043 2229 1069 2291 ai
1091 2229 1219 2292 Verbum
1249 2247 1309 2292 non
1340 2249 1351 2290 e

156 2337 259 2406 Vilius,
282 2333 374 2394 bomo
396 2331 486 2410 igitur
507 2338 577 2411 post
598 2331 715 2392 Patrem
738 2330 935 2392 nominandus
959 2332 1024 2404 erit,
1048 2339 1077 2392 et
1092 2331 1220 2411 Spiritus
1242 2339 1313 2410 post
1327 2330 1352 2392 ln

156 2437 278 2512 minem,
300 2453 356 2496 neo
377 2433 434 2495 iam
457 2431 559 2495 lluitas
582 2453 618 2494 ex
640 2433 757 2502 illorum
779 2431 925 2494 sententia
947 2432 977 2493 in
1000 2433 1175 2496 Trinitatem
1198 2433 1354 2494 dilatabitur

155 2539 209 2602 aed
231 2539 262 2600 in
284 2535 525 2616 quaternitatem,
553 2554 660 2614 nempe
682 2535 711 2596 lu
734 2535 866 2608 Patrem,
889 2535 1031 2610 Verbum,
1054 2535 1159 2598 Filium
1182 2543 1212 2597 et
1234 2535 1355 2616 Spiritui

154 2650 300 2704 mactum.
343 2639 452 2700 Verum
474 2637 522 2700 blo
543 2656 597 2699 eos
619 2637 717 2716 pudor
737 2619 767 2698 in
789 2635 866 2698 aliud
889 2637 968 2716 cogit
988 2637 1146 2716 coningere
1161 2637 1357 2700 diverticuluu

155 2743 246 2802 diunt
273 2740 377 2818 igitur,
410 2757 472 2800 non
501 2739 652 2800 hominem
683 2757 836 2812 seorsum,
871 2756 958 2818 quem
987 2737 1112 2822 gestavit
1134 2738 1295 2811 Dominus,
1329 2759 1358 2802 ee

156 2839 484 2930 utrumque,·Verbum
507 2829 620 2900 seilicet
641 2847 671 2900 et
692 2839 864 2912 bominem,
889 2859 956 2902 esse
979 2840 1102 2912 Fillum3
1127 2841 1213 2902 ambo
1237 2843 1315 2904 enirn
1338 2844 1360 2904 el

157 2939 218 3003 mu
241 2939 407 3009 coniuncti,
436 2949 469 3000 ut
498 2940 649 3019 inquiunt,
679 2940 771 3003 Filius
800 2941 971 3022 appellatur.
999 2942 1090 3015 Quia
1119 2943 1207 3022 igitur
1228 2943 1361 3004 amborur

156 3063 247 3108 eausa
269 3041 389 3104 alterius
412 3040 484 3103 eat?
528 3042 600 3104 Uter
628 3050 727 3106 utrum
762 3044 859 3106 ellecit
880 3044 1009 3108 Filium?
1052 3046 1104 3106 Vel
1132 3056 1164 3107 ut
1190 3044 1307 3124 planius
1336 3045 1363 3106 lo

155 3165 245 3226 quar,
274 3163 345 3206 num
368 3142 496 3206 Verbum
519 3143 610 3206 Vilius
633 3156 680 3206 eat
700 3153 824 3226 propter
846 3165 979 3220 earnem,
1008 3167 1044 3208 an
1071 3167 1141 3209 vero
1170 3165 1239 3208 caro
1261 3155 1365 3226 propte

156 3246 286 3309 Verbum
306 3244 399 3307 Filius
422 3243 554 3307 dieitur?
590 3233 679 3309 'done
701 3249 802 3327 potine
824 3257 962 3310 neutrum
986 3249 1068 3311 alteri
1091 3269 1180 3312 causa
1203 3259 1248 3311 est
1263 3248 1366 3312 curFi

154 3349 212 3410 lius
242 3347 422 3428 appelletur,
456 3349 509 3410 sed
538 3347 621 3410 solua
645 3349 799 3412 amborum
821 3350 1033 3430 -congressus‘l
1078 3352 1164 3424 Quod
1194 3352 1219 3413 si
1254 3350 1368 3412 Verbun

155 3457 278 3528 propter
300 3467 417 3511 carnem
439 3450 546 3512 Filium
579 3469 649 3512 esse
670 3453 896 3531 responderint,
926 3462 1005 3515 certe
1032 3473 1151 3516 earnem
1179 3453 1285 3515 Filium
1315 3473 1369 3516 esst

155 3565 280 3612 neeesse
302 3559 364 3624 est3
392 3571 451 3632 quo
481 3571 517 3614 ex
538 3572 686 3632 responso
710 3554 807 3616 omnia
829 3555 877 3617 illa
900 3556 1026 3618 ebaurda
1048 3566 1282 3637 consequentur,
1307 3577 1371 3638 quat

154 3669 192 3712 er
215 3651 333 3712 illorum
362 3651 502 3731 superius
531 3653 640 3716 dietum
670 3668 716 3718 est
738 3657 810 3719 oriri
834 3658 995 3747 sententia,
1025 3659 1074 3738 qui
1102 3659 1253 3720 bominem
1275 3659 1372 3721 Villuu

154 3771 224 3814 eoae
252 3753 408 3815 affirmant.
454 3753 485 3814 Si
515 3773 584 3816 rem
612 3763 735 3836 propter
763 3758 890 3820 Verbum
919 3779 987 3820 earo
1015 3761 1106 3823 Vilius
1136 3761 1259 3834 dieitur,
1293 3761 1373 3841 igitur

155 3853 284 3918 Verbum
306 3855 394 3918 etiarn
417 3864 485 3918 ante
508 3875 625 3918 earnem
647 3858 739 3920 Vilius
762 3871 833 3922 erat
878 3861 1016 3943 Numqui
1038 3861 1102 3924 lieri
1124 3871 1235 3942 potest,
1258 3870 1291 3924 ut
1305 3863 1375 3924 alioe

155 3955 204 4018 ille
226 3956 304 4018 lilios
326 3959 445 4030 reddat,
465 3958 525 4038 'qui
548 3959 612 4040 ipse
635 3960 715 4048 liliusx
732 3981 793 4023 uon
816 3971 876 4036 est,
905 3965 1079 4043 praesertim
1102 3965 1188 4026 Patre
1212 3961 1376 4026 existente?

154 4057 292 4122 Proiecto
316 4060 343 4121 ai
364 4060 423 4123 eibi
444 4060 510 4142 ipse
531 4059 608 4124 lilios
632 4061 731 4137 elficit,
753 4062 841 4126 Pater
860 4063 1003 4127 dicendus
1026 4075 1082 4140 est,
1106 4065 1132 4128 si
1147 4065 1236 4139 Patri,
1261 4067 1324 4146 ipse
1340 4062 1378 4122 sit

154 4245 247 4324 addunt
271 4242 317 4296 aral
342 4239 440 4313 λόγον,
470 4249 534 4314 quod
561 4251 602 4300 alii
634 4257 657 4300 et
686 4250 742 4300 editi
795 4249 828 4300 tio
847 4250 963 4302 Commel.
981 4243 1045 4320 ἄρα.
1342 4307 1365 4320 ‚¹

155 4319 283 4392 omittunt..
483 4369 494 4395 ²
829 4319 846 4368 l.
865 4317 1115 4384 Srrllep.etb'equer.
1150 4312 1384 4392 rennuerent·

191 4392 212 4429 a.
230 4379 303 4432 baad.
321 4389 344 4434 at
362 4385 459 4436 Gobler.
477 4397 540 4451 apa.
567 4384 646 4437 Ceteri
657 4393 681 4436 et
691 4385 742 4436 edi·
796 4378 811 4445 ἡ
829 4387 906 4436 deest.
