3214 5048
557 238 670 332 enarro
681 287 715 332 rr.
732 289 849 334 oonrm
861 289 997 336 amaros.
1088 343 1093 352 ,
1285 241 1287 249 ¹
1319 275 1384 344 393

150 459 254 504 rerum
275 443 419 506 tectorum
439 446 556 501 notura.
599 437 676 501 ilino
696 437 746 502 ille
766 447 905 520 mnqum
927 439 1019 504 Filius
1047 450 1172 522 patemo
1194 444 1302 524 qoudet
1322 443 1471 512 imeae

152 544 252 626 perio,
274 544 331 607 beo
352 549 452 605 autem
473 540 568 603 solute
590 557 666 621 opus
687 540 808 606 babent.

239 647 291 711 51.
335 644 422 718 Quod
451 642 480 706 ei
505 641 634 717 idcireo,
664 643 745 724 quod
776 661 851 724 puer
878 643 918 706 sit
938 653 1075 721 vocotus,
1109 647 1213 728 nugari
1240 647 1332 712 velint
1353 657 1386 712 et
1415 651 1423 662 '

152 749 254 823 rixari,
277 745 490 811 dismutisaoo
509 761 637 825 puerum
658 763 776 824 qnoque
790 743 925 808 Abrahae
945 747 1121 827 appellatum
1143 768 1222 826 esse,
1245 758 1276 812 et
1289 749 1385 815 tilium

153 849 349 912 Sunamitidis
379 845 538 928 puerulum
569 845 665 908 troisse
696 845 819 908 dietum.
867 846 972 909 ttertto
998 848 1097 928 itaquo
1124 869 1190 913 nam
1217 869 1276 915 nos
1304 851 1385 916 serui

157 951 265 1023 simus,
288 941 337 1012 ille
358 948 453 1011 nostri
475 948 571 1010 iaetus
593 945 701 1009 similis
728 945 847 1010 Patrem
869 963 986 1027 quoque
1008 947 1176 1026 dominum,
1205 953 1291 1016 sicuti
1314 973 1384 1032 noa,
1426 953 1432 976 “

154 1059 258 1126 vocata
286 1050 365 1130 quod
386 1050 524 1131 proiecto
545 1067 679 1112 summae
702 1065 775 1111 eoae
797 1065 867 1128 erge
888 1066 946 1110 nos
967 1048 1157 1130 benignitatis
1179 1065 1386 1133 argumentum

154 1151 250 1214 voluit
270 1171 353 1226 esse,
376 1159 411 1213 ot
432 1150 546 1213 seilicet
565 1167 641 1225 nos,
669 1149 719 1230 qui
741 1153 847 1212 natur-d
869 1151 948 1212 servi
969 1169 1089 1231 sumus,
1118 1153 1225 1233 spiritu
1246 1153 1311 1218 Filii
1332 1175 1385 1220 ao·

157 1263 244 1335 oepto
266 1255 366 1329 illum,
394 1253 445 1334 qui
471 1255 577 1315 naturd
598 1260 704 1314 noster
726 1251 951 1327 cetionides,
979 1253 1076 1334 gretia
1101 1262 1217 1334 petrem
1238 1257 1387 1337 oppetere

157 1357 347 1418 auderemus.
389 1354 499 1417 Verum
521 1351 769 1436 quemadmodum
790 1371 859 1432 nos,
882 1373 949 1417 oum
964 1354 1125 1418 bominum
1146 1363 1259 1436 petram
1282 1357 1386 1437 appel·

154 1456 267 1532 lamus,
302 1473 362 1518 uon
389 1462 486 1518 tamen
513 1454 678 1517 inficiamur
706 1467 813 1518 servos
835 1473 890 1518 noa
912 1459 1018 1519 noturt
1040 1475 1125 1531 esse,
1154 1457 1218 1521 eius
1240 1457 1388 1538 siquidem

157 1575 249 1639 opere
271 1575 384 1632 somus,
407 1561 528 1640 ipseque
548 1557 623 1636 feeit
643 1575 700 1619 noa
723 1569 754 1620 et
773 1576 838 1628 noae
858 1561 920 1644 ipat·
940 1577 1014 1634 noa;
1039 1559 1078 1655 ite
1100 1577 1167 1623 oum
1182 1559 1275 1623 bilius
1291 1561 1387 1626 forma

49 1737 68 1750 ,
155 1658 235 1720 servi
263 1665 382 1738 aooepta
409 1657 467 1720 oit:
501 1657 653 1722 Dominus
680 1661 796 1723 ereooa't
822 1677 884 1732 mo,
914 1677 975 1722 noo
1002 1659 1114 1724 idcireo
1137 1661 1203 1723 eius
1224 1660 1471 1730 divinitatisrnta.

152 1758 360 1821 aeternitatem
381 1777 490 1839 negare
511 1758 637 1832 debent,
659 1758 705 1821 vel
727 1759 758 1821 in
778 1759 926 1842 principio
948 1760 1077 1823 Verbum
1098 1763 1204 1836 tuisse,
1227 1763 1386 1844 omniaque

133 1865 210 1942 'per
230 1859 330 1941 ipsum
351 1879 420 1924 esso
441 1861 527 1936 faeta,
552 1861 634 1922 etin
656 1859 724 1941 ipso
747 1867 844 1922 ereata
866 1862 964 1924 omnio
986 1879 1064 1924 esee.
1109 1861 1171 1924 Hae
1191 1871 1289 1926 autem
1305 1865 1386 1927 Pro·
1467 1871 1471 1876 '

154 1961 328 2026 verbiorum
355 1963 502 2026 sententia
533 1979 596 2024 non
625 1960 716 2024 Verbi
738 1969 858 2036 uetura,
890 1962 933 2026 uti
954 1963 1013 2026 iem
1036 1962 1112 2040 dixi,
1141 1965 1195 2026 sed
1216 1965 1387 2032 humanitas

155 2063 347 2143 significatur.
391 2063 465 2127 Nam
485 2064 512 2136 si
534 2065 566 2126 in
588 2082 679 2144 opero
702 2082 736 2126 se
758 2071 887 2126 ereetum
911 2083 979 2127 esse
1001 2065 1087 2140 dioit,
1115 2067 1306 2130 manifestum
1327 2077 1386 2143 est,

154 2181 222 2228 eum
243 2165 325 2228 bisce
347 2165 446 2228 uerbis
467 2165 547 2228 nolle
570 2183 654 2228 suam
677 2163 808 2226 indicare
831 2172 976 2238 naturam,
998 2165 1052 2226 sed
1074 2183 1158 2228 suam
1172 2169 1386 2230 'tantummodo

153 2265 186 2328 in
214 2285 307 2346 opere
337 2266 643 2340 administrationem,
676 2265 757 2344 quod
788 2264 907 2344 quidem
934 2266 1086 2346 posterius
1115 2273 1163 2328 eet
1190 2285 1285 2344 quam
1306 2285 1388 2331 esee.

154 2366 217 2430 lies
239 2367 320 2430 enim
341 2375 458 2430 creatae
479 2349 582 2446 primo'
599 2375 633 2428 at
652 2363 813 2446 praecipue
836 2383 871 2426 ea
893 2365 931 2427 de
952 2377 1040 2426 eausa
1061 2367 1256 2440 summotae,
1278 2374 1312 2428 ut
1326 2367 1389 2430 sint

156 2477 187 2532 et
214 2468 355 2543 existant,
390 2468 521 2531 seeundo
550 2485 622 2530 aero
651 2453 777 2540 babent,
811 2474 845 2528 ut
865 2474 953 2546 agant
974 2485 1176 2548 quoecumque
1197 2467 1389 2549 imperaverit

156 2569 296 2645 Verbum,
319 2569 404 2632 utin
427 2569 568 2646 omnibus·
586 2568 657 2632 lieet
677 2567 859 2650 perspicere.
902 2567 1055 2648 Siquidem
1077 2567 1168 2630 Adam
1191 2576 1307 2646 oreatus
1328 2577 1386 2644 est,

155 2689 217 2734 non
239 2679 272 2734 ut
293 2681 408 2753 ageret,
436 2671 490 2735 sed
512 2679 545 2733 ut
565 2672 697 2752 primum
718 2677 801 2734 esset
820 2669 928 2745 bomo,
950 2689 1019 2733 nam
1040 2680 1145 2751 postea
1167 2671 1273 2750 agendi
1294 2689 1385 2751 proo-

73 2793 77 2799 ’
157 2781 274 2854 neptum
296 2775 418 2855 eooepit.
461 2773 526 2836 Noe
550 2773 687 2836 similiter
709 2791 775 2834 non
792 2780 916 2853 propter
937 2791 1034 2834 aream
1056 2781 1173 2836 oreatus
1197 2780 1253 2847 est,
1276 2773 1331 2835 eed
1352 2779 1388 2836 ut

154 2874 284 2953 primum
307 2885 390 2936 esset
411 2881 441 2935 et
461 2873 546 2935 tieret
566 2873 675 2948 homo,
703 2891 772 2934 nam
793 2881 898 2953 postea
920 2891 1017 2936 orcam
1039 2873 1140 2935 iussus
1163 2881 1211 2934 est
1232 2873 1387 2950 sabrinum

157 2972 297 3050 idemque
317 2973 349 3032 in
371 2973 436 3034 aliis
459 2973 584 3051 singulis
599 2973 727 3052 quisque
740 2979 842 3050 potest
855 2973 1098 3035 animadvertere.
1127 2972 1245 3034 Etenim
1261 2991 1387 3052 magnus

157 3071 207 3134 iile
228 3071 347 3152 Moyses
373 3071 487 3151 primus
515 3073 608 3134 iaetus
636 3073 728 3134 bomo
752 3078 812 3146 est,
844 3071 951 3134 deinde
973 3073 1075 3153 popuii
1097 3072 1255 3152 imperium
1276 3071 1319 3154 itti
1341 3079 1390 3162 eet

159 3172 373 3236 eonereditum.
416 3172 498 3236 idem
521 3191 593 3253 ergo
615 3172 664 3236 bie
684 3173 797 3253 pariter
818 3173 886 3236 lieet
907 3173 1080 3254 intelligere.
1122 3172 1212 3235 Vides
1234 3172 1314 3236 enim
1335 3171 1388 3236 Fi·

157 3273 229 3338 bum
251 3291 312 3336 non
333 3274 429 3337 oreori
450 3283 484 3336 ut
505 3274 559 3352 sit3
589 3275 643 3338 sed
665 3281 698 3338 in
715 3277 870 3358 principio
892 3275 1010 3355 quidem
1033 3287 1101 3339 eret
1125 3273 1260 3348 Verbum,
1282 3283 1390 3355 poetes

156 3393 227 3440 vero
249 3375 281 3439 in
304 3394 394 3458 opere
417 3393 580 3458 eorumque
602 3375 887 3440 administrationem
910 3377 1046 3440 mittitur.
1089 3373 1207 3440 Etenim
1230 3387 1388 3458 antequam

190 3577 211 3614 e.
229 3563 330 3626 Sequor.
349 3571 373 3614 et
390 3565 448 3627 Req.
472 3554 565 3614 αὐτοῦ.
600 3564 653 3616 idox
671 3565 743 3615 iidem
797 3564 868 3615 iidem
885 3557 932 3612 atei
949 3553 992 3630 ἐφ’
1005 3556 1121 3614 ἑκάστου
1133 3562 1230 3626 ζητῶν,
1250 3564 1332 3615 τοῦτο
1342 3555 1385 3616 εὖ·

157 3639 180 3682 et
196 3630 302 3682 teleto.
322 3629 346 3681 5.
364 3623 402 3685 εἷς
419 3625 453 3680 τὰ
470 3625 539 3698 ἔργα
557 3623 650 3682 edred.
680 3632 744 3684 tuiti
815 3645 842 3680 ot
864 3635 906 3686 τίς
928 3623 978 3680 ἄν·
1006 3625 1128 3714 ernisto
1154 3641 1199 3684 etc.
1236 3633 1342 3684 aeream.
1360 3631 1386 3684 4.

158 3707 181 3750 tt
198 3697 238 3749 aiii
256 3691 292 3746 τὰ
310 3707 334 3749 et
351 3691 436 3748 odron
454 3704 574 3751 omittunt.
785 3645 885 3762 ,Ξητῶν
901 3689 972 3751 τοῦτ’
993 3691 1028 3748 ἂν
1044 3715 1121 3768 ευροι
1138 3696 1179 3756 τίς
1197 3690 1245 3749 ἄν·
1263 3695 1310 3751 καὶ
1324 3694 1382 3770 γάρ

189 3767 206 3816 i.
231 3765 331 3828 Sequor.
349 3761 395 3815 stoi
411 3758 550 3834 ὑπάρχειν.
585 3768 676 3820 ibidem
686 3781 745 3818 mss.
797 3776 842 3818 ete.
1336 3829 1339 3836 .

155 3827 201 3883 stoi
217 3827 352 3902 δεύτερον.
388 3836 415 3884 ln
434 3835 489 3884 eliis
500 3843 524 3885 et
533 3834 604 3886 editis
612 3830 659 3884 καί
668 3837 744 3886 deest
830 3838 846 3885 i.
871 3837 1012 3898 Sequeriao.
1037 3835 1135 3888 Gobler.
1153 3836 1260 3888 Falobm.
1280 3838 1302 3888 1.
1322 3843 1345 3887 et
1362 3836 1387 3888 d.

157 3902 208 3952 bion
225 3901 326 3964 Sequar.
346 3911 370 3952 et
387 3903 444 3964 deq.
461 3895 525 3969 περὶ
542 3887 582 3950 eir
599 3894 635 3951 ἂν
651 3894 746 3956 αὐτοῖς
796 3893 945 3971 ἅνθρωπος
960 3899 1065 3969 γέγονε.
1104 3905 1148 3955 ttit
1166 3913 1191 3956 et
1208 3906 1265 3956 aditi
1278 3895 1413 3973 dadon.

157 3960 275 4050 ὃλιῂιος
296 3963 459 4036 noos-sciren.
495 3971 574 4022 Ceteri
598 3985 658 4021 mes.
682 3964 746 4038 περὶ
795 3983 846 4024 noo
862 3967 1014 4036 γεγένηται.
1049 3972 1102 4022 btox
1119 3973 1220 4033 Sequor.
1239 3973 1296 4034 neq.
1316 3973 1388 4024 Gobt.

159 4018 197 4085 ὦν
213 4051 248 4084 αν
266 4029 374 4102 ὁλόγος
384 4029 476 4086 αὐτῶν
486 4030 651 4106 προαᾶῐτῃ.
682 4039 744 4088 Edit
796 4039 936 4098 Fetcim.i.
955 4040 1013 4090 ott.
1031 4031 1181 4105 ἡγεμονίαν
1199 4039 1247 4089 τοῦ
1265 4035 1341 4096 tuoe,
1362 4049 1389 4092 ot

158 4104 274 4156 dommet.
299 4099 362 4176 usqi
389 4089 435 4156 oin⁴
452 4097 492 4154 ὧν
515 4099 530 4156 d
554 4097 636 4170 λόγος
653 4097 745 4155 αὐτῶν
797 4107 938 4158 etNoonios
956 4107 1021 4168 legit.
1057 4107 1118 4158 bditi
1137 4117 1161 4157 et
1178 4107 1218 4158 aiii
1237 4099 1388 4174 virtuosior

158 4163 317 4242 προπάπῃ.
553 4208 556 4214 .
797 4173 845 4224 rod
868 4167 960 4240 λόγου.
997 4174 1086 4224 ibidem
1112 4189 1172 4225 ross.
1195 4173 1277 4224 τοῦτο
1301 4175 1386 4225 νοεῖν.

189 4255 212 4303 q.
230 4242 271 4292 Sie
288 4245 388 4322 Sequar.
406 4243 464 4306 Res.
476 4241 580 4294 rateto.
591 4241 616 4294 d.
627 4251 650 4292 et
659 4241 683 4292 5.
701 4242 744 4294 sed
795 4243 876 4294 Editio
894 4241 1013 4293 Commel.
1032 4241 1130 4292 τοῦτον
1145 4243 1228 4294 νοεῖν.

157 4309 255 4371 Sequor.
272 4301 328 4358 ὗπα
365 4323 399 4358 ot.
436 4313 464 4362 tt
488 4313 545 4362 editi
568 4302 676 4378 ὑπάρχῃ
699 4303 746 4359 καὶ
830 4311 853 4362 Ιι.
870 4311 912 4361 Sie
929 4311 1029 4392 Sequor.
1048 4311 1104 4374 deq.
1124 4311 1221 4363 Gobter.
1241 4318 1264 4363 et
1281 4308 1387 4360 detoim.

157 4369 340 4444 ἅνθρωποςγ
370 4389 440 4438 none.
476 4379 568 4430 btoxSe
585 4395 608 4429 o.
624 4377 687 4428 Nede
703 4373 742 4428 τέ.
798 4379 822 4430 t.
839 4387 863 4428 et
880 4391 1025 4428 moxoonoo
1042 4373 1074 4428 δὲ
1086 4374 1177 4445 χρεία.
1206 4379 1285 4429 Ceteri
1295 4385 1319 4425 et
1329 4375 1387 4425 editi

189 4445 213 4494 b.
233 4446 331 4496 Gobier.
355 4456 379 4497 et
401 4447 507 4498 Feteitm.
526 4449 549 4497 t.
566 4394 679 4507 faradin
695 4444 746 4495 τοῦ
795 4440 841 4496 atei
857 4439 911 4514 γὰρ
929 4439 976 4496 καὶ
991 4441 1059 4512 πρὶν
1072 4442 1216 4510 γενέσθαι.
1226 4481 1232 4495 .
1242 4435 1341 4494 ..οὕτω
1357 4437 1389 4492 dt

159 4503 323 4579 ἐργάζεσθαι
345 4509 392 4564 καὶ
407 4509 616 4566 κατασκευάσαι.
650 4515 754 4566 ibidem·
792 4508 882 4580 χρεία.
916 4515 944 4565 In
961 4514 1068 4565 fetetne.
1086 4513 1110 4562 t
1130 4513 1198 4564 deest
1214 4505 1250 4562 τὰ
1266 4503 1343 4578 leym
