3176 5058
259 317 319 380 102
653 325 678 370 ι.
694 323 1085 370 ιτειαιειιιεσειεωεεονι

173 492 375 567 νειοριμναν
398 477 482 543 ’τῶν
505 472 682 559 ἐνσιλησιῶν
704 471 844 551 ἐκείνων,
868 477 997 556 πέμπει
1018 473 1073 538 καί
1096 469 1312 557 συμβουλεύει
1331 479 1405 550 τοῦς
1428 471 1493 539 αί-

257 585 343 657 τίσις
364 573 567 644 παύσασθαι
586 578 646 660 τῆς
665 574 874 654 κακοδοξίας·
903 569 948 652 ῶς
971 574 1007 640 δὲ
1030 569 1088 640 οάκ
1110 571 1289 654 ἐπαύοντο,
1319 567 1404 640 ἀλλὰ
1425 571 1493 640 καί

256 680 383 763 μᾶλλον
407 675 636 763 ἀναιδέστερον
657 670 805 762 ἠσέβουν,
827 669 1019 762 ἠναγκάσθη
1042 673 1128 759 πρὸς
1141 673 1199 762 τὴν
1215 669 1383 742 ἀναίδειαν
1398 673 1495 742 ἐκεί-

259 805 326 847 νων
352 777 481 866 γράψαι
508 776 566 864 τὴν
593 776 748 865 τοιαύτην
770 774 949 862 ἐπιστολὴν
970 779 1024 842 καὶ
1046 775 1088 842 τὰ
1110 771 1311 862 ἀνθρώπινα
1332 779 1391 842 τοῦ
1414 799 1493 843 σω-

259 883 358 967 τῆρος
384 879 419 948 ἐκ
445 883 511 947 τῶν
539 874 733 966 εὐαγγελίων
759 883 1001 964 παραθέσθαι,
1031 871 1071 945 ἵν’
1097 877 1212 965 ἐπειδὴ
1241 875 1493 964 τολμηρότερον

260 979 380 1049 ἐκείνοι
399 979 457 1048 τόν
478 981 548 1048 υίὸν
570 976 726 1067 ἠρνοῦντο
748 982 802 1048 καὶ
824 975 1090 1070 τάιάνθρώπινα
1111 973 1211 1045 αὐτοῦ
1225 982 1273 1065 τῷ
1289 980 1390 1064 πατρί
1406 973 1493 1046 ἀνε-

258 1085 407 1164 τίθεσαν,
430 1079 556 1162 11ούτως
576 1071 674 1162 ούτος
695 1081 813 1161 δείξας,
838 1076 891 1146 ότι
913 1075 970 1164 σύχ
992 1075 1009 1146 6
1032 1079 1141 1166 πατὴρ
1164 1074 1232 1146 ἀλλ’
1258 1075 1276 1146 6
1298 1078 1369 1158 υίύς
1390 1079 1490 1146 ἐστιν

261 1181 279 1250 6
300 1183 471 1270 γενόμενος
490 1179 575 1269 ύπέρ
597 1178 690 1271 ἡμῶν
712 1179 910 1268 ἅνθρωπος,
941 1187 1041 1268 πείσῃ
1064 1181 1141 1260 τούς
1163 1175 1308 1265 ἀμαθεῖς
1328 1179 1373 1267 μὴ
1396 1175 1490 1249 είναι

175 1285 318 1357 ναστὸν
345 1291 475 1371 πατέρα
502 1283 589 1365 υίόν,
616 1286 671 1350 καί
694 1279 799 1362 ούτως
821 1280 941 1349 λοιπὸν
963 1278 1030 1350 κατ’
1056 1276 1167 1368 ὀλίγον
1191 1281 1333 1361 ἐκείνους
1355 1281 1402 1361 είς
1422 1281 1490 1368 τὴν

260 1381 421 1476 ἀληθινὴν
453 1381 597 1473 ἀναγάγη
626 1383 774 1472 θεότητα
802 1388 860 1450 τοῦ
883 1384 974 1450 4ὐίοδ
1004 1387 1058 1450 καί
1088 1382 1146 1470 τὴν
1174 1387 1296 1470 γνῶσιν
1322 1383 1381 1470 τὴν
1403 1387 1486 1470 περί

257 1492 317 1556 τού
338 1487 474 1575 πατρός.
520 1483 601 1570 αύτη
623 1489 682 1571 τῆς
703 1484 882 1573 ἐπιστολῆς
902 1480 922 1573 ἦ
945 1480 1122 1564 ύπόθεσις,
1144 1487 1199 1551 καί
1215 1482 1272 1552 διὰ
1285 1483 1406 1572 ταύτην
1423 1483 1486 1574 τήν

259 1589 368 1657 αέτίαν
391 1587 496 1667 ούτως
518 1589 643 1674 ἔγραψε
662 1588 716 1654 καί
739 1581 846 1666 αύτός,
871 1585 928 1653 διὰ
948 1587 1025 1666 τούς
1040 1582 1145 1666 οὕτως
1165 1581 1407 1669 ἇάναισχύντως
1421 1593 1488 1655 θε·

260 1691 423 1779 λήσαντας
443 1693 649 1775 μεταθεῖναι
662 1688 723 1777 τὴν
741 1691 800 1776 τῆς
821 1685 984 1775 ἀληθείας
1005 1694 1129 1755 πίστιν.

346 1798 375 1860 6.
422 1797 465 1862 Τί
484 1798 595 1857 τοίνυν
618 1786 734 1874 ὅμοιον
755 1786 775 1875 ἡ
793 1784 925 1876 Ἀρείυυ
949 1790 1075 1876 αἵρεσις
1096 1792 1150 1857 καί
1171 1785 1386 1876 ἡΔισνυσίου
1408 1789 1486 1858 διά-

262 1913 354 1974 νοια,·
387 1885 409 1978 ἢ
436 1888 527 1958 διατί
548 1889 727 1970 Διονύσιος
747 1885 962 1974 ’ὦς’Ἀρειος
992 1887 1201 1975 ὀνομάζεται,
1232 1891 1357 1976 πολλῆς
1383 1889 1486 1981 ούσης

262 1987 371 2061 αύτῶν
398 1996 457 2082 τῆς
484 1993 668 2081 διαφοράςς
702 1987 719 2057 6
747 1994 807 2076 μὲν
835 1990 896 2078 γὰρ
917 1995 976 2080 τῆς
997 1993 1177 2078 καθολικῆς
1199 1991 1367 2078 ἐκκλησίας
1389 1993 1486 2060 διδά-

262 2093 382 2174 σκαλός
403 2094 509 2175 ἐστιν,
534 2090 551 2161 6
575 2095 610 2162 δέ
631 2096 744 2180 καινῆς
765 2093 923 2179 αἱρέσεως
944 2091 1120 2182 ἐφευρετὴς
1141 2099 1259 2178 γέγονε.
1304 2095 1358 2160 καί
1382 2090 1400 2159 6
1421 2097 1482 2180 μὲν

252 2195 387 2284 ’Ἀρεισς
415 2198 473 2284 τὴν
502 2196 589 2263 ἰδίαν
617 2195 810 2274 κακοδοξίαν
833 2194 1044 2278 ἐκτιθέμενος
1067 2195 1190 2281 ἔγραψε
1211 2196 1373 2263 ’Θαλείαν
1397 2195 1481 2264 ἐκτε-

259 2302 460 2388 θηλυμένσις
480 2300 534 2366 καί
556 2299 698 2384 γελοίοις
719 2293 829 2382 ἤθεσι,
852 2295 936 2362 κατὰ
956 2296 1014 2363 τόν
1034 2295 1225 2382 Αίγύπτιον
1245 2297 1434 2386 ΙΣωτάδην,
1458 2292 1477 2362 6

261 2403 296 2468 δέ
318 2399 496 2480 Διονύσιος
524 2401 649 2487 ἔγραψε
675 2399 735 2484 μέν
763 2400 817 2464 καί
847 2395 950 2477 ἀλλος
972 2397 1165 2478 ἐπιστολάς,
1196 2392 1422 2486 ἀπελογήσατο
1444 2397 1479 2465 δὲ

259 2503 314 2568 καί
337 2501 416 2588 περί
438 2491 483 2566 ῶν
505 2497 713 2586 ὑπωπτεύθη
721 2549 730 2579 ,
760 2502 814 2565 καί
844 2498 948 2588 ἐφάνη
972 2502 1104 2587 φρονῶν
1128 2494 1248 2585 ὀρθῶς.
1294 2499 1323 2566 εί
1343 2501 1405 2583 μέν
1424 2489 1484 2567 σύν

262 2601 393 2667 ἐναντία
416 2599 521 2684 ἑαυτῷ
543 2599 671 2686 γράφει,
693 2598 738 2686 μὴ
762 2599 944 2667 έλκέτωσαν
967 2595 1068 2668 αὐτὸν
1089 2599 1175 2688 πρὸς
1198 2599 1340 2678 ἑαυτούς,
1365 2597 1404 2665 οὗ
1418 2601 1481 2688 γάρ

263 2695 459 2780 ἀξιόπιστος
479 2699 563 2766 κατὰ
582 2705 691 2767 τοῦτο.
736 2699 765 2767 εί
787 2702 823 2767 δέ
844 2699 977 2786 γράψας
998 2701 1055 2788 τὴν
1078 2701 1164 2788 πρὸς
1185 2698 1387 2784 ιἈμμώνιον
1403 2699 1483 2766 ἐπι-

263 2799 381 2886 στολὴν
403 2796 611 2888 ὑπωπτεύθη
633 2803 686 2866 καί
710 2795 939 2888 ἀπελογήσατο
961 2802 1160 2890 θεραπεύων
1181 2802 1224 2870 τά
1244 2803 1367 2886 πρῶτα,
1391 2794 1485 2868 ἀπσ-

262 2901 483 2988 λογησάμενός
503 2925 540 2969 τε
561 2897 599 2967 οὗ
621 2903 879 2989 μεταβέβληται,
903 2903 1001 2989 δῆλον
1025 2898 1065 2972 ἀν
1088 2905 1154 2992 ε’ίη,
1185 2900 1239 2994 ὅτι
1258 2905 1311 2971 καὶ
1332 2899 1374 2969 τὰ
1395 2896 1483 2970 ὑπο-

261 3009 450 3071 πτευθέντα
470 3001 537 3071 κατ’
562 3003 751 3089 οίκονομίαν
774 3005 933 3091 ἔγραψεν·
956 3001 995 3071 ού
1019 3006 1070 3074 δεῖ
1092 3007 1128 3073 δὲ
1150 3005 1194 3074 τὰ
1208 3000 1275 3072 κατ’
1294 3004 1480 3088 οίκονσμίαν

260 3103 451 3192 γραφόμενα
478 3109 532 3172 καί
560 3104 715 3194 γινόμενα
736 3109 841 3172 ταῦτα
862 3103 1078 3193 κακοτρόπως
1102 3107 1260 3190 δέχεσθαι
1279 3108 1334 3173 καί
1356 3103 1404 3184 είς
1423 3103 1483 3192 τὴν

261 3205 349 3272 ἰδίαν
369 3207 487 3274 ἱέλκειν
516 3207 659 3289 ἕκαστονΙ
679 3207 847 3294 βούλησιν.
891 3213 944 3274 καί
967 3207 1028 3293 γὰρ
1050 3211 1104 3276 καί
1128 3207 1239 3293 ίατρὸς
1261 3205 1422 3285 πολλάκις
1440 3208 1481 3271 τά

262 3305 420 3372 δοκοῦντά
440 3330 510 3372 τισι
531 3307 576 3392 μὴ
599 3303 684 3372 εἶναι
705 3305 892 3392 κατάλληλα
913 3311 1018 3375 ταῦτα
1039 3320 1112 3388 τοῖς
1133 3305 1364 3394 ἀποκειμένοις
1384 3305 1482 3394 τραύ-

261 3427 372 3486 μασιν,
396 3401 441 3482 ῶς
463 3399 551 3470 οίδεν
573 3399 681 3483 αύτάς,
703 3403 930 3491 Ῐιἐπιτίθησιν,
955 3403 1051 3476 οάδίν
1073 3411 1183 3496 ἕτερον
1205 3403 1327 3498 ἢπρὸς
1340 3408 1399 3494 τὴν
1413 3404 1479 3494 ὑγι-

263 3509 333 3569 είαν
356 3504 437 3586 ίχων
457 3502 515 3568 τὸν
538 3501 679 3570 σκοπόν·
700 3507 753 3570 καί
777 3504 976 3575 διδασκάλου
1000 3510 1035 3578 δέ
1058 3519 1220 3599 φρονίμου
1235 3509 1361 3596 τρόπος
1376 3498 1477 3587 οὗτος,

263 3595 349 3688 πρὸς
375 3600 417 3669 τὰ
437 3605 504 3669 τῶν
526 3603 769 3687 διδασκομένων
791 3604 859 3694 ἤθη
883 3608 1105 3679 διατίθεσθαι
1126 3616 1180 3680 καί
1202 3614 1329 3692 λαλεῖν,
1358 3611 1420 3689 έως
1441 3603 1480 3676 ἀν

263 3697 380 3783 αύτούς
401 3703 449 3782 είς
469 3703 527 3792 τὴν
549 3701 627 3772 ὁδὸν
648 3709 706 3794 τῆς
726 3706 930 3796 τελειότητος
951 3711 1126 3800 μεταγάγη.

347 3811 375 3873 7.
417 3804 462 3876 Εἰ
484 3805 520 3874 δέ
542 3801 594 3874 ότι
614 3805 716 3890 μόνον
738 3807 880 3897 ἔγραψεν
908 3809 1029 3892 ιοὕτως
1051 3807 1069 3878 6
1090 3819 1286 3902 μακαρίτης,
1310 3811 1481 3882 αἰτιῶνται

295 4009 316 4044 ε.
335 3995 432 4045 Tauria.
450 3993 518 4046 colb.
544 3971 648 4047 lessFr.
662 3999 679 4047 1.
699 4007 722 4048 ει
740 3987 853 4050 felchi
895 3997 945 4048 τοῦ
968 3993 1044 4056 υίοῦ,
1071 4009 1169 4065 praeter
1191 4000 1215 4050 θ.
1234 4015 1321 4060 auom,
1346 3999 1386 4064 qni
1412 3997 1480 4048 habet

261 4059 285 4112 3.
304 4076 375 4112 ιαοο.
393 4063 440 4110 καί
456 4060 544 4114 habent
561 4073 616 4114 εαιε
627 4063 683 4112 τῶν
691 4058 844 4125 ἐκκλησιῶν.
895 4065 945 4116 τσῦ
961 4061 1054 4134 λόγον.

261 4129 326 4180 ίοίτι
351 4129 448 4179 'ruerint
472 4130 540 4180 Colb.
570 4133 617 4182 les.
646 4124 713 4182 ἀλλά
740 4129 845 4200 μᾶλλον
929 4135 953 4184 d.
972 4136 1069 4186 Taurin.
1090 4143 1113 4185 ει
1130 4133 1177 4184 ίαν.
1196 4123 1402 4199 ἀναισχύντους.

261 4195 354 4248 omisso
378 4197 429 4246 καί.
471 4197 561 4248 Ibidem
589 4199 694 4251 δείελον.
719 4199 744 4252 ³.
772 4214 844 4251 εοαο.
930 4215 951 4250 ε.
973 4201 1050 4252 Felck.
1071 4200 1093 4251 ³.
1113 4215 1186 4251 ιουο.
1205 4193 1243 4254 οδε
1261 4191 1478 4266 ἀρειανόσνομί-
1559 4187 1560 4251 ί

261 4253 457 4328 ἀναιδέστερον
473 4258 651 4322 διετέθεισαν,
671 4259 841 4332 ἠναγκάσθη.
895 4263 976 4323 ζεται.
1003 4267 1062 4319 Mox.
1079 4267 1178 4319 Τιατίο.
1197 4275 1221 4318 ιι
1239 4270 1286 4319 ίιε.
1305 4259 1387 4326 οὔσης
1398 4255 1477 4329 αύτῷ.

292 4363 318 4412 b.
335 4353 422 4417 οὕτως
438 4365 506 4417 διατι
528 4367 552 4416 in
571 4366 676 4417 Felckm.
694 4365 719 4416 3.
737 4381 809 4416 σασα.
895 4333 965 4451 gfff}
978 4347 1032 4452 Ἐξ,
1047 4327 1149 4385 ‘'W‘'
1174 4329 1347 4391 ‘mmm'
1383 4331 1480 4384 ΝΜ

293 4477 314 4511 e.
338 4463 435 4514 Τισείσ.
461 4465 531 4515 colb.
556 4465 602 4514 les.
632 4461 682 4512 τοῦ
710 4463 842 4531 Χριστοῦ.
928 4469 945 4518 ί.
963 4469 1019 4530 Βες.
1046 4477 1069 4519 ει
1093 4465 1482 4531 εσίι.σοααι1.ιυαηυῑοσε-

259 4527 316 4592 neg.
334 4545 388 4582 eum
407 4531 478 4581 editis
496 4539 520 4580 ει
538 4531 692 4582 ίείιλσιιασί
721 4533 843 4583 codicibus
894 4534 949 4584 διιυ
974 4535 1127 4586 Felckmnnni
1155 4530 1264 4584 θαλίαν.
1293 4535 1338 4586 ΔΙίί
1356 4527 1481 4584 anuto.
