3216 5048
576 311 684 358 enarro
699 312 720 356 a.
736 313 851 358 noerae
864 313 1001 359 sensas.
1333 303 1394 366 27¹

167 485 228 528 nan
249 464 369 546 quidem
391 459 595 541 magnitudine
617 463 741 542 quadam
762 471 814 526 ant
834 471 978 546 tempore,
1000 463 1053 528 sed
1076 466 1144 547 qnia
1167 486 1205 531 ex
1226 465 1293 548 ipso
1308 467 1481 532 Patrensis

166 567 306 648 gignitur.
357 563 438 638 Quin
467 561 556 624 etiem
584 580 653 624 eum
681 563 767 627 dixit:
799 570 900 629 notar
928 578 988 639 eet,
1023 577 1146 632 naturae
1180 570 1396 651 proprietatem

166 667 307 732 amada

254 871 306 934 59.
348 865 388 926 Et
407 881 479 926 raro
500 865 567 944 ipse
586 864 766 944 Apostolus,
799 883 863 927 non
890 875 923 928 ut
943 867 1032 930 Verbi
1060 879 1192 934 murram
1214 893 1282 938 uim
1303 875 1395 938 rebus
1487 923 1500 946 .

169 970 256 1034 laede
277 965 466 1048 potissimum
481 975 677 1046 compararet,
699 965 787 1028 dixit:
812 965 907 1030 Tanto
919 975 1132 1048 praestantior
1145 973 1246 1050 [artes
1260 977 1394 1058 Angelis.

170 1070 303 1148 Namque
324 1066 412 1130 simol
433 1066 597 1146 comparari
619 1085 681 1128 non
702 1074 823 1147 queam,
847 1085 913 1130 cum
936 1068 998 1130 sint
1019 1069 1097 1130 inter
1111 1089 1146 1130 se
1160 1071 1302 1140 diuersae.
1335 1079 1396 1141 Sed

169 1172 207 1235 ad
228 1187 405 1250 corporeum
427 1167 516 1258 Verbi
537 1168 695 1230 adrentum
717 1176 748 1230 et
767 1167 805 1230 ad
827 1168 1079 1248 dispensationem
1098 1171 1163 1234 aas
1178 1177 1332 1238 abandons
1347 1181 1395 1242 in-

168 1273 268 1336 diaare
290 1271 400 1344 validi,
428 1269 528 1350 ipsum
550 1267 692 1342 aliorum,
715 1269 766 1349 qui
788 1277 1026 1344 intemeratam,
1056 1271 1154 1334 simile
1175 1291 1236 1336 nan
1258 1293 1345 1350 esse,
1365 1289 1400 1342 at

168 1383 314 1456 quantum
333 1375 440 1434 naturl
460 1369 498 1432 ab
519 1370 569 1444 iis,
592 1388 668 1450 quos
688 1377 775 1432 antea
796 1370 930 1446 miserat,
953 1371 1063 1448 dibeat,
1086 1381 1167 1436 uoto
1183 1375 1272 1438 etiam
1293 1376 1400 1458 longe-

168 1493 228 1556 que
248 1473 449 1556 praestantior
470 1489 537 1534 esse
559 1470 772 1551 intelligeretur
793 1465 905 1552 gratia‘,
929 1491 1006 1553 quae
1027 1473 1064 1536 ab
1086 1475 1153 1554 ipso
1175 1485 1206 1540 et
1226 1496 1281 1557 per
1303 1477 1401 1556 ipsam

168 1575 266 1650 deur,
289 1593 376 1656 quam
397 1571 578 1653 Angelorum
599 1571 828 1636 administratio.
865 1573 1017 1654 Siquidem
1034 1593 1188 1640 semanim
1205 1585 1269 1640 erat
1288 1579 1401 1642 iromus

167 1677 309 1740 demunt
335 1693 514 1756 reposcere,
548 1681 579 1736 at
599 1672 666 1736 Filii
694 1683 725 1736 et
747 1673 866 1738 Domini
896 1683 961 1738 erat
988 1675 1087 1739 debita
1114 1677 1226 1742 donare
1253 1689 1283 1741 et
1309 1679 1401 1744 ritem

167 1779 339 1842 barsierre.
382 1775 467 1839 Unde
489 1795 540 1850 ea,
563 1793 639 1856 qaae
661 1774 782 1840 subiicit
800 1776 979 1858 Apostolus,
1009 1778 1220 1855 differentiam,
1249 1799 1325 1861 quae
1345 1781 1397 1844 bl-

167 1880 241 1943 tiam
269 1880 348 1940 inter
376 1885 406 1940 et
426 1897 476 1940 res
498 1878 590 1940 lautas
612 1876 785 1952 intersedit,
818 1877 1033 1942 demonstrant.
1077 1879 1261 1964 Prnpterea,
1289 1883 1395 1963 inquit.

172 1990 291 2062 eportet
311 1998 369 2043 nae
383 1984 511 2044 mine
524 1980 679 2044 attmdere
701 1981 741 2042 ad
761 1999 807 2053 eo,
830 1999 905 2061 guae
926 1982 1107 2056 audivisses,
1129 2003 1168 2048 ne
1183 1985 1267 2064 [orte
1281 1985 1398 2066 estlea-

168 2101 247 2146 mr.
290 2081 329 2146 Si
348 2087 423 2146 eaba
445 2085 499 2164 gui
515 2099 573 2162 per
594 2081 723 2161 Angelos
746 2083 843 2145 diates
866 2093 912 2144 est
931 2101 1049 2160 emma,
1078 2083 1180 2162 [aem
1209 2097 1255 2148 ert
1275 2085 1396 2164 linear,

168 2195 197 2248 et
217 2187 313 2248 orinia
331 2187 561 2264 praevaricatio
584 2193 614 2246 et
633 2183 834 2246 notedieaa'a
857 2187 971 2264 aceepit
997 2187 1109 2246 instari
1135 2183 1280 2246 mercedis
1302 2190 1399 2248 retri-

168 2286 337 2362 bationem,
359 2285 506 2366 paonodo
527 2301 585 2346 noe
608 2285 804 2364 effugiemus,
825 2287 856 2346 ei
876 2293 993 2346 tantam
1013 2283 1234 2364 aepleaerr'mes
1257 2284 1398 2354 salutern,

161 2385 242 2470 ‘qaae
265 2405 333 2448 aum
354 2389 473 2447 meten
487 2387 650 2463 asspirare
665 2388 814 2446 enarrari
828 2402 889 2464 per
905 2383 1076 2456 Baranam,
1099 2384 1136 2446 ab
1153 2387 1204 2456 eir,
1227 2389 1280 2466 poi
1292 2385 1399 2448 audie-

167 2497 262 2558 runt,
289 2490 324 2548 ia
349 2503 405 2546 reos
438 2485 619 2564 eeafirneeta
647 2493 703 2548 eat.
747 2483 834 2558 Quod
868 2484 895 2546 si
917 2483 1009 2547 Filius
1038 2491 1122 2546 esset
1149 2484 1278 2550 erebus
1300 2484 1397 2560 laetis,

169 2605 233 2650 non
254 2585 314 2648 illis
336 2603 408 2648 sane
431 2594 512 2647 esset
533 2585 748 2664 praestantior,
771 2569 867 2667 neque
888 2586 995 2648 maiori
1016 2586 1161 2668 supplicio
1183 2595 1308 2670 propter
1330 2607 1399 2652 eum

167 2689 328 2770 puniretur
348 2685 558 2748 inobedientia.
601 2685 663 2750 Neo
688 2688 766 2750 enim
795 2689 827 2751 in
854 2688 1109 2752 administratione
1135 2690 1315 2770 Angelorum
1341 2707 1398 2770 pm

169 2787 296 2868 singulis
319 2787 436 2850 illorum
458 2786 553 2848 maius
575 2787 620 2849 rel
641 2789 740 2850 minas
762 2797 826 2850 erat
848 2787 876 2850 in
899 2789 965 2864 bis,
997 2789 1047 2870 qui
1069 2791 1245 2872 pensabant,
1274 2791 1329 2854 sed
1351 2790 1398 2852 lex

169 2898 235 2952 erat
255 2907 314 2952 una
336 2907 452 2968 unaque
474 2886 503 2948 in
526 2896 681 2968 peooantes
703 2889 932 2950 animadversio.
976 2890 1052 2962 Quia
1079 2909 1151 2954 vero
1178 2891 1306 2954 Verbum
1333 2909 1397 2952 naa

170 2999 217 3054 est
240 3009 257 3052 e
278 2989 369 3052 rebus
391 2989 485 3064 laetis,
507 2991 561 3050 sed
583 2997 631 3050 est
650 2987 728 3052 tilios
749 2988 855 3062 Patris,
878 2989 986 3050 ideireo
1002 2998 1113 3068 quanto
1128 2991 1328 3069 praestantior
1343 2997 1399 3060 est,

171 3100 202 3154 et
224 3109 274 3166 aa,
297 3107 423 3170 quoram
445 3097 549 3153 auotor
568 3089 635 3171 ipse
658 3096 723 3167 est,
745 3089 960 3170 praestantiora
982 3097 1053 3152 sunt
1074 3097 1104 3152 el
1125 3089 1163 3152 ab
1185 3089 1251 3151 aliis
1273 3091 1400 3158 diversa,

170 3199 253 3255 unte
276 3193 364 3256 etiam
386 3190 505 3272 grarim
528 3210 597 3255 esse
619 3190 708 3254 debet
728 3188 917 3272 supplicium.
962 3189 1063 3270 ltaque
1091 3190 1187 3252 domm
1215 3209 1270 3271 per
1291 3189 1399 3254 Filiam

169 3293 361 3358 considerent
381 3295 519 3374 matiam,
552 3313 681 3375 eumque
708 3291 744 3356 'ex
771 3293 836 3356 suis
865 3291 1006 3373 operibus
1035 3301 1198 3373 agnoscant
1220 3312 1289 3357 rere
1311 3293 1401 3358 alium

170 3395 386 3458 munerebus
408 3396 510 3470 laetis,
540 3395 697 3477 solamque
723 3395 807 3458 ilium
836 3413 937 3458 verum
958 3395 1065 3458 Filiam
1094 3397 1126 3458 in
1152 3395 1239 3460 Patre
1268 3415 1338 3460 esse
1370 3405 1401 3460 et

169 3495 287 3558 Patrem
308 3497 338 3560 in
360 3497 437 3577 ipsa.
482 3495 603 3560 Disoant
623 3497 718 3578 legem
740 3497 777 3560 ab
791 3497 911 3578 Angelis
932 3497 1148 3578 promulgatam
1170 3517 1250 3574 esse,
1272 3499 1327 3562 sed
1341 3517 1397 3562 ne-

170 3595 280 3660 minem
301 3599 468 3662 reddidisse
490 3600 663 3679 perfeetum,
686 3587 802 3682 quippe'
819 3617 904 3680 quae,
927 3609 961 3662 ut
981 3601 1069 3663 donet
1089 3600 1208 3676 Paulas,
1231 3601 1320 3666 Verbi
1342 3603 1396 3666 ad-

170 3851 268 3913 Segner.
287 3843 312 3900 ei
329 3850 385 3900 aar
400 3849 525 3917 γενητῶν
543 3843 677 3913 bulbeis,
698 3847 760 3904 adae
811 3845 883 3936 apic.
904 3847 995 3903 deirae
1010 3853 1102 3905 τοῦτο.
1138 3855 1217 3906 Ceteri
1236 3863 1260 3904 et
1272 3855 1328 3906 editi
1341 3845 1395 3904 ἀλλ’

170 3914 308 3984 κρείττων.
344 3920 443 3972 Gebler.
470 3927 494 3970 et
516 3920 621 3970 feletem.
642 3923 664 3970 t.
688 3913 713 3970 al
729 3914 760 3972 dl
810 3915 1009 3976 arietantes
1026 3917 1140 3990 πατρός,
1159 3917 1206 3970 daie
1224 3920 1313 3970 raiae.

170 3984 227 4034 sair
242 3987 366 4052 γενητῶν
383 3980 398 4036 d
416 3979 475 4042 υἱός
493 3972 535 4047 ἦν,
555 3979 586 4037 ar’r
603 3983 743 4056 κρείττων.
845 3991 927 4040 bSie
943 3991 1044 4052 Segaer.
1079 3993 1108 4040 At
1131 3990 1170 4040 alii
1198 3997 1222 4039 et
1240 3991 1296 4040 editi
1315 4001 1399 4055 reprio-

204 4056 228 4105 b.
246 4057 347 4118 Segner.
371 4047 435 4107 edre
451 4047 483 4106 ir
498 4053 542 4134 eg.
576 4055 633 4118 seg.
650 4047 714 4106 alat
730 4049 762 4105 ἕν
831 4051 860 4106 ia
877 4047 912 4104 ἂν
927 4053 1044 4122 γένοιτο.
1081 4057 1155 4108 Panto
1174 4049 1400 4122 posiaegeemtr

171 4119 211 4188 τῇ.
245 4123 320 4175 basil.
344 4131 369 4174 et
390 4125 482 4188 daglie.
499 4117 581 4174 audiv
598 4121 639 4206 νῇ.
674 4123 718 4175 Alii
736 4132 761 4176 et
783 4070 859 4175 -seet
881 4123 930 4173 τοῦ
955 4115 1017 4173 nlar'r
1037 4116 1131 4189 χάριν.
1166 4125 1227 4174 Editi
1247 4123 1329 4173 etalii
1349 4117 1399 4180 τὴν

171 4191 228 4240 editi
247 4181 310 4240 οὐδὲ
329 4189 369 4258 τῇ.
405 4193 458 4242 bles
476 4192 575 4254 Segoer.
594 4204 656 4243 aare
669 4183 725 4257 γάρ
738 4199 762 4242 st
812 4185 858 4242 ree
883 4190 931 4240 rai
951 4189 1069 4258 χριστοῦ
1111 4184 1181 4257 aper.
1220 4191 1281 4240 ibid.
1301 4188 1399 4240 Gobler.

169 4257 243 4321 paolo
267 4267 324 4322 past
348 4253 413 4318 ἐνῆν
430 4253 462 4308 τὸ
480 4255 651 4310 eadiraarar
668 4250 760 4310 αὐτῶν
811 4268 835 4310 et
853 4259 958 4310 Felekm.
978 4259 1000 4309 1.
1018 4253 1065 4308 real
1095 4253 1279 4324 πιγνῶτωσαν
1296 4249 1325 4306 ἐκ
1342 4252 1401 4302 τῶν

169 4323 263 4390 μεῖζον
279 4319 326 4374 rai
342 4321 374 4376 ri
391 4319 512 4378 ἔλαττον.
810 4319 909 4394 ἔργων.
1371 4385 1374 4394 Ι

204 4394 219 4444 i.
237 4395 338 4456 Segaer.
357 4395 455 4448 Gabler.
474 4405 498 4447 et
515 4397 619 4448 Fatalem.
632 4398 654 4448 1.
672 4409 760 4464 napa·
845 4395 861 4444 Ι.
880 4393 979 4470 Segaer.
1005 4393 1103 4446 Gobler.
1121 4400 1144 4443 et
1161 4389 1265 4440 Fatalem.
1286 4390 1310 4466 t.
1328 4393 1401 4434 amn·

169 4453 331 4522 βαινόντων.
368 4463 414 4514 Alii
432 4471 457 4514 et
471 4456 760 4532 odilinapaaeaadraur.
812 4469 865 4512 tant
881 4453 946 4514 alar.
981 4461 1057 4512 Panlo
1081 4467 1137 4522 past
1160 4459 1260 4518 sagien
1283 4445 1402 4516 aripert·

170 4527 246 4578 t’aata
264 4537 321 4594 pest
337 4529 478 4593 Segaerieo.
496 4521 549 4580 itt*
569 4523 628 4586 atie
646 4529 694 4579 rai
710 4541 761 4577 rra·
813 4517 845 4576 δι’
866 4517 998 4591 ἀγγέλων.
