3176 5058
249 235 308 301 130
639 247 666 291 ε.
681 215 1076 292 ιταιιαειιιιιααὲειεαουι

160 421 229 474 ι’,τιο
245 394 346 466 αότοῦ
368 393 589 485 πρυχιόμενος
611 387 630 459 5
652 393 723 473 υίὸς
744 387 1005 481 άναγίγραπται·
1027 389 1196 481 ἀπόρρυτα
1209 394 1271 481 γὰρ
1286 397 1344 464 νοῦ
1360 395 1465 482 λόγος,

243 503 298 568 καλ
327 495 372 578 τός
400 493 452 565 ἐπ’
477 490 670 582 άνθρώπων
690 495 817 562 ἐἰπεῖν
844 489 915 562 άπὸ
935 497 1072 582 καρδίας
1094 495 1152 563 διά
1172 496 1337 581 στόματος
1359 497 1433 581 δξοχ
1449 539 1467 549 -

243 602 383 680 τεάεται,
406 599 516 684 ἕτερος
536 595 709 683 γενόμενος
730 600 789 662 τοῦ
812 596 847 663 ἐν
867 598 985 683 καρδίᾳ
1000 595 1108 682 λόγου,
1133 592 1220 664 όδιά
1229 596 1379 684 γλώσσης
1389 601 1467 678 νοῦς
1575 669 1576 684 ,

244 701 438 788 προπηδῶν.
462 695 500 764 ’ό
522 697 664 784 μὲνγὰρ
686 697 793 782 ἔμεινε
814 704 1021 784 προπέμψας
1041 697 1098 766 καὶ
1119 697 1208 766 ἔστιν
1231 693 1303 777 οἶος
1322 687 1371 785 ἦν,
1395 693 1467 766 δδὲ
1575 709 1576 768 1

246 804 363 890 ἐξέπτη
386 802 626 889 προπεμφθείς
646 801 700 867 καλ
723 804 858 886 φέρεται
880 804 1060 882 πανταχοῦ,
1082 803 1137 868 καί
1159 795 1265 877 οῦτως
1286 799 1376 868 ίστλν
1391 800 1467 868 ἑκά-

244 928 338 991 τερος
359 903 393 972 όν
415 902 564 988 ἑκατέρῳ,
598 901 708 986 ἕτερος
730 895 776 966 ὢν
797 904 961 986 θατέρου,
993 903 1046 967 καί
1076 901 1110 967 ἓν
1141 899 1240 979 εἰσιν,
1275 897 1367 980 ὄντες
1394 900 1463 970 δότ.
1575 937 1576 964 τ

245 1001 331 1073 οῦτοι
352 1004 412 1091 γάρ
435 1005 506 1069 Ι’καὶ
530 997 548 1068 5
570 1000 680 1088 πατὴρ
702 1003 755 1068 καί
779 996 797 1066 5
819 998 891 1080 υίὸς
913 1003 947 1068 ἓν
969 1003 1022 1067 καὶ
1045 999 1079 1068 ἐν
1102 995 1258 1086 ἀλλήλοις
1279 1000 1463 1093 ἐλέχθησαν
1575 1043 1576 1046 =

244 1101 336 1175 εἶναι.
381 1104 415 1172 όν
438 1105 473 1170 δὲ
495 1107 543 1190 τῷ
564 1101 710 1188 τετάρτῳ
730 1103 851 1188 βιβλίῳ
874 1098 980 1182 οὕτως
1001 1103 1102 1188 λέγει·
1126 1097 1171 1180 ιῦς
1192 1099 1253 1187 γάρ
1276 1097 1464 1190 όὴμέτερος

242 1211 318 1286 νοῦς
339 1205 504 1292 δρεῦγεται
524 1205 584 1290 μὲν
607 1197 663 1291 ἀφ’
687 1202 805 1270 ἑαυτοῦ
827 1201 884 1268 τόν
906 1200 1019 1287 λόγον,
1049 1197 1095 1281 ὥς
1117 1197 1210 1270 εἶπεν
1232 1198 1251 1268 5
1272 1202 1462 1291 προφήτης·

241 1307 432 1396 όξηρεάξατο
460 1301 480 1395 ἦ
509 1307 629 1391 καρδία
648 1327 712 1390 μου
735 1302 832 1390 λόγον
855 1296 1031 1387 άγαθόν“),
1060 1307 1115 1370 καὶ
1137 1303 1210 1371 ἔστι
1231 1305 1291 1388 μὲν
1312 1303 1463 1392 ἑκάτερος

241 1411 350 1494 ἕτερος
370 1414 528 1494 θατέρου,
550 1406 638 1474 ἰ’διον
660 1407 713 1471 ναί
734 1405 794 1471 τοῦ
809 1404 931 1472 λοιποῦ
946 1411 1183 1491 κεκαρωμένον
1199 1405 1332 1492 εἰληχὼς
1347 1405 1461 1488 τόπον,

240 1507 259 1576 5
280 1512 340 1595 μὲν
363 1509 397 1576 ἐν
413 1511 458 1595 τῇ
480 1508 614 1593 καρδίᾳ,
645 1501 665 1570 5
687 1506 723 1572 δὲ
746 1504 803 1573 &m
825 1507 883 1592 τῆς
904 1504 1050 1593 γλώττης
1069 1509 1125 1573 καὶ
1145 1509 1205 1573 τοῦ
1228 1505 1392 1591 στόματος
1413 1507 1463 1574 οἱ·

181 1641 184 1656 ·
239 1615 305 1677 κῶν
326 1611 438 1676 τεκαὶ
460 1607 668 1692 κινούμενος·
691 1600 729 1672 αὖ
751 1604 816 1693 μὴν
838 1605 1055 1693 διεστήκασιν,
1080 1601 1157 1674 οῦδὲ
1177 1607 1341 1688 καθάπαξ
1362 1603 1461 1696 άλλη-

240 1713 307 1777 λων
339 1714 538 1796 οστίρονται,
562 1702 639 1774 οῦδέ
661 1707 750 1774 ἐστιν
771 1704 848 1773 τότε
871 1703 888 1772 5
911 1710 988 1785 νοῦς
1009 1705 1128 1793 ἄλογος
1149 1705 1225 1774 οῦτε
1246 1705 1345 1787 ἄνους
1367 1703 1385 1774 5
1406 1709 1463 1774 λό-

239 1833 305 1897 γος,
329 1806 398 1876 ἀλλ’
423 1806 480 1895 όγε
501 1803 578 1888 νοῦς
598 1818 693 1875 ποιεί
713 1807 771 1874 τὸν
793 1807 890 1892 λόγον
913 1807 947 1876 ἐν
969 1802 1078 1896 ἆαῦτηῦ
1101 1815 1226 1897 φανείς,
1249 1809 1305 1876 καὶ
1327 1807 1344 1877 5
1367 1809 1462 1896 λόγος

241 1913 385 1980 δείκνυσι
405 1910 462 1978 τὸν
484 1913 559 1977 νοῦν
581 1909 615 1976 ἐν
636 1903 725 1996 αῦτηῦ
748 1908 934 1994 γενόμενος,
964 1907 1021 1976 καὶ
1054 1905 1073 1974 5
1093 1912 1154 1995 μὲν
1176 1913 1252 1988 νοῦς
1274 1909 1363 1978 ἐστιν
1390 1905 1461 1978 οἷον

239 2011 336 2099 λόγος
368 2011 563 2100 ἐγκείμενος,
597 2007 634 2076 ⁶5
662 2011 698 2078 δὲ
726 2009 822 2096 λόγος
844 2013 920 2090 νοῦς
941 2012 1136 2098 προπηδῶν.
1180 2013 1236 2078 καί
1256 2018 1460 2095 μεθίσταται

237 2115 299 2198 μὲν
321 2109 339 2179 5
361 2115 437 2193 νοῦς
459 2112 508 2193 τίς
526 2111 584 2180 τὸν
606 2111 713 2197 λόγον,
738 2107 756 2178 5
779 2112 814 2179 δὲ
838 2110 934 2198 λόγος
954 2109 1012 2176 τόν
1034 2114 1110 2179 νοῦν
1133 2111 1180 2190 εἰς
1200 2111 1278 2192 τοῦς
1300 2107 1462 2200 άκροατόις
1575 2135 1576 2160 ¹

238 2214 391 2301 λμτυκλεί.
436 2217 490 2282 καί
520 2211 624 2294 οῦτως
653 2208 671 2279 5
701 2215 778 2292 νοῦς
806 2211 862 2280 διὰ
889 2210 1070 2298 τοῦλόγου
1091 2223 1167 2291 ταῖς
1187 2216 1254 2280 τιῦκ
1276 2209 1460 2283 ἀκουόντων
1575 2297 1576 2300 ¹

236 2325 361 2401 ψυχαῖς
382 2315 590 2403 ’ίνιδρόεταη
615 2313 786 2394 συνειςιών
807 2317 855 2400 τῷ
876 2313 980 2400 λόγῳ·
1001 2317 1056 2381 καὶ
1079 2313 1169 2386 ἔστιν
1192 2309 1209 2381 5
1231 2311 1379 2407 μόνοῖον
1394 2341 1461 2384 πα-

236 2415 296 2502 τὴρ
320 2414 338 2480 5
360 2419 436 2494 νοῦς
457 2420 515 2482 τοῦ
538 2417 646 2501 λόγου,
671 2409 717 2482 ὢν
740 2409 790 2502 ἐφ’
815 2415 943 2494 ἑαυτοῦ,
967 2411 986 2479 5
1009 2416 1045 2480 δὲ
1066 2413 1222 2500 καθάπερ
1244 2416 1316 2496 υἱὸς
1332 2412 1350 2482 ό
1364 2417 1461 2504 λόγος

237 2519 296 2596 τοῦ
319 2519 386 2594 νοῦ,
418 2516 486 2600 πρὸ
509 2516 632 2582 ἐκείνου
654 2517 714 2598 μὲν
737 2509 898 2583 άδῦνατον
927 2509 995 2582 ἀλλ’
1021 2509 1097 2582 οῦδὲ
1120 2516 1245 2595 ἐ’ξιοθέν
1267 2523 1378 2584 ποθεν
1401 2517 1460 2585 σῦν

239 2613 349 2702 ἐκείνῳ
371 2614 552 2700 γενόμενος,
574 2615 763 2703 βλαστήσας
785 2617 821 2682 δὲ
836 2610 893 2682 ἀπ’
911 2610 1020 2684 αὐτοῦ.
1052 2612 1158 2695 οῦτως
1173 2612 1191 2682 5
1206 2615 1323 2702 πατήρ,
1346 2612 1385 2681 ¹5
1398 2625 1461 2701 μό-
1575 2685 1576 2696 ,

236 2737 351 2800 γιστος
371 2720 425 2782 καλ
447 2715 597 2784 καθόλου
619 2719 703 2796 νοῦς,
727 2721 862 2803 πρῶτον
883 2716 941 2784 τὸν
963 2715 1034 2784 υἱὸν
1057 2715 1155 2803 λόγον
1176 2717 1314 2804 ἑρμηνέα
1327 2717 1381 2782 καὶ
1399 2715 1460 2803 άγ-

193 2837 196 2844 ’
236 2816 330 2901 γελον
352 2816 470 2883 ἑαυτοῦ
494 2816 568 2900 ἔχει.
1575 2901 1576 2916 ¹

321 2921 371 2985 24.
406 2917 540 2986 Τούτων
561 2913 583 3006 ἢ
604 2914 662 2986 οῦκ
683 2917 803 3008 ἤκουσέ
823 2943 908 2986 ποτε
922 2916 1064 3005 Ἄρειος,
1087 2912 1109 3002 ἢ
1130 2913 1271 2997 ἀκούσας
1286 2913 1345 2985 οῦκ
1365 2918 1459 2988 1’ἐνό-
1575 2953 1576 2976 1

156 3021 159 3026 ’
234 3041 311 3106 ησεν
338 3015 358 3084 5
381 3015 525 3108 ἀμαθής.
571 3015 630 3089 οῦκ
652 3015 691 3088 άν
712 3021 783 3109 γάρ,
807 3022 903 3107 ε’ίπερ
930 3011 970 3106 ἦν
997 3018 1132 3105 νοήσας,
1160 3019 1387 3106 κατεψεύδετοΙ
1401 3046 1455 3089 το-

235 3124 354 3190 σοῦτον
385 3122 469 3190 κατὰ
495 3125 555 3189 τοῦ
585 3122 786 3204 ἐπισκόπου,
821 3117 906 3190 ἀλλὰ
932 3120 1068 3199 πάντας
1095 3124 1149 3186 καί
1176 3115 1277 3188 αὐτόν
1300 3118 1352 3200 ὥς
1371 3119 1457 3210 ἡμᾶς

235 3221 396 3309 ἐλοιδόρει
429 3223 487 3290 διὰ
506 3223 545 3288 τὸ
568 3222 655 3307 πρὸς
674 3223 733 3309 τὴν
755 3219 918 3308 ἀλήθειαν
937 3232 1046 3306 μῖσος.
1088 3219 1307 3308 χριστομάχος
1326 3222 1388 3311 γάρ
1411 3217 1457 3290 τόν
1575 3253 1576 3270 ¹

149 3351 225 3394 ατο),
238 3317 295 3386 οόκ
317 3317 447 3406 ὀκνήσει
467 3324 522 3388 καί
543 3322 621 3400 τοὺς
641 3322 684 3389 τὰ
705 3325 855 3408 Χριστοῦ
878 3327 1082 3410 φρονοῦντας
1098 3323 1237 3404 διώκειν,
1262 3319 1308 3403 ὡς
1322 3317 1454 3404 αῦτόςό

89 3421 93 3428 ’
234 3421 346 3506 κύριος
367 3426 576 3507 προείρηκεν·
599 3422 629 3489 εἰ
651 3421 708 3506 ἐμὲ
730 3423 877 3504 ἐδίωξαν,
899 3427 954 3491 καὶ
975 3420 1061 3509 ὑμᾶς
1075 3425 1290 3506 διώξουσινλ).
1321 3419 1387 3512 ἢεί
1401 3448 1455 3492 νο-

233 3521 384 3605 μίζουσιν
406 3521 439 3588 σί
460 3521 648 3605 προστάται
669 3527 727 3610 τῆς
749 3518 901 3610 άσεβείας
923 3519 1095 3614 ὁμόφρονα
1116 3525 1173 3594 τὸν
1185 3526 1364 3594 Διονύσιον
1379 3528 1455 3594 ἑαυ-

146 3699 152 3712 .
233 3633 306 3701 τοῖς
335 3616 436 3702 εἶναι,
465 3621 690 3710 γραψάτωσαν
718 3628 898 3694 ταῦτακαὶ
921 3622 1200 3714 ὁμολογείταισαν·
1229 3628 1453 3715 γραψάτωσαν

231 3722 290 3811 τὴν
312 3719 462 3808 άμπελον
484 3727 536 3791 καί
559 3725 617 3793 τόν
637 3725 796 3813 γεωργόν,
826 3726 865 3794 τό
887 3728 1015 3816 σκάφος
1036 3733 1091 3796 καί
1113 3728 1170 3796 τὸν
1192 3729 1375 3818 ναυπηγόν,
1398 3733 1453 3797 καί

300 3909 978 3982 οωσωωμ.ωωππ

263 4063 284 4098 ο.
303 4049 343 4097 Sic
361 4049 417 4130 fleg.
437 4051 508 4101 nasu.
532 4059 556 4101 τι
574 4051 639 4102 editi.
676 4053 775 4102 Τιοτίσ.
794 4060 817 4102 τί
867 4067 939 4117 quem
958 4054 1027 4118 sequi
1045 4054 1120 4102 visum
1139 4062 1183 4103 τοι.
1219 4053 1264 4105 Alii
1283 4054 1381 4104 οιαδίίὶ
1399 4045 1453 4104 ffl-

229 4114 275 4166 100.
299 4103 373 4165 εἶπεν
397 4111 451 4166 am}
476 4113 591 4184 καρδίας
608 4113 657 4167 διδι
677 4112 817 4185 στόματος
863 4119 985 4186 γθησαν.
1024 4121 1115 4172 Ibidem
1135 4135 1221 4172 οαιαοο
1240 4137 1299 4172 mu.
1317 4115 1347 4170 ἐν
1364 4116 1394 4171 δὲ
1412 4119 1453 4187 τῷ

227 4175 387 4262 ἐξογεῦιται.
426 4187 463 4236 Fr.
483 4174 610 4242 λεῖπεν,
629 4180 816 4254 όπόκαρδίαο
866 4181 999 4254 τετάρτη,
1035 4189 1096 4240 Edili
1115 4181 1146 4238 ἒν
1162 4183 1193 4238 δὲ
1209 4187 1249 4253 τρλ
1257 4189 1283 4253 β.
1319 4184 1454 4255 noxum

227 4246 274 4299 δια
303 4243 441 4317 πόματος
468 4245 613 4318 ἐξέρχεται.
658 4255 727 4304 Colb.
756 4255 812 4305 item
865 4265 923 4319 φατι
940 4247 1026 4309 υῦτυτ
1043 4257 1111 4306 dem
1130 4257 1153 4306 in
1173 4257 1271 4307 Ττοτία.
1291 4257 1360 4307 δοίο.
1379 4256 1427 4309 λετ.

223 4310 368 4384 ἐξέρχεται.
899 4339 920 4374 c.
940 4325 1036 4374 Τεανίο.
1055 4325 1102 4374 lm.
1122 4323 1295 4392 στερῶνται.

253 4389 278 4437 h.
294 4387 344 4434 καί
359 4387 427 4437 deest
445 4389 470 4445 in
487 4388 585 4440 Taurin.
605 4387 674 4440 colb.
693 4389 747 4452 1es.,
767 4390 811 4440 τεδ
898 4391 921 4441 δ.
940 4392 1038 4442 Ττοτίο.
1062 4392 1131 4443 colb.
1150 4393 1195 4442 ίεε.
1215 4393 1334 4442 mendose
1351 4384 1452 4458 ἑαυτῷ.

218 4453 243 4504 ία
262 4453 316 4506 aliis
336 4455 446 4505 habetur.
481 4455 534 4506 Mox
552 4457 609 4520 Ιίτς.
627 4449 807 4523 ίλέγγθησαν,
863 4457 914 4508 Μαι
934 4459 979 4510 los.
995 4459 1066 4510 ευΙυέ
1083 4453 1171 4525 ἑαυτοῦ
1190 4460 1315 4511 mendose.
