3054 5304
221 163 282 227 672
401 150 409 164 ⁸
621 174 647 216 s
662 173 815 216 ιιιιιιιιειι
830 171 1052 216 ιιιειιιενιεαοει

132 347 208 392 rute.
220 329 362 414 φημίαν,
394 319 603 488 φρονοῦντα
632 320 667 386 δὲ
688 319 772 386 κατὰ
792 323 853 386 τοῦ
877 315 971 418 ἁγίου
994 315 1184 404 πνεύματος
1205 314 1265 384 καὶ
1287 317 1490 403 λεγόντων

219 421 300 494 αὐτὸ
322 424 366 510 μὴ
388 422 491 508 μόνον
513 429 647 506 κτίσμα,
678 417 836 494 ἀλλὰκαὶ
859 424 925 487 τῶν
947 420 1196 504 ’λειτουργικῶν
1219 419 1488 502 πνευμάτων)

134 537 141 550 “
219 532 254 596 ἓν
286 521 367 594 αὐτὸ
399 521 501 606 εἶναι,
534 526 588 590 καί
616 526 740 643 βαθμοῦ
768 521 869 608 μόνον
899 517 979 588 αὐτὸ
1009 521 1179 608 διαφέρειν
1201 522 1270 586 τῶν
1295 515 1485 607 ἀγγέλων.

218 632 316 696 τοῦτο
341 601 377 694 dd
400 626 473 694 duct
493 624 579 713 πρὸς
600 627 660 708 μὲν
682 622 759 703 τοῦς
777 617 968 710 Ἀρειανοὺς
990 620 1219 709 πρσςποιητὸς
1240 619 1364 709 μάχη,
1397 619 1488 712 ἅλις-

218 730 286 819 θὴς
308 730 344 796 dd
367 723 537 814 ἀντιλογία
559 725 645 848 πρὸς
665 725 723 813 τὴν
747 719 862 868 εὐσεβῆ
885 731 1010 792 πίστιν.
1042 720 1151 810 ὥςπερ
1173 723 1235 809 γὰρ
1252 721 1442 792 ἐκεῖνοι’
1420 754 1483 810 αρ-

220 831 374 918 νοῦμὲνοι
398 829 456 896 τὸν
486 827 558 896 υἱὸν
587 823 762 914 ἀρνοῦνται
783 827 858 894 1καὶ
885 824 942 894 τὸν
972 831 1116 911 πατέρα,
1150 821 1257 903 οῦτως
1281 825 1350 892 καὶ
1380 851 1426 894 οι
1433 854 1485 894 τοι

220 931 515 1021 δυςφημοῦντες’
485 956 533 1010 εις
554 930 593 997 τὸ
614 933 746 1016 πνεῦμα
766 929 805 996 τὸ
827 925 920 1014 ἅγιον
935 897 1145 1049 θυςφημοῦρι
1158 925 1260 994 κα1’
1230 952 1280 1006 εις
1295 927 1369 994 τὸν
1389 930 1481 998 vidi

205 1038 275 1102 ,καὶ
298 1029 470 1122 ἀμφότερα
491 1031 533 1099 τὰ
553 1038 634 1119 μέρη
658 1033 819 1098 διείλοντο
841 1029 899 1116 τὴν
920 1027 1007 1116 πρὸς
1029 1028 1088 1116 τὴν
1109 1021 1274 1116 ἀλήθειαν
1299 1024 1483 1100 ἀντίστα-

222 1161 291 1222 σιν,
319 1130 360 1204 ἵν’
385 1135 418 1202 οἱ
446 1135 507 1219 μὲν
529 1132 611 1200 κατὰ
631 1135 690 1199 τοῦ
712 1131 820 1258 λόγου,
844 1130 877 1198 οἱ
898 1131 935 1198 δὲ
956 1129 1126 1210 κατὰτοῦ
1155 1128 1360 1215 πνεύματος
1387 1161 1479 1255 φρο-

221 1241 353 1318 νοῦντες
373 1237 431 1325 τὴν
454 1230 553 1324 αὐτὴν
577 1235 693 1317 ἔχωσιν
716 1259 763 1312 εις
782 1231 839 1322 τὴν
855 1227 896 1320 ἆγ
897 1239 951 1300 ίαν
965 1229 1086 1318 τριάδα
1093 1233 1328 1320 βλαςφημίαν.
1374 1233 1474 1302 ταῦτ

222 1331 281 1408 οῦν
304 1341 451 1426 συνορῶν
472 1363 528 1405 και
519 1335 660 1403 πολλὰ
682 1335 890 1432 λογιζόμενος
906 1335 940 1402 ἐν
962 1329 1092 1428 ἀθυμίᾳ
1113 1331 1287 1420 γέγονα,’
1273 1332 1334 1402 ότι
1358 1338 1469 1404 πάλιν

223 1430 295 1566 εὗρε
315 1434 486 1522 παίζειν“
470 1462 488 1505 ο
511 1437 702 1526 dtdssolog'
689 1464 723 1505 εν
745 1449 816 1518 τοῖς
837 1434 1179 1558 ῦποκρινομένοιςτὴν
1193 1443 1322 1521 μανίαν
1339 1436 1462 1506 αὐτοῦ·

221 1545 277 1610 καὶ
298 1548 409 1628 κρίνας
429 1539 532 1626 obst
511 1567 595 1630 ημην
618 1539 824 1610 σιωπᾶνίν
808 1537 986 1626 lectorivo
1008 1540 1122 1626 καιρῷ,
1147 1537 1203 1604 διὰ
1226 1539 1324 1604 δὲ
1288 1565 1352 1628 την
1372 1565 1457 1626 προ-

221 1642 348 1731 τροπὴν
370 1645 428 1728 τῆς
450 1645 510 1726 σῆς
533 1637 719 1726 ὁσιότητος,
751 1641 842 1710 ἕνεκά
863 1667 900 1710 τε
926 1643 984 1726 τῦς
1012 1639 1143 1706 ἐκείνων
1172 1572 1370 1722 ἅλλοδοξλας
1391 1647 1446 1706 καί

204 1746 399 1828 ,σατανικῆς
420 1749 625 1828 προπετείας
647 1741 687 1809 dc'
707 1741 823 1829 ὀλίγων
847 1743 977 1829 ἔγραψα
998 1741 1056 1828 τὴν
1072 1739 1261 1828 ἐπιστολήν,
1287 1741 1370 1828 μόγις
1381 1741 1434 1804 καί

222 1846 327 1912 ταῦτα
356 1845 524 1930 δυνηθείς,
555 1843 611 1910 ἵνα
638 1842 739 1926 μόνον
766 1842 822 1909 καὶ
851 1842 890 1909 σὺ
920 1842 1093 1932 πρόφασίν
1122 1841 1156 1910 ἒκ
1183 1842 1309 1912 τούτων
1335 1841 1438 1929 λαβὼν

136 1945 306 2016 rotomo&
326 1944 384 2032 τὴν
401 1943 594 2032 ’προςοῦσάν
617 1968 672 2011 σοι
694 1944 824 2011 σύνεσιν
846 1943 888 2012 τὰ
909 1946 1088 2012 ἃλείποντα
1109 1948 1274 2034 προςθῇς,
1300 1949 1355 2014 καὶ
1368 1945 1450 2032 πλή-
1508 1979 1509 1992 ¹

222 2075 281 2139 ρης
304 2044 321 2116 ὃ
343 2047 426 2116 κατὰ
446 2051 505 2136 τῆς
527 2049 701 2133 ῦυςσεβοῦς
723 2047 879 2133 αἱρέσεως
902 2045 1029 2132 ἔλεγχος
1049 2052 1190 2134 γένηται.

311 2157 341 2218 2.
389 2151 463 2217 Τῶν
485 2151 545 2234 μὲν
568 2139 624 2216 οῦν
643 2145 823 2238 Ἀρειανῶν
845 2143 903 2215 οῦκ
925 2144 1099 2236 ἀλλότριον
1120 2151 1175 2216 καί
1190 2152 1292 2216 τοῦτο
1309 2149 1450 2236 ἐνθύμη-

223 2279 286 2338 μα,
321 2249 414 2333 ἅπαξ
433 2253 500 2340 Ιγι1ιρ
530 2245 725 2340 ἀρνούμενοι
754 2249 812 2317 τὸν
840 2253 899 2318 τοῦ
920 2253 1004 2318 θεοῦ
1028 2249 1125 2338 λόγον
1147 2249 1283 2330 εἰκότως
1305 2251 1352 2320 τὰ
1376 2247 1453 2320 σι’-τὰ

223 2353 383 2422 καὶκατὰ
404 2357 462 2418 τοῦ
485 2354 672 2438 πνεύματος
694 2348 795 2421 αὐτοῦ
818 2353 1041 2440 δυςφημοῦσι·
1065 2351 1195 2420 διὸ-καλ
1216 2347 1254 2419 οῦ
1268 2353 1333 2440 χρὴ
1351 2357 1449 2422 πλέον

223 2481 259 2521 τι
285 2453 373 2540 πρὸς
399 2448 518 2532 αῦτυῦς
545 2455 668 2534 εἰπεῖν,
699 2450 792 2540 ἀρκεῖ
818 2453 879 2540 γὰρ
900 2452 942 2520 τὰ
964 2449 1032 2540 πρὸ
1054 2454 1180 2522 τούτων
1203 2453 1369 2544 εἷριγμέρα
1392 2451 1448 2524 κατ’

225 2549 348 2640 αὐτῶν·
382 2554 468 2641 πρὸς
501 2556 536 2622 δὲ
565 2554 642 2634 τοὺς
672 2556 752 2641 περὶ
778 2558 838 2622 τοῦ
866 2553 1054 2640 πνεύματος
1077 2553 1314 2644 ἀπατηθέντας
1336 2559 1448 2646 τρόπῳ

224 2664 299 2738 τινί,
327 2653 372 2738 ῶς
394 2651 435 2725 ῶν
457 2650 553 2724 αὐτοὶ
575 2667 683 2744 φαῖεν,
706 2656 883 2746 οπροςήκει
906 2659 1139 2744 ῦιερευνῶντας
1161 2658 1274 2727 εἰπεῖν.
1321 2661 1446 2728 τοῦτον

224 2758 285 2846 γὰρ
308 2762 362 2828 καί
383 2758 589 2844 θαυμάσειεν
611 2756 651 2826 ἄν
672 2785 724 2839 τις
745 2758 803 2848 τὴν
826 2755 951 2840 ἄνοιαν,
976 2755 1030 2826 ὅτι
1050 2758 1108 2828 τὸν
1129 2759 1201 2828 υἱὸν
1221 2759 1277 2825 τοῦ
1301 2765 1400 2829 θεοῦ
1413 2755 1447 2848 μὶ,

224 2862 382 2941 θέλοντες
402 2868 523 2946 κτίσμα
546 2857 705 2930 εἶναικαὶ
727 2863 834 2940 καλῶς
855 2886 891 2946 γε
911 2857 1010 2928 1κατῦι
1030 2864 1129 2928 τοῦτο
1153 2862 1357 2949 φρονοῦντες
1381 2869 1449 2943 πῶς

225 2963 265 3034 τὸ
292 2967 423 3050 πνεῦμα
450 2967 508 3031 τοῦ
537 2965 610 3031 υἱοῦ
637 2969 758 3048 κτίσμα
785 2956 844 3050 κᾷν
874 2957 1012 3030 ῦικοῦσαι
1034 2959 1224 3050 ἠνέσχοντο·
1257 2963 1315 3030 καὶ
1334 2965 1402 3054 γὰρ
1423 2967 1451 3034 εἰ

227 3067 284 3136 διὰ
304 3067 363 3156 τὴν
384 3066 470 3156 πρὸς
490 3065 548 3134 τὸν
570 3071 699 3153 πατέρα
720 3067 779 3132 τοῦ
795 3063 893 3151 λόγου
907 3061 1044 3152 λνῦτρτα
1056 3061 1094 3130 οὐ
1107 3064 1267 3132 θέλουσιν
1281 3059 1368 3134 εἶναι
1382 3071 1447 3132 τῶν

226 3173 368 3257 γενητῶν
381 3165 481 3237 αὐτὸν
495 3167 553 3236 τὸν
567 3168 649 3250 υἱόν,
667 3161 735 3236 ἀλλ’
750 3161 834 3253 ὅπερ
849 3166 937 3234 ἐστὶν
953 3161 1089 3254 ἀληθῶς
1104 3165 1304 3254 δημιουργὸν
1323 3160 1437 3230 ἀὐτὸν

299 3389 321 3450 ι)
339 3391 412 3440 fleur.
431 3392 453 3452 1,
473 3391 513 3439 ιι.

228 3525 284 3602 Ιιμιία
309 3523 396 3572 mirum
415 3531 503 3604 quanta
520 3525 621 3574 arrietaa
639 3527 810 3576 aculeatiaruor
860 3524 954 3586 aolom;
973 3527 1040 3590 prior
1058 3524 1127 3574 lectio
1145 3534 1253 3590 praestat
1272 3535 1297 3576 ot
1316 3541 1445 3576 exconse-

227 3593 252 3642 io
270 3591 396 3640 haeresum
415 3593 488 3642 ioitiis
506 3591 657 3646 suboriatur
675 3592 728 3640 aliie
746 3593 810 3642 aliod
861 3563 987 3657 quentibua
1012 3592 1136 3657 propalam
1155 3601 1199 3643 est.
1234 3595 1326 3644 lbideot
1345 3595 1403 3656 λος.
1422 3594 1444 3642 1.

227 3658 464 3740 apprehendentibus
482 3667 553 3724 atque
571 3673 598 3709 er
615 3659 700 3708 iiadem
720 3661 811 3722 prioci—
862 3669 884 3710 et
910 3661 1007 3722 Segoer.
1027 3655 1198 3727 δυσφημίαν,
1229 3661 1270 3712 ι111
1296 3676 1351 3712 cum
1377 3664 1450 3712 edltie

227 3728 275 3790 pila
299 3728 390 3776 diversa
416 3728 593 3789 colligentibus
628 3727 744 3776 Nimirum
768 3742 810 3776 ao·
860 3723 1041 3794 βλαςφημίων

227 3795 298 3844 laone
317 3795 443 3846 haereticis
463 3804 508 3855 est,
527 3804 551 3845 ut
569 3795 658 3844 amisso
678 3795 752 3844 semel
770 3811 811 3844 re·
894 3812 916 3846 a.
936 3798 969 3845 lta
988 3798 1053 3858 liegii
1073 3797 1142 3846 ambo
1161 3799 1328 3862 manuscripti,
1346 3797 1453 3860 Seguer.

227 3862 305 3912 altatis
329 3864 424 3912 tramite
448 3864 493 3912 huc
511 3863 566 3912 illac
584 3863 711 3922 oberrent,
735 3879 763 3912 ac
782 3877 811 3912 oe
862 3865 926 3926 item,
945 3863 1016 3914 duell.
1036 3865 1132 3916 Gobler.
1151 3873 1175 3914 et
1192 3865 1297 3914 tctctm
1315 3864 1356 3924 2.,
1376 3877 1418 3930 atq
1420 3883 1453 3916 ue

187 3939 192 3950 ·
228 3944 310 3980 secum
339 3931 434 3995 quidem
464 3932 509 3995 ipsi
542 3932 674 3980 consistere
709 3932 809 3994 poeaiot
862 3933 946 3982 eodem
967 3933 1038 3983 modo
1056 3931 1166 3993 legitor
1161 3947 1183 3982 tn
1202 3933 1303 3996 epistola
1323 3933 1453 3984 diril’aulr

228 3999 326 4048 Scilicet
864 4001 892 4050 od
912 4001 1069 4060 llebruooal,
1080 3999 1119 4076 l3l.
1153 4000 1198 4049 ltti
1216 4009 1239 4050 et
1257 3997 1456 4066 ειῦιίλειτιιιρ·

262 4061 354 4125 Πάντη
372 4059 539 4132 μαινόμενος
554 4059 600 4111 καὶ
598 4054 813 4140 σίμήχανσςαμ-
862 4065 928 4132 γῶν,
945 4067 1051 4134 Βαθμφ
1067 4059 1153 4134 μόνῳ.
1190 4069 1263 4118 Paulo
1282 4077 1339 4146 post
1357 4069 1452 4131 boalia.

530 4124 727 4198 φαλάληται.
865 4137 938 4188 codex
956 4137 1023 4186 solus
1040 4129 1221 4201 noometrrdc
1239 4127 1254 4195 d
1271 4128 1356 4214 μάχη

408 4199 525 4264 [Oppiae.
544 4201 630 4264 Cyoeg.
649 4203 690 4263 ttt‚
709 4175 779 4268 42.3]
898 4205 921 4253 b.
940 4203 983 4252 llio
997 4199 1454 4284 ει1ο11ιρσιιθυςφημοῦσιμιι-

228 4271 320 4322 lbideru
344 4269 409 4330 Regii
434 4270 504 4319 ambo
529 4271 624 4320 codices
649 4272 813 4334 ιοιιιιιιεειίριὶ,
864 4271 934 4321 ticula
958 4267 1005 4318 καί
1027 4273 1050 4322 io
1069 4272 1231 4350 manuscripto
1250 4273 1308 4332 fleg:
1319 4272 1342 4321 l.
1362 4280 1387 4322 et
1406 4273 1452 4322 Se-

227 4339 327 4401 Seuer.
338 4345 362 4386 et
371 4337 441 4387 ΒιιιιΙ
451 4351 520 4386 κατα
537 4338 586 4386 τοῦ
604 4331 663 4386 υἱοῦ
681 4353 729 4388 του
718 4337 813 4389 θεου
864 4354 929 4400 goar.
954 4341 1059 4390 omoiotu
1085 4341 1181 4404 optimis
1200 4339 1328 4389 codicibus
1346 4339 1453 4418 legitur,

228 4407 308 4460 Ceteri
332 4413 410 4458 autem
435 4422 489 4459 com
507 4408 576 4460 editis
593 4421 662 4456 κατα
680 4405 728 4457 τοῦ
747 4405 813 4457 θεοῦ
863 4408 888 4458 iu
906 4407 959 4458 aliis
977 4410 1101 4459 omittitur.
1136 4407 1211 4460 lidum
1230 4423 1284 4459 αισι
1302 4401 1451 4457 tottam.
