2872 5046
204 1055 429 1132 SANCTI
464 1055 689 1129 PATRIS
724 1053 955 1128 nosrut

358 1216 875 1332 ATHANASH

257 1373 583 1430 nucntnttscort
602 1373 903 1428 ALEXANDMAE

146 1496 482 1560 nrlstonn
523 1495 591 1558 tn
633 1493 1014 1558 ADELPHIUM

268 1625 273 1634 ’
345 1631 517 1684 ΕΡΙΒΕΟΡΙΙΙΙ
535 1631 573 1682 ΕΤ
592 1629 813 1682 confessoris!

466 1722 562 1784 'contra
580 1733 690 1804 triones.

417 1873 729 1960 -t--ss-

55 2143 84 2201 1.
127 2139 270 2201 Perieotis
292 2136 350 2209 his,
373 2153 449 2215 quae
472 2153 489 2196 a
511 2145 560 2196 tua
579 2135 725 2219 religione
746 2135 857 2214 scripta
878 2143 957 2208 sunt,
982 2142 1062 2198 tuam
1077 2136 1230 2216 quidemn.
1236 2161 1282 2203 ou.

28 2239 178 2304 Christum
205 2239 347 2318 pietatem
374 2247 445 2299 vero
474 2235 719 2316 approbavimus,
751 2236 914 2315 laudesque
940 2223 1040 2299 Deo'
1031 2255 1062 2298 1n
1090 2237 1196 2318 primis

7 2343 178 2438 rsolrimne,
196 2339 253 2418 qni
275 2337 329 2399 tibi
352 2337 522 2400 huiusmodi
546 2345 594 2398 est
615 2337 736 2416 largitus
761 2337 895 2416 gratiam,
918 2347 953 2401 ut
973 2347 1103 2402 streete
1125 2358 1198 2402 sen-

9 2462 42 2503 cs
64 2461 122 2504 neo
143 2439 253 2504 diaboti
274 2437 395 2502 fraudas
418 2446 560 2518 quantum
583 2437 661 2499 scire
682 2437 781 2499 lieet
773 2455 947 2517 ignorarem
969 2458 1032 2504 non
1045 2441 1198 2520 potuimus

7 2561 41 2602 ro
64 2561 126 2604 non
149 2539 290 2614 admirari
311 2557 487 2622 perversum
509 2539 729 2604 haeretieorum
751 2539 895 2615 nmmum,
917 2541 967 2622 qni
989 2541 1063 2604 adeo
1080 2541 1109 2603 in
1124 2561 1199 2624 pro·

7 2643 95 2706 ndum
122 2643 284 2727 impietatis
314 2643 444 2706 demersi
459 2650 556 2724 ⁸sunt,
585 2653 618 2706 ut
645 2641 758 2703 nullum
779 2640 838 2703 iarn
861 2660 986 2705 sensum
1009 2653 1198 2717 conservent,

7 2747 25 2807 d
48 2755 219 2829 corruptam
242 2746 325 2808 omni
347 2765 383 2808 ex
403 2753 489 2826 parte
511 2742 640 2807 habeant
660 2752 800 2808 mentem.
848 2744 934 2807 Certo
956 2744 1132 2807 huiusmodi
1153 2746 1199 2808 sa-

7 2865 60 2908 nus
93 2848 245 2912 diabolum
277 2855 429 2911 auctorem
458 2847 548 2909 habet
575 2853 681 2926 estque
708 2844 745 2908 ad
774 2844 978 2926 improborum
1006 2845 1202 2908 imitationem

8 2947 163 3009 dacorum.
207 2947 281 3024 Neo]
309 2955 342 3009 ut
369 2947 411 3008 illi
440 2947 571 3028 nudique
599 2931 726 3010 convicti
754 2946 889 3010 rationes
918 2947 1060 3009 adversus
1083 2948 1202 3027 seipsos

9 3047 193 3126 cogitabant,
217 3067 259 3110 eo
275 3055 389 3110 tanturn
413 3057 445 3110 nt
465 3039 624 3124 dominum
647 3056 793 3128 negarent
814 3058 844 3110 et
866 3065 940 3129 quae
961 3047 1113 3128 praedicta
1129 3055 1204 3129 ¹sunt

35 3147 167 3227 seipsos'
190 3149 389 3224 attraherent;
421 3149 466 3212 sio
493 3160 523 3212 et
549 3149 696 3212 iaticum
724 3168 757 3211 se
788 3150 919 3229 undique
940 3151 1038 3212 notari
1061 3168 1204 3230 suamque

7 3250 121 3312 cresim
150 3251 290 3316 omnibus
319 3251 512 3314 execrandam
543 3269 612 3313 csso
640 3250 758 3325 rident,
793 3269 861 3314 sese
890 3251 1036 3313 scelernm
1065 3259 1202 3314 auctores

7 3371 31 3412 n
53 3361 196 3419 verentur
218 3356 334 3428 tacere,
356 3361 390 3417 nt
412 3362 515 3416 contra
536 3353 691 3416 nectutem
712 3370 846 3432 pugnare
861 3371 921 3416 non
937 3351 1118 3415 desistentes
1132 3370 1204 3415 rere

7 3453 85 3516 nisti
113 3456 228 3520 hostes·
250 3463 455 3537 permancant
499 3455 585 3517 Unde
607 3455 687 3518 enim
710 3454 769 3517 iltis
792 3455 822 3516 id
845 3461 979 3517 exortum
1002 3456 1111 3517 malurn
1134 3453 1203 3518 est?

7 3561 32 3616 ut
62 3559 185 3622 omnino
214 3577 322 3620 noram
349 3557 427 3620 hano
455 3555 631 3619 calumniam
653 3563 757 3618 contra
779 3555 962 3620 Salvatorem
983 3557 1119 3638 proferre
1138 3555 1204 3619 ausi

7 3655 71 3717 nrt?
114 3661 191 3733 Sed,
222 3668 254 3721 ut
280 3653 401 3741 planum
424 3665 480 3732 est,
503 3658 578 3720 mala
599 3676 649 3720 ros
673 3665 721 3724 est
742 3657 852 3738 impius
875 3677 910 3720 ao
930 3677 1035 3721 revera
1055 3657 1203 3738 reprobus

7 3775 52 3817 roa
80 3759 182 3823 tidem.
224 3759 358 3824 Pn'mum
386 3760 465 3822 enim
494 3767 597 3840 negata
626 3759 770 3840 unigeniti
791 3759 858 3822 Filii
882 3759 937 3822 Dei
964 3761 1117 3823 divinitate
1139 3760 1288 3826 eiusnon.

7 3857 78 3919 ltern
101 3877 282 3944 corporeum
304 3861 460 3924 adventurn
483 3867 650 3941 agnoscere
666 3860 888 3935 simulaverunt,
911 3877 992 3922 nunc
1011 3869 1110 3924 antem
1126 3879 1202 3942 pau-

7 3958 55 4022 tim
78 3961 195 4045 delapsi
216 3963 293 4026 hene
314 3981 433 4042 quoque
454 3962 647 4044 repudiarunt
668 3961 846 4026 sententiam
870 3969 958 4043 atque
973 3963 1055 4024 omni
1070 3947 1107 4025 ex
1120 3971 1204 4042 parte
1270 3957 1277 3968 '

7 4059 51 4122 nei
64 4064 143 4128 docti
166 4074 248 4140 sunt,
272 4073 305 4128 ut
326 4065 425 4146 ipsum
446 4083 543 4146 neque
566 4072 727 4146 agnoscant
747 4064 840 4127 Deum
863 4081 961 4146 neque
982 4063 1135 4127 hominem
1157 4063 1202 4123 sa-

43 4231 192 4290 ltnnim.
212 4236 279 4299 ³‚.8

6 4359 26 4392 ι
46 4347 147 4410 Sernes.
173 4353 227 4404 τοῦ
250 4345 335 4404 edred
352 4345 479 4414 ἐπιστολὴ
497 4366 566 4420 ypot-
651 4354 674 4403 Ι)
693 4351 794 4414 Sttsstf
801 4347 967 4432 γινομένην·

7 4407 150 4482 ³⁰2⁷!st
190 4423 262 4476 Barit.
282 4431 306 4475 et
323 4423 393 4488 tog!
401 4424 564 4487 adduntque
652 4437 672 4471 e
691 4421 762 4470 Forte
779 4419 856 4480 τῆς..
864 4413 974 4486 poitur·

8 4487 188 4550 ογραφεωα
651 4488 675 4539 d.
692 4489 782 4552 dontio.
802 4481 943 4554 ἇδσκιμον.
