2872 5046
358 192 749 242 srrsromaoaarcrsruu.
1114 181 1175 249 829

9 351 64 414 inis
85 348 243 430 scripturis
258 365 350 427 pauca
365 365 549 421 memorara3
571 347 699 409 sortasse
721 347 765 410 rel
776 346 835 410 boo
849 347 938 410 modo
953 349 1069 430 pudore
1083 349 1263 412 affectiosa

9 452 142 532 pissimas
165 448 322 530 opiniones
348 447 533 528 excogitandi
554 447 644 510 tinam
665 448 782 536 sacient.

43 559 73 616 4.
115 551 195 613 lleus
217 568 282 622 vos,
305 553 357 628 qut
376 531 416 610 co
439 547 569 610 animum
592 547 746 628 appulistis
769 557 803 610 ut
823 567 933 630 corpus
951 549 1090 612 diceretis
1113 569 1180 612 esse

9 654 44 716 bi
73 652 213 714 divinitati
243 647 519 722 consubstantiale?
567 647 644 710 llinc
672 649 750 710 onim
785 650 877 712 ordiri
910 669 1019 730 operae
1052 651 1179 731 pretium

9 755 55 829 rit,
77 764 108 816 ut
128 772 192 816 cum
216 753 280 815 eius
303 750 469 814 sententiae
492 749 615 812 foeditas
637 749 732 828 palam
750 751 848 824 tuerit,
870 770 967 830 neque
981 759 1097 814 caetera
1112 771 1177 814 ma-

9 857 29 918 is
51 854 227 936 esse⁴prctii
248 853 441 932 conspicuum
463 853 511 914 sit
555 851 589 912 ln
612 849 718 912 divinis
734 861 814 913 certo
829 852 990 932 Scripturis
1005 854 1078 918 nibil
1093 873 1178 916 mm·

9 965 41 1018 et
60 956 239 1030 huiusmodi,
261 973 328 1018 nam
351 955 432 1034 ipsae
447 953 541 1015 Deum
563 951 594 1014 in
616 953 745 1015 bumana
760 953 854 1016 luisse
868 971 993 1041 corpora
1008 955 1180 1030 adfirmant3

9 1109 11 1118 .
33 1058 119 1120 etiam
130 1059 243 1130 Patres,
267 1055 316 1136 qui
338 1055 463 1118 Nicaeae
484 1062 696 1128 convenerunt,
718 1073 779 1116 non
802 1072 921 1132 corpus,
945 1053 998 1114 sed
1016 1054 1113 1134 ipsum
1127 1056 1179 1117 ri-

9 1159 185 1221 ndiroruut
205 1177 273 1222 esse
294 1157 374 1220 Patri
396 1154 695 1230 consubstantialem,
729 1164 759 1218 et
786 1155 866 1216 bunc
892 1154 1011 1234 quidem
1041 1155 1077 1216 e'x
1105 1156 1179 1216 sub·

9 1261 61 1322 itia
82 1259 194 1334 Patris,
225 1277 335 1338 corpus
358 1277 429 1320 vero
453 1277 488 1320 ex
509 1257 600 1318 llario
623 1276 691 1320 esse
712 1275 747 1318 ex
770 1255 932 1336 scripturis
954 1256 1025 1318 item
1047 1255 1179 1317 declara·

12 1370 33 1422 t.
77 1360 277 1434 Quamobrem
298 1369 348 1422 aut
368 1360 526 1424 Nicaeuam
547 1357 701 1439 repudiate
723 1357 890 1439 synodum,
919 1368 949 1420 et
975 1365 1078 1440 utpote
1105 1357 1302 1418 bae-r.noa.'

10 1464 36 1524 ci
60 1464 132 1525 baec
153 1461 248 1524 aliena
270 1462 410 1535 inducite,
433 1469 484 1524 sut
506 1461 531 1522 si
554 1460 642 1522 vultis
663 1459 784 1522 Petrum
806 1459 923 1522 illorum
946 1459 1011 1520 Filii
1034 1477 1118 1532 esse,
1141 1477 1179 1520 ne

9 1583 100 1626 arsam
121 1563 158 1626 ab
180 1581 283 1626 eorum
307 1562 426 1643 scriptis
449 1561 627 1624 seutentiam
650 1561 872 1624 consectemini.
916 1561 978 1622 llac
995 1577 1114 1640 quoque
1127 1579 1178 1622 ra-

9 1685 33 1727 te
54 1664 127 1726 illud
148 1673 273 1744 mentae
295 1664 335 1727 sit
355 1663 548 1727 absurditatis
571 1662 729 1738 advertite3
752 1663 779 1724 si
795 1663 921 1724 Verbum
947 1661 1077 1742 corpori,
1100 1663 1179 1740 quod

9 1775 87 1828 terra
110 1773 245 1829 naturam
268 1773 349 1828 tenet
370 1784 471 1838 snam,
495 1773 543 1826 est
563 1763 831 1850 consubstantiale,
861 1759 1196 1825 contumeliosum

9 1887 49 1930 em
71 1869 153 1929 iuxta
167 1866 288 1930 Patrum
310 1867 531 1929 contessionem
554 1873 601 1926 est
620 1865 701 1926 Patri
724 1863 991 1938 consubstantiale,
1012 1863 1078 1942 ipse
1092 1864 1180 1928 Pater

9 1971 67 2030 rori
90 1987 129 2030 ex
151 1976 228 2030 terra
250 1969 326 2031 facto
350 1965 613 2029 consubstantialis
636 1967 702 2027 erit
744 1965 857 2044 Ecquid
884 1966 961 2026 ultra
982 1965 1108 2028 Arianos
1128 1967 1179 2026 in-

10 2069 115 2140 emiui,
138 2069 218 2149 quod
240 2069 339 2130 dicant
360 2067 465 2129 Filium
488 2085 555 2127 esse
577 2073 758 2138 creaturam,
781 2084 848 2126 oum
869 2065 927 2144 ipsi
949 2065 1065 2127 Patrem
1088 2066 1178 2128 rebus

9 2170 53 2232 itis
78 2189 150 2234 esse
172 2166 453 2231 consubstantialem
475 2166 641 2236 affirmetis,
664 2173 695 2225 et
715 2163 746 2225 in
768 2164 853 2226 aliam
875 2164 1056 2242 impietatem
1079 2173 1177 2228 baus-

9 2281 53 2334 tes
77 2269 201 2340 dicetis,
230 2268 420 2339 incernam,
444 2285 529 2336 ossa,
558 2264 698 2345 capillos,
720 2281 829 2325 nervos
851 2272 881 2324 et
902 2264 931 2324 in
955 2273 1049 2326 totum
1072 2284 1181 2346 corpus

9 2389 129 2433 uersum
159 2385 227 2429 esse
250 2366 378 2430 Verbum
408 2374 438 2430 ct
465 2385 481 2426 a
503 2365 624 2446 propria
645 2371 791 2426 mutatum
814 2383 883 2428 esse
904 2364 1035 2428 natural
1077 2365 1181 2430 Restat

9 2491 41 2544 n,
67 2479 103 2532 ut
124 2475 226 2548 aperta
248 2466 369 2542 dicatis,
392 2467 491 2546 ipsum
515 2467 780 2528 exterminatum
803 2466 912 2542 luisse3
940 2485 976 2528 ex
998 2475 1075 2530 terra
1098 2468 1178 2532 anim

12 2590 64 2634 um
103 2569 253 2649 totiusque
288 2567 424 2650 corporis
453 2576 558 2630 nutura
591 2567 736 2648 originem
765 2567 855 2632 ducit.
904 2569 1056 2642 Quaenam
1089 2571 1178 2650 igitur

9 2695 17 2736 a
45 2680 131 2734 tanta
159 2669 322 2748 dementis,
354 2680 388 2732 ut
415 2669 568 2732 vobiscum
596 2669 656 2749 ipsi
682 2669 845 2749 pugnetis?
878 2669 947 2732 dum
978 2671 1058 2732 enim
1080 2671 1177 2733 dicitis

9 2793 75 2838 oum
100 2774 221 2853 corpori
244 2791 312 2834 esse
334 2770 600 2845 consubstantiale,
629 2769 753 2834 alterum
775 2789 842 2832 cum
864 2770 957 2832 altero
980 2771 1110 2834 conferri
1132 2772 1177 2833 si·

9 2875 112 2944 testis,
142 2891 209 2936 cum
236 2891 307 2934 vero
336 2873 368 2934 in
395 2890 515 2935 carnem
543 2879 685 2934 mutabam
710 2891 778 2934 esse
801 2871 967 2947 affirmatis,
998 2873 1057 2952 ipsi
1080 2873 1176 2936 Verbo

9 2974 143 3036 ationem
166 2973 316 3052 attingitis.
361 2973 469 3054 Ecquis
492 2992 546 3035 ros
569 2974 644 3036 ultra
665 2975 743 3036 leret
762 2975 836 3035 haec
849 2972 895 3036 vel
909 2976 1044 3054 prolerre
1059 2971 1178 3036 ausos?

9 3073 104 3136 resim
135 3073 244 3154 quippe
275 3091 394 3136 omnem
415 3075 568 3155 impietate
591 3076 767 3155 superastis.
812 3075 844 3136 Si
873 3075 952 3136 cuim
980 3073 1109 3136 Verbum
1131 3083 1178 3136 est
1215 3153 1219 3162 Ι

9 3175 64 3237 ori
88 3173 353 3250 consubstantiale,
376 3177 525 3256 superflua
546 3175 756 3238 lueritllariae
779 3175 891 3236 mentio
913 3183 943 3237 et
965 3175 1172 3249 ministerium,

29 3291 147 3354 corpus
177 3282 245 3338 aute
266 3275 386 3340 ldarium
416 3277 452 3339 ab
475 3287 595 3339 aeterno
619 3295 686 3339 esse
708 3276 820 3356 possit,
849 3283 881 3339 ut
909 3285 957 3338 est
978 3277 1075 3356 ipsum
1098 3277 1172 3339 Ver-

17 3402 25 3454 3
53 3377 82 3440 si
107 3384 218 3452 tamen,
240 3388 273 3440 ut
297 3397 351 3440 ros
372 3362 481 3452 dicitis,
504 3377 758 3440 consubstantiale
780 3385 827 3438 est
848 3379 978 3457 corpori.
1023 3377 1175 3452 Quaenam

33 3477 207 3542 necessitas
229 3479 317 3542 Verbi
340 3481 491 3554 adrentus,
516 3488 549 3540 ut
570 3480 618 3542 vel
638 3479 720 3554 illud,
747 3478 826 3558 quod
848 3477 905 3540 sibi
927 3478 1177 3544 consubstantiale

34 3580 192 3652 indueret,
214 3579 261 3641 vol
283 3589 427 3644 mutatum
450 3601 466 3643 a
488 3583 611 3664 propria
632 3591 735 3644 natura
757 3600 865 3668 corpus
888 3579 1078 3644 efficeretur?
1109 3581 1177 3643 Non

9 3707 14 3746 ι
41 3681 180 3761 seipsam
201 3679 302 3744 Deitas
328 3683 462 3758 assumit,
489 3693 524 3746 ut
543 3684 622 3764 quod
643 3683 701 3746 sibi
723 3681 974 3745 consubstantiale
996 3689 1043 3744 est
1063 3681 1175 3744 induat.

15 3801 124 3864 neque
147 3781 278 3860 peccarit
300 3783 444 3858 Verbum,
467 3785 548 3865 quod
570 3783 694 3848 aliorum
715 3795 834 3864 peccata
855 3783 1000 3856 redemit,
1023 3793 1055 3844 ut
1076 3789 1174 3846 muta-

9 3937 115 3992 Goblsr.
136 3941 163 3984 et
180 3933 286 3984 Falclm.
305 3935 326 3984 l.
343 3927 369 3984 al
385 3928 535 4001 spondam
587 3937 613 3986 ln
632 3937 702 3986 editis
720 3929 829 4001 σώματι
848 3928 944 4051 &spor
961 3935 1070 4002 σημαΙν.
1108 3937 1174 3996 Quae

9 4003 38 4073 ty
86 3997 121 4052 τὸ
143 3998 236 4066 σῶμα.
586 4011 720 4068 sequuntur
737 4013 816 4055 autem
834 3997 866 4051 τὸ
901 3995 970 4057 tate
987 3997 1076 4069 σάρκα
1094 4020 1106 4053 a
1126 4006 1175 4056 Ga-

9 4090 45 4124 :aa
65 4075 142 4124 deest
164 4070 188 4118 iu
208 4067 280 4118 basil.
587 4071 648 4120 iasio
672 4073 774 4121 citantur
797 4073 821 4121 iu
840 4071 903 4123 libro
922 4074 952 4122 da
970 4073 1064 4122 duabus
1082 4071 1173 4122 naturis

9 4139 31 4194 ἔκ
50 4139 107 4208 γῆς
125 4129 188 4204 γάρ
208 4137 278 4186 Gobl.
297 4135 401 4186 l'elclm.
420 4136 441 4186 l.
461 4137 535 4198 Segu.
588 4135 623 4204 [p.
637 4137 694 4188 did.
714 4131 817 4205 col.2.],
835 4139 879 4190 sed
897 4140 969 4204 paulo
988 4141 1089 4190 diverse.

9 4215 58 4277 pn
100 4206 171 4258 esau
191 4195 220 4252 ta
242 4202 291 4264 τῆς
312 4197 367 4269 γὰρ
390 4201 442 4268 γῆς
463 4197 536 4272 πρὸς
621 4207 635 4255 ι.
655 4207 695 4256 su
713 4207 810 4272 &guse
830 4215 854 4256 u
871 4207 958 4272 upupa.
977 4215 1049 4271 atque
1067 4206 1098 4254 n·
1116 4203 1174 4265 nga

9 4295 29 4332 ις
58 4265 259 4343 respexisse,
293 4265 443 4340 dpaoodorov
468 4265 535 4340 γάρ.
586 4271 701 4323 Noouios.
736 4275 780 4324 liii
798 4282 822 4326 ct
840 4275 898 4326 editi
913 4270 960 4323 aul
978 4271 1018 4326 ric
1034 4267 1059 4332 ἧ.

9 4365 22 4398 n
42 4339 104 4413 γάρ
124 4343 199 4394 deest
217 4343 241 4391 iu
258 4341 344 4405 Epipb.
621 4342 643 4390 tn
661 4341 695 4390 lta
719 4342 817 4404 Separor.
836 4341 925 4404 inglu.
945 4341 1014 4392 [lobi.
1035 4338 1172 4388 Felslmt.

9 4417 52 4464 Sic
78 4411 178 4472 anglic
197 4407 269 4460 basil.
288 4411 387 4472 Seuuor.
407 4418 430 4459 at
448 4409 537 4474 Epipb.
587 4409 713 4474 etllpipb.
747 4409 808 4460 llditi
827 4405 1041 4475 malsrpmeluu
1058 4399 1121 4470 πρό.
