<?xml version="1.0" encoding="UTF-8"?>
<!DOCTYPE html PUBLIC "-//W3C//DTD XHTML 1.0 Transitional//EN"
    "http://www.w3.org/TR/xhtml1/DTD/xhtml1-transitional.dtd">
<html xmlns="http://www.w3.org/1999/xhtml" xml:lang="en" lang="en">
 <head>
  <title>
</title>
<meta http-equiv="Content-Type" content="text/html;charset=utf-8" />
  <meta name='ocr-system' content='tesseract 3.04.00' />
  <meta name='ocr-capabilities' content='ocr_page ocr_carea ocr_par ocr_line ocrx_word'/>
</head>
<body>
  <div class='ocr_page' id='page_1' title='image "./sanctiathanasii03athagoog_0307.png"; bbox 0 0 3216 5048; ppageno 0'>
   <div class='ocr_carea' id='block_1_1' title="bbox 527 267 1354 333">
    <p class='ocr_par' dir='ltr' id='par_1_1' title="bbox 527 267 1354 333">
     <span class='ocr_line' id='line_1_1' title="bbox 527 267 1354 333; baseline 0.005 -7"><span class='ocrx_word' id='word_1_1' title='bbox 527 279 806 326; x_wconf 80' lang='lat' dir='ltr'>enarrenecarna</span> <span class='ocrx_word' id='word_1_2' title='bbox 820 280 955 326; x_wconf 81' lang='lat' dir='ltr'>munos.</span> <span class='ocrx_word' id='word_1_3' title='bbox 1293 267 1354 333; x_wconf 84' lang='lat' dir='ltr'>tm</span> 
     </span>
    </p>
   </div>
   <div class='ocr_carea' id='block_1_2' title="bbox 79 431 1447 2442">
    <p class='ocr_par' dir='ltr' id='par_1_2' title="bbox 126 431 1444 1023">
     <span class='ocr_line' id='line_1_2' title="bbox 126 431 1444 521; baseline -0.005 -21"><span class='ocrx_word' id='word_1_4' title='bbox 126 433 212 521; x_wconf 80' lang='lat' dir='ltr'>qaai&#39;</span> <span class='ocrx_word' id='word_1_5' title='bbox 253 435 328 500; x_wconf 86' lang='lat' dir='ltr'>llam</span> <span class='ocrx_word' id='word_1_6' title='bbox 349 431 516 504; x_wconf 77' lang='lat' dir='ltr'>verebatur,</span> <span class='ocrx_word' id='word_1_7' title='bbox 538 449 576 494; x_wconf 92' lang='lat' dir='ltr'>ne</span> <span class='ocrx_word' id='word_1_8' title='bbox 598 431 682 494; x_wconf 88' lang='lat' dir='ltr'>alteri</span> <span class='ocrx_word' id='word_1_9' title='bbox 703 451 851 515; x_wconf 89' lang='lat' dir='ltr'>personae</span> <span class='ocrx_word' id='word_1_10' title='bbox 872 433 964 496; x_wconf 82' lang='lat' dir='ltr'>verba</span> <span class='ocrx_word' id='word_1_11' title='bbox 978 431 1149 514; x_wconf 80' lang='lat' dir='ltr'>Scripturas</span> <span class='ocrx_word' id='word_1_12' title='bbox 1169 433 1444 497; x_wconf 65' lang='lat' dir='ltr'>attribuendarae.</span> 
     </span>
     <span class='ocr_line' id='line_1_3' title="bbox 128 533 1359 617; baseline -0.003 -14"><span class='ocrx_word' id='word_1_13' title='bbox 128 558 146 602; x_wconf 89' lang='lat' dir='ltr'>a</span> <span class='ocrx_word' id='word_1_14' title='bbox 167 545 250 602; x_wconf 89' lang='lat' dir='ltr'>recto</span> <span class='ocrx_word' id='word_1_15' title='bbox 272 554 366 601; x_wconf 90' lang='lat' dir='ltr'>sensu</span> <span class='ocrx_word' id='word_1_16' title='bbox 388 534 567 598; x_wconf 89' lang='lat' dir='ltr'>delleeteret.</span> <span class='ocrx_word' id='word_1_17' title='bbox 612 533 755 597; x_wconf 81' lang='lat' dir='ltr'>Similiter</span> <span class='ocrx_word' id='word_1_18' title='bbox 773 534 915 616; x_wconf 74' lang='lat' dir='ltr'>Discipuli</span> <span class='ocrx_word' id='word_1_19' title='bbox 937 541 1054 617; x_wconf 88' lang='lat' dir='ltr'>tempus</span> <span class='ocrx_word' id='word_1_20' title='bbox 1077 553 1188 610; x_wconf 90' lang='lat' dir='ltr'>rernm,</span> <span class='ocrx_word' id='word_1_21' title='bbox 1212 553 1286 616; x_wconf 89' lang='lat' dir='ltr'>quas</span> <span class='ocrx_word' id='word_1_22' title='bbox 1308 537 1359 599; x_wconf 89' lang='lat' dir='ltr'>ln·</span> 
     </span>
     <span class='ocr_line' id='line_1_4' title="bbox 127 635 1359 726; baseline -0.005 -22"><span class='ocrx_word' id='word_1_23' title='bbox 127 650 209 706; x_wconf 88' lang='lat' dir='ltr'>turae</span> <span class='ocrx_word' id='word_1_24' title='bbox 230 636 421 722; x_wconf 75' lang='lat' dir='ltr'>praedicebat</span> <span class='ocrx_word' id='word_1_25' title='bbox 440 635 597 710; x_wconf 82' lang='lat' dir='ltr'>Dominus,</span> <span class='ocrx_word' id='word_1_26' title='bbox 621 635 736 715; x_wconf 76' lang='lat' dir='ltr'>discere</span> <span class='ocrx_word' id='word_1_27' title='bbox 758 635 923 716; x_wconf 88' lang='lat' dir='ltr'>cupientes,</span> <span class='ocrx_word' id='word_1_28' title='bbox 946 656 1013 726; x_wconf 79' lang='lat' dir='ltr'>enm</span> <span class='ocrx_word' id='word_1_29' title='bbox 1035 639 1093 701; x_wconf 91' lang='lat' dir='ltr'>bec</span> <span class='ocrx_word' id='word_1_30' title='bbox 1112 637 1204 700; x_wconf 90' lang='lat' dir='ltr'>mado</span> <span class='ocrx_word' id='word_1_31' title='bbox 1226 637 1359 700; x_wconf 88' lang='lat' dir='ltr'>interro-</span> 
     </span>
     <span class='ocr_line' id='line_1_5' title="bbox 128 735 1359 824; baseline -0.004 -18"><span class='ocrx_word' id='word_1_32' title='bbox 128 742 254 824; x_wconf 74' lang='lat' dir='ltr'>gabant:</span> <span class='ocrx_word' id='word_1_33' title='bbox 275 743 333 804; x_wconf 80' lang='lat' dir='ltr'>Die</span> <span class='ocrx_word' id='word_1_34' title='bbox 354 739 441 802; x_wconf 82' lang='lat' dir='ltr'>nabis</span> <span class='ocrx_word' id='word_1_35' title='bbox 465 738 586 818; x_wconf 77' lang='lat' dir='ltr'>quaeda</span> <span class='ocrx_word' id='word_1_36' title='bbox 610 737 682 800; x_wconf 82' lang='lat' dir='ltr'>bace</span> <span class='ocrx_word' id='word_1_37' title='bbox 704 747 804 810; x_wconf 79' lang='lat' dir='ltr'>creat,</span> <span class='ocrx_word' id='word_1_38' title='bbox 827 749 855 801; x_wconf 87' lang='lat' dir='ltr'>et</span> <span class='ocrx_word' id='word_1_39' title='bbox 876 739 956 818; x_wconf 84' lang='lat' dir='ltr'>qaod</span> <span class='ocrx_word' id='word_1_40' title='bbox 977 743 1095 820; x_wconf 76' lang='lat' dir='ltr'>ripariae</span> <span class='ocrx_word' id='word_1_41' title='bbox 1116 739 1264 804; x_wconf 79' lang='lat' dir='ltr'>adnectas</span> <span class='ocrx_word' id='word_1_42' title='bbox 1287 735 1359 804; x_wconf 75' lang='lat' dir='ltr'>tail‘</span> 
     </span>
     <span class='ocr_line' id='line_1_6' title="bbox 128 835 1357 921; baseline -0.002 -14"><span class='ocrx_word' id='word_1_43' title='bbox 128 844 223 906; x_wconf 90' lang='lat' dir='ltr'>Iidem</span> <span class='ocrx_word' id='word_1_44' title='bbox 245 859 364 921; x_wconf 90' lang='lat' dir='ltr'>qnoque</span> <span class='ocrx_word' id='word_1_45' title='bbox 386 856 452 900; x_wconf 89' lang='lat' dir='ltr'>cum</span> <span class='ocrx_word' id='word_1_46' title='bbox 474 857 524 912; x_wconf 90' lang='lat' dir='ltr'>ea,</span> <span class='ocrx_word' id='word_1_47' title='bbox 547 855 622 918; x_wconf 90' lang='lat' dir='ltr'>quae</span> <span class='ocrx_word' id='word_1_48' title='bbox 644 839 732 898; x_wconf 84' lang='lat' dir='ltr'>libem</span> <span class='ocrx_word' id='word_1_49' title='bbox 755 835 857 900; x_wconf 89' lang='lat' dir='ltr'>mnndi</span> <span class='ocrx_word' id='word_1_50' title='bbox 879 837 1065 916; x_wconf 78' lang='lat' dir='ltr'>spectabant,</span> <span class='ocrx_word' id='word_1_51' title='bbox 1087 859 1104 900; x_wconf 92' lang='lat' dir='ltr'>a</span> <span class='ocrx_word' id='word_1_52' title='bbox 1127 840 1279 904; x_wconf 81' lang='lat' dir='ltr'>Salvatore</span> <span class='ocrx_word' id='word_1_53' title='bbox 1301 860 1357 904; x_wconf 91' lang='lat' dir='ltr'>au·</span> 
     </span>
     <span class='ocr_line' id='line_1_7' title="bbox 131 938 1360 1023; baseline -0.001 -16"><span class='ocrx_word' id='word_1_54' title='bbox 131 945 240 1016; x_wconf 86' lang='lat' dir='ltr'>direut,</span> <span class='ocrx_word' id='word_1_55' title='bbox 263 940 327 1002; x_wconf 89' lang='lat' dir='ltr'>eius</span> <span class='ocrx_word' id='word_1_56' title='bbox 349 946 501 1020; x_wconf 88' lang='lat' dir='ltr'>praetcrea</span> <span class='ocrx_word' id='word_1_57' title='bbox 524 945 641 1018; x_wconf 91' lang='lat' dir='ltr'>tempus</span> <span class='ocrx_word' id='word_1_58' title='bbox 663 938 779 1002; x_wconf 77' lang='lat' dir='ltr'>discere</span> <span class='ocrx_word' id='word_1_59' title='bbox 801 938 1005 1018; x_wconf 78' lang='lat' dir='ltr'>peroptabant,</span> <span class='ocrx_word' id='word_1_60' title='bbox 1026 949 1061 1002; x_wconf 89' lang='lat' dir='ltr'>nt</span> <span class='ocrx_word' id='word_1_61' title='bbox 1076 959 1131 1003; x_wconf 90' lang='lat' dir='ltr'>nec</span> <span class='ocrx_word' id='word_1_62' title='bbox 1144 944 1201 1023; x_wconf 86' lang='lat' dir='ltr'>ipsi</span> <span class='ocrx_word' id='word_1_63' title='bbox 1224 951 1360 1006; x_wconf 90' lang='lat' dir='ltr'>errarent</span> 
     </span>
    </p>

    <p class='ocr_par' dir='ltr' id='par_1_3' title="bbox 135 1039 1358 1126">
     <span class='ocr_line' id='line_1_8' title="bbox 135 1039 1358 1126; baseline 0 -20"><span class='ocrx_word' id='word_1_64' title='bbox 135 1052 165 1106; x_wconf 91' lang='lat' dir='ltr'>ct</span> <span class='ocrx_word' id='word_1_65' title='bbox 186 1041 261 1104; x_wconf 90' lang='lat' dir='ltr'>alios</span> <span class='ocrx_word' id='word_1_66' title='bbox 281 1047 406 1121; x_wconf 88' lang='lat' dir='ltr'>possent</span> <span class='ocrx_word' id='word_1_67' title='bbox 428 1039 545 1102; x_wconf 84' lang='lat' dir='ltr'>docere.</span> <span class='ocrx_word' id='word_1_68' title='bbox 590 1040 678 1114; x_wconf 79' lang='lat' dir='ltr'>Quod</span> <span class='ocrx_word' id='word_1_69' title='bbox 693 1059 760 1102; x_wconf 91' lang='lat' dir='ltr'>eum</span> <span class='ocrx_word' id='word_1_70' title='bbox 782 1039 966 1114; x_wconf 85' lang='lat' dir='ltr'>didicissent,</span> <span class='ocrx_word' id='word_1_71' title='bbox 990 1040 1284 1119; x_wconf 77' lang='lat' dir='ltr'>Thessalonicenses,</span> <span class='ocrx_word' id='word_1_72' title='bbox 1307 1043 1358 1126; x_wconf 89' lang='lat' dir='ltr'>qai</span> 
     </span>
    </p>

    <p class='ocr_par' dir='ltr' id='par_1_4' title="bbox 128 1139 1362 1732">
     <span class='ocr_line' id='line_1_9' title="bbox 134 1139 1359 1226; baseline 0.003 -20"><span class='ocrx_word' id='word_1_73' title='bbox 134 1143 164 1206; x_wconf 92' lang='lat' dir='ltr'>in</span> <span class='ocrx_word' id='word_1_74' title='bbox 185 1142 321 1224; x_wconf 86' lang='lat' dir='ltr'>proximo</span> <span class='ocrx_word' id='word_1_75' title='bbox 344 1141 458 1204; x_wconf 89' lang='lat' dir='ltr'>erroris</span> <span class='ocrx_word' id='word_1_76' title='bbox 481 1150 565 1203; x_wconf 91' lang='lat' dir='ltr'>erant</span> <span class='ocrx_word' id='word_1_77' title='bbox 585 1142 733 1222; x_wconf 90' lang='lat' dir='ltr'>periculo,</span> <span class='ocrx_word' id='word_1_78' title='bbox 763 1149 967 1206; x_wconf 84' lang='lat' dir='ltr'>correxerunt.</span> <span class='ocrx_word' id='word_1_79' title='bbox 1011 1139 1066 1204; x_wconf 90' lang='lat' dir='ltr'>Ubi</span> <span class='ocrx_word' id='word_1_80' title='bbox 1095 1141 1183 1222; x_wconf 78' lang='lat' dir='ltr'>igitur</span> <span class='ocrx_word' id='word_1_81' title='bbox 1210 1143 1266 1204; x_wconf 90' lang='lat' dir='ltr'>ista</span> <span class='ocrx_word' id='word_1_82' title='bbox 1292 1147 1359 1226; x_wconf 89' lang='lat' dir='ltr'>quis</span> 
     </span>
     <span class='ocr_line' id='line_1_10' title="bbox 130 1242 1360 1324; baseline 0.002 -19"><span class='ocrx_word' id='word_1_83' title='bbox 130 1242 225 1324; x_wconf 86' lang='lat' dir='ltr'>probe</span> <span class='ocrx_word' id='word_1_84' title='bbox 246 1243 475 1317; x_wconf 66' lang='lat' dir='ltr'>nuceriensem</span> <span class='ocrx_word' id='word_1_85' title='bbox 497 1263 531 1306; x_wconf 90' lang='lat' dir='ltr'>ae</span> <span class='ocrx_word' id='word_1_86' title='bbox 553 1262 625 1306; x_wconf 89' lang='lat' dir='ltr'>sana</span> <span class='ocrx_word' id='word_1_87' title='bbox 647 1245 705 1308; x_wconf 89' lang='lat' dir='ltr'>lide</span> <span class='ocrx_word' id='word_1_88' title='bbox 727 1264 776 1306; x_wconf 91' lang='lat' dir='ltr'>res</span> <span class='ocrx_word' id='word_1_89' title='bbox 799 1253 845 1307; x_wconf 89' lang='lat' dir='ltr'>est</span> <span class='ocrx_word' id='word_1_90' title='bbox 866 1245 1081 1308; x_wconf 84' lang='lat' dir='ltr'>intellecturus.</span> <span class='ocrx_word' id='word_1_91' title='bbox 1118 1243 1170 1306; x_wconf 90' lang='lat' dir='ltr'>Sin</span> <span class='ocrx_word' id='word_1_92' title='bbox 1190 1253 1288 1306; x_wconf 90' lang='lat' dir='ltr'>autem</span> <span class='ocrx_word' id='word_1_93' title='bbox 1303 1247 1360 1308; x_wconf 84' lang='lat' dir='ltr'>alio</span> 
     </span>
     <span class='ocr_line' id='line_1_11' title="bbox 130 1342 1361 1427; baseline 0 -19"><span class='ocrx_word' id='word_1_94' title='bbox 130 1346 221 1408; x_wconf 88' lang='lat' dir='ltr'>modo</span> <span class='ocrx_word' id='word_1_95' title='bbox 244 1345 353 1408; x_wconf 90' lang='lat' dir='ltr'>horum</span> <span class='ocrx_word' id='word_1_96' title='bbox 375 1344 481 1424; x_wconf 88' lang='lat' dir='ltr'>aliquid</span> <span class='ocrx_word' id='word_1_97' title='bbox 505 1342 702 1426; x_wconf 80' lang='lat' dir='ltr'>explicaverit,</span> <span class='ocrx_word' id='word_1_98' title='bbox 725 1347 825 1408; x_wconf 86' lang='lat' dir='ltr'>statim</span> <span class='ocrx_word' id='word_1_99' title='bbox 847 1347 958 1408; x_wconf 89' lang='lat' dir='ltr'>incidet</span> <span class='ocrx_word' id='word_1_100' title='bbox 972 1345 1002 1406; x_wconf 92' lang='lat' dir='ltr'>in</span> <span class='ocrx_word' id='word_1_101' title='bbox 1017 1345 1176 1408; x_wconf 87' lang='lat' dir='ltr'>baeresim.</span> <span class='ocrx_word' id='word_1_102' title='bbox 1209 1345 1286 1408; x_wconf 88' lang='lat' dir='ltr'>Hinc</span> <span class='ocrx_word' id='word_1_103' title='bbox 1299 1347 1361 1427; x_wconf 73' lang='lat' dir='ltr'>lly-</span> 
     </span>
     <span class='ocr_line' id='line_1_12' title="bbox 130 1445 1361 1528; baseline 0 -20"><span class='ocrx_word' id='word_1_104' title='bbox 130 1465 274 1510; x_wconf 89' lang='lat' dir='ltr'>menaeus</span> <span class='ocrx_word' id='word_1_105' title='bbox 296 1455 327 1508; x_wconf 94' lang='lat' dir='ltr'>et</span> <span class='ocrx_word' id='word_1_106' title='bbox 346 1445 520 1520; x_wconf 77' lang='lat' dir='ltr'>Alexander,</span> <span class='ocrx_word' id='word_1_107' title='bbox 541 1447 592 1528; x_wconf 91' lang='lat' dir='ltr'>qui</span> <span class='ocrx_word' id='word_1_108' title='bbox 615 1447 866 1510; x_wconf 85' lang='lat' dir='ltr'>resurrectionem</span> <span class='ocrx_word' id='word_1_109' title='bbox 888 1446 947 1508; x_wconf 89' lang='lat' dir='ltr'>iam</span> <span class='ocrx_word' id='word_1_110' title='bbox 962 1449 1068 1510; x_wconf 71' lang='lat' dir='ltr'>laeum</span> <span class='ocrx_word' id='word_1_111' title='bbox 1084 1465 1152 1510; x_wconf 89' lang='lat' dir='ltr'>esse</span> <span class='ocrx_word' id='word_1_112' title='bbox 1166 1447 1361 1522; x_wconf 86' lang='lat' dir='ltr'>affirmabant,</span> 
     </span>
     <span class='ocr_line' id='line_1_13' title="bbox 131 1547 1361 1630; baseline 0.001 -21"><span class='ocrx_word' id='word_1_113' title='bbox 131 1555 250 1629; x_wconf 88' lang='lat' dir='ltr'>tempus</span> <span class='ocrx_word' id='word_1_114' title='bbox 273 1547 491 1628; x_wconf 84' lang='lat' dir='ltr'>praevenienda</span> <span class='ocrx_word' id='word_1_115' title='bbox 514 1557 704 1624; x_wconf 83' lang='lat' dir='ltr'>erraveramt,</span> <span class='ocrx_word' id='word_1_116' title='bbox 738 1548 856 1612; x_wconf 78' lang='lat' dir='ltr'>Galatae</span> <span class='ocrx_word' id='word_1_117' title='bbox 878 1567 949 1610; x_wconf 83' lang='lat' dir='ltr'>vero</span> <span class='ocrx_word' id='word_1_118' title='bbox 971 1557 1042 1629; x_wconf 88' lang='lat' dir='ltr'>post</span> <span class='ocrx_word' id='word_1_119' title='bbox 1063 1558 1181 1630; x_wconf 88' lang='lat' dir='ltr'>tempus</span> <span class='ocrx_word' id='word_1_120' title='bbox 1205 1549 1361 1612; x_wconf 90' lang='lat' dir='ltr'>circumci-</span> 
     </span>
     <span class='ocr_line' id='line_1_14' title="bbox 128 1631 1362 1732; baseline -0.002 -16"><span class='ocrx_word' id='word_1_121' title='bbox 128 1649 248 1716; x_wconf 81' lang='lat' dir='ltr'>sionem</span> <span class='ocrx_word' id='word_1_122' title='bbox 271 1667 349 1712; x_wconf 91' lang='lat' dir='ltr'>nanc</span> <span class='ocrx_word' id='word_1_123' title='bbox 370 1649 585 1730; x_wconf 89' lang='lat' dir='ltr'>amplectenda.</span> <span class='ocrx_word' id='word_1_124' title='bbox 629 1650 809 1712; x_wconf 84' lang='lat' dir='ltr'>Errarerunt</span> <span class='ocrx_word' id='word_1_125' title='bbox 824 1649 962 1712; x_wconf 88' lang='lat' dir='ltr'>similiter</span> <span class='ocrx_word' id='word_1_126' title='bbox 982 1651 1013 1712; x_wconf 92' lang='lat' dir='ltr'>in</span> <span class='ocrx_word' id='word_1_127' title='bbox 1027 1631 1159 1730; x_wconf 86' lang='lat' dir='ltr'>persana</span> <span class='ocrx_word' id='word_1_128' title='bbox 1173 1651 1362 1732; x_wconf 80' lang='lat' dir='ltr'>intelligenda</span> 
     </span>
    </p>

    <p class='ocr_par' dir='ltr' id='par_1_5' title="bbox 131 1749 1361 1834">
     <span class='ocr_line' id='line_1_15' title="bbox 131 1749 1361 1834; baseline 0.003 -22"><span class='ocrx_word' id='word_1_129' title='bbox 131 1759 162 1812; x_wconf 93' lang='lat' dir='ltr'>et</span> <span class='ocrx_word' id='word_1_130' title='bbox 182 1749 342 1814; x_wconf 90' lang='lat' dir='ltr'>etiamnum</span> <span class='ocrx_word' id='word_1_131' title='bbox 372 1759 473 1813; x_wconf 91' lang='lat' dir='ltr'>errant</span> <span class='ocrx_word' id='word_1_132' title='bbox 495 1751 612 1828; x_wconf 91' lang='lat' dir='ltr'>ludaei,</span> <span class='ocrx_word' id='word_1_133' title='bbox 644 1753 695 1832; x_wconf 90' lang='lat' dir='ltr'>qui</span> <span class='ocrx_word' id='word_1_134' title='bbox 724 1752 893 1815; x_wconf 84' lang='lat' dir='ltr'>existimant</span> <span class='ocrx_word' id='word_1_135' title='bbox 920 1751 958 1814; x_wconf 89' lang='lat' dir='ltr'>de</span> <span class='ocrx_word' id='word_1_136' title='bbox 985 1752 1084 1833; x_wconf 91' lang='lat' dir='ltr'>aliquo</span> <span class='ocrx_word' id='word_1_137' title='bbox 1113 1772 1149 1814; x_wconf 84' lang='lat' dir='ltr'>ex</span> <span class='ocrx_word' id='word_1_138' title='bbox 1178 1754 1252 1834; x_wconf 87' lang='lat' dir='ltr'>ipsis</span> <span class='ocrx_word' id='word_1_139' title='bbox 1280 1753 1361 1818; x_wconf 88' lang='lat' dir='ltr'>istud</span> 
     </span>
    </p>

    <p class='ocr_par' dir='ltr' id='par_1_6' title="bbox 79 1843 1447 2442">
     <span class='ocr_line' id='line_1_16' title="bbox 79 1843 1360 1936; baseline 0.005 -24"><span class='ocrx_word' id='word_1_140' title='bbox 79 1843 83 1852; x_wconf 84' lang='lat'>&#39;</span> <span class='ocrx_word' id='word_1_141' title='bbox 131 1851 203 1914; x_wconf 88' lang='lat' dir='ltr'>dici:</span> <span class='ocrx_word' id='word_1_142' title='bbox 231 1853 305 1914; x_wconf 80' lang='lat' dir='ltr'>licre</span> <span class='ocrx_word' id='word_1_143' title='bbox 331 1851 418 1934; x_wconf 84' lang='lat' dir='ltr'>Virpc</span> <span class='ocrx_word' id='word_1_144' title='bbox 442 1857 588 1935; x_wconf 81' lang='lat' dir='ltr'>caaa&#39;piet</span> <span class='ocrx_word' id='word_1_145' title='bbox 610 1863 640 1916; x_wconf 84' lang='lat' dir='ltr'>et</span> <span class='ocrx_word' id='word_1_146' title='bbox 657 1857 762 1934; x_wconf 86' lang='lat' dir='ltr'>pariet</span> <span class='ocrx_word' id='word_1_147' title='bbox 782 1853 896 1936; x_wconf 73' lang='lat' dir='ltr'>filiam,</span> <span class='ocrx_word' id='word_1_148' title='bbox 924 1865 954 1916; x_wconf 86' lang='lat' dir='ltr'>et</span> <span class='ocrx_word' id='word_1_149' title='bbox 980 1855 1131 1918; x_wconf 81' lang='lat' dir='ltr'>vacabant</span> <span class='ocrx_word' id='word_1_150' title='bbox 1158 1874 1267 1920; x_wconf 81' lang='lat' dir='ltr'>nomen</span> <span class='ocrx_word' id='word_1_151' title='bbox 1296 1859 1360 1920; x_wconf 75' lang='lat' dir='ltr'>eise</span> 
     </span>
     <span class='ocr_line' id='line_1_17' title="bbox 132 1951 1361 2036; baseline 0.006 -23"><span class='ocrx_word' id='word_1_152' title='bbox 132 1951 324 2030; x_wconf 74' lang='lat' dir='ltr'>Emmanuel,</span> <span class='ocrx_word' id='word_1_153' title='bbox 353 1956 432 2036; x_wconf 83' lang='lat' dir='ltr'>qaod</span> <span class='ocrx_word' id='word_1_154' title='bbox 453 1965 498 2016; x_wconf 85' lang='lat' dir='ltr'>est</span> <span class='ocrx_word' id='word_1_155' title='bbox 519 1958 771 2036; x_wconf 82' lang='lat' dir='ltr'>interpretatam,</span> <span class='ocrx_word' id='word_1_156' title='bbox 799 1957 956 2020; x_wconf 82' lang='lat' dir='ltr'>nobiscnm</span> <span class='ocrx_word' id='word_1_157' title='bbox 977 1956 1076 2028; x_wconf 83' lang='lat' dir='ltr'>Deae,</span> <span class='ocrx_word' id='word_1_158' title='bbox 1104 1975 1170 2018; x_wconf 88' lang='lat' dir='ltr'>eum</span> <span class='ocrx_word' id='word_1_159' title='bbox 1193 1957 1265 2019; x_wconf 91' lang='lat' dir='ltr'>item</span> <span class='ocrx_word' id='word_1_160' title='bbox 1286 1957 1361 2020; x_wconf 90' lang='lat' dir='ltr'>baec</span> 
     </span>
     <span class='ocr_line' id='line_1_18' title="bbox 132 2050 1359 2139; baseline 0.006 -26"><span class='ocrx_word' id='word_1_161' title='bbox 132 2050 236 2116; x_wconf 89' lang='lat' dir='ltr'>verba:</span> <span class='ocrx_word' id='word_1_162' title='bbox 265 2053 447 2137; x_wconf 79' lang='lat' dir='ltr'>Prophetiam</span> <span class='ocrx_word' id='word_1_163' title='bbox 475 2058 559 2120; x_wconf 81' lang='lat' dir='ltr'>vobis</span> <span class='ocrx_word' id='word_1_164' title='bbox 582 2059 740 2121; x_wconf 84' lang='lat' dir='ltr'>suscitabit</span> <span class='ocrx_word' id='word_1_165' title='bbox 761 2058 858 2130; x_wconf 86' lang='lat' dir='ltr'>Deus,</span> <span class='ocrx_word' id='word_1_166' title='bbox 887 2059 924 2120; x_wconf 89' lang='lat' dir='ltr'>de</span> <span class='ocrx_word' id='word_1_167' title='bbox 953 2057 1050 2138; x_wconf 89' lang='lat' dir='ltr'>aliqua</span> <span class='ocrx_word' id='word_1_168' title='bbox 1073 2057 1289 2139; x_wconf 88' lang='lat' dir='ltr'>Prophetarum</span> <span class='ocrx_word' id='word_1_169' title='bbox 1310 2059 1359 2120; x_wconf 90' lang='lat' dir='ltr'>in-</span> 
     </span>
     <span class='ocr_line' id='line_1_19' title="bbox 133 2155 1447 2235; baseline 0 -20"><span class='ocrx_word' id='word_1_170' title='bbox 133 2155 222 2235; x_wconf 78' lang='lat' dir='ltr'>telligi</span> <span class='ocrx_word' id='word_1_171' title='bbox 243 2157 432 2233; x_wconf 85' lang='lat' dir='ltr'>arbitrantur,</span> <span class='ocrx_word' id='word_1_172' title='bbox 455 2167 484 2220; x_wconf 92' lang='lat' dir='ltr'>et</span> <span class='ocrx_word' id='word_1_173' title='bbox 504 2159 664 2220; x_wconf 81' lang='lat' dir='ltr'>verberum</span> <span class='ocrx_word' id='word_1_174' title='bbox 686 2160 828 2222; x_wconf 88' lang='lat' dir='ltr'>istorum:</span> <span class='ocrx_word' id='word_1_175' title='bbox 851 2158 937 2223; x_wconf 83' lang='lat' dir='ltr'>Sicut</span> <span class='ocrx_word' id='word_1_176' title='bbox 959 2163 1023 2222; x_wconf 81' lang='lat' dir='ltr'>onis</span> <span class='ocrx_word' id='word_1_177' title='bbox 1045 2160 1086 2223; x_wconf 83' lang='lat' dir='ltr'>ad</span> <span class='ocrx_word' id='word_1_178' title='bbox 1108 2163 1284 2222; x_wconf 71' lang='lat' dir='ltr'>scarionem</span> <span class='ocrx_word' id='word_1_179' title='bbox 1302 2161 1447 2222; x_wconf 63' lang='lat' dir='ltr'>dea-rm.</span> 
     </span>
     <span class='ocr_line' id='line_1_20' title="bbox 134 2258 1362 2341; baseline 0.002 -21"><span class='ocrx_word' id='word_1_180' title='bbox 134 2266 199 2322; x_wconf 83' lang='lat' dir='ltr'>ctas</span> <span class='ocrx_word' id='word_1_181' title='bbox 222 2272 267 2323; x_wconf 84' lang='lat' dir='ltr'>est</span> <span class='ocrx_word' id='word_1_182' title='bbox 287 2259 563 2339; x_wconf 87' lang='lat' dir='ltr'>interpretationem</span> <span class='ocrx_word' id='word_1_183' title='bbox 584 2277 645 2321; x_wconf 91' lang='lat' dir='ltr'>uon</span> <span class='ocrx_word' id='word_1_184' title='bbox 667 2278 684 2321; x_wconf 91' lang='lat' dir='ltr'>a</span> <span class='ocrx_word' id='word_1_185' title='bbox 706 2259 843 2341; x_wconf 88' lang='lat' dir='ltr'>Philippo</span> <span class='ocrx_word' id='word_1_186' title='bbox 866 2259 996 2333; x_wconf 87' lang='lat' dir='ltr'>diseunt,</span> <span class='ocrx_word' id='word_1_187' title='bbox 1025 2259 1079 2321; x_wconf 89' lang='lat' dir='ltr'>sed</span> <span class='ocrx_word' id='word_1_188' title='bbox 1101 2259 1160 2321; x_wconf 92' lang='lat' dir='ltr'>illis</span> <span class='ocrx_word' id='word_1_189' title='bbox 1181 2258 1289 2321; x_wconf 88' lang='lat' dir='ltr'>isaiam</span> <span class='ocrx_word' id='word_1_190' title='bbox 1310 2269 1362 2322; x_wconf 91' lang='lat' dir='ltr'>ant</span> 
     </span>
     <span class='ocr_line' id='line_1_21' title="bbox 133 2357 937 2442; baseline 0.004 -24"><span class='ocrx_word' id='word_1_191' title='bbox 133 2357 222 2420; x_wconf 90' lang='lat' dir='ltr'>alium</span> <span class='ocrx_word' id='word_1_192' title='bbox 244 2359 371 2438; x_wconf 88' lang='lat' dir='ltr'>aliquem</span> <span class='ocrx_word' id='word_1_193' title='bbox 393 2359 573 2437; x_wconf 86' lang='lat' dir='ltr'>Prophetam</span> <span class='ocrx_word' id='word_1_194' title='bbox 596 2357 746 2440; x_wconf 78' lang='lat' dir='ltr'>designari</span> <span class='ocrx_word' id='word_1_195' title='bbox 769 2361 937 2442; x_wconf 88' lang='lat' dir='ltr'>opinantur.</span> 
     </span>
    </p>
   </div>
   <div class='ocr_carea' id='block_1_3' title="bbox 133 2658 1367 3754">
    <p class='ocr_par' dir='ltr' id='par_1_7' title="bbox 133 2658 1367 3754">
     <span class='ocr_line' id='line_1_22' title="bbox 220 2658 1361 2745; baseline 0.003 -21"><span class='ocrx_word' id='word_1_196' title='bbox 220 2663 271 2724; x_wconf 82' lang='grc'>55.</span> <span class='ocrx_word' id='word_1_197' title='bbox 315 2658 397 2722; x_wconf 90' lang='lat' dir='ltr'>ldem</span> <span class='ocrx_word' id='word_1_198' title='bbox 418 2659 551 2740; x_wconf 89' lang='lat' dir='ltr'>prolecto</span> <span class='ocrx_word' id='word_1_199' title='bbox 574 2661 641 2724; x_wconf 88' lang='lat' dir='ltr'>istis</span> <span class='ocrx_word' id='word_1_200' title='bbox 664 2661 774 2724; x_wconf 83' lang='lat' dir='ltr'>Christi</span> <span class='ocrx_word' id='word_1_201' title='bbox 797 2661 934 2724; x_wconf 89' lang='lat' dir='ltr'>hostibus</span> <span class='ocrx_word' id='word_1_202' title='bbox 957 2661 1071 2738; x_wconf 88' lang='lat' dir='ltr'>accidit,</span> <span class='ocrx_word' id='word_1_203' title='bbox 1102 2661 1231 2745; x_wconf 88' lang='lat' dir='ltr'>indeque</span> <span class='ocrx_word' id='word_1_204' title='bbox 1252 2664 1283 2728; x_wconf 89' lang='lat' dir='ltr'>ia</span> <span class='ocrx_word' id='word_1_205' title='bbox 1305 2681 1361 2727; x_wconf 93' lang='lat' dir='ltr'>ne·</span> 
     </span>
     <span class='ocr_line' id='line_1_23' title="bbox 134 2760 1361 2846; baseline 0.002 -24"><span class='ocrx_word' id='word_1_206' title='bbox 134 2760 251 2824; x_wconf 79' lang='lat' dir='ltr'>fandam</span> <span class='ocrx_word' id='word_1_207' title='bbox 273 2761 346 2842; x_wconf 90' lang='lat' dir='ltr'>lapsi</span> <span class='ocrx_word' id='word_1_208' title='bbox 369 2769 440 2824; x_wconf 90' lang='lat' dir='ltr'>sunt</span> <span class='ocrx_word' id='word_1_209' title='bbox 460 2761 616 2840; x_wconf 84' lang='lat' dir='ltr'>baeresim.</span> <span class='ocrx_word' id='word_1_210' title='bbox 660 2763 735 2826; x_wconf 88' lang='lat' dir='ltr'>Nam</span> <span class='ocrx_word' id='word_1_211' title='bbox 757 2764 783 2826; x_wconf 91' lang='lat' dir='ltr'>si</span> <span class='ocrx_word' id='word_1_212' title='bbox 805 2783 982 2846; x_wconf 89' lang='lat' dir='ltr'>personam,</span> <span class='ocrx_word' id='word_1_213' title='bbox 1013 2783 1078 2827; x_wconf 88' lang='lat' dir='ltr'>rem</span> <span class='ocrx_word' id='word_1_214' title='bbox 1101 2773 1131 2826; x_wconf 91' lang='lat' dir='ltr'>et</span> <span class='ocrx_word' id='word_1_215' title='bbox 1152 2773 1270 2846; x_wconf 89' lang='lat' dir='ltr'>tempus</span> <span class='ocrx_word' id='word_1_216' title='bbox 1292 2783 1361 2826; x_wconf 86' lang='lat' dir='ltr'>rer-</span> 
     </span>
     <span class='ocr_line' id='line_1_24' title="bbox 133 2862 1365 2946; baseline 0.002 -22"><span class='ocrx_word' id='word_1_217' title='bbox 133 2863 241 2925; x_wconf 90' lang='lat' dir='ltr'>borum</span> <span class='ocrx_word' id='word_1_218' title='bbox 262 2862 397 2942; x_wconf 74' lang='lat' dir='ltr'>Apostoli</span> <span class='ocrx_word' id='word_1_219' title='bbox 419 2864 646 2941; x_wconf 76' lang='lat' dir='ltr'>cagnomssent,</span> <span class='ocrx_word' id='word_1_220' title='bbox 680 2883 740 2926; x_wconf 92' lang='lat' dir='ltr'>non</span> <span class='ocrx_word' id='word_1_221' title='bbox 769 2884 818 2941; x_wconf 92' lang='lat' dir='ltr'>ea,</span> <span class='ocrx_word' id='word_1_222' title='bbox 852 2884 928 2946; x_wconf 86' lang='lat' dir='ltr'>qnae</span> <span class='ocrx_word' id='word_1_223' title='bbox 958 2865 994 2927; x_wconf 91' lang='lat' dir='ltr'>ad</span> <span class='ocrx_word' id='word_1_224' title='bbox 1021 2866 1179 2928; x_wconf 89' lang='lat' dir='ltr'>humanam</span> <span class='ocrx_word' id='word_1_225' title='bbox 1211 2866 1365 2945; x_wconf 92' lang='lat' dir='ltr'>pertinent</span> 
     </span>
     <span class='ocr_line' id='line_1_25' title="bbox 134 2963 1362 3053; baseline 0.004 -29"><span class='ocrx_word' id='word_1_226' title='bbox 134 2971 289 3036; x_wconf 90' lang='lat' dir='ltr'>naturam,</span> <span class='ocrx_word' id='word_1_227' title='bbox 310 2963 534 3026; x_wconf 89' lang='lat' dir='ltr'>transtulissent</span> <span class='ocrx_word' id='word_1_228' title='bbox 556 2965 586 3026; x_wconf 91' lang='lat' dir='ltr'>in</span> <span class='ocrx_word' id='word_1_229' title='bbox 610 2965 809 3040; x_wconf 85' lang='lat' dir='ltr'>divinitatem,</span> <span class='ocrx_word' id='word_1_230' title='bbox 832 2984 888 3028; x_wconf 91' lang='lat' dir='ltr'>nec</span> <span class='ocrx_word' id='word_1_231' title='bbox 910 2985 946 3053; x_wconf 91' lang='lat' dir='ltr'>eo</span> <span class='ocrx_word' id='word_1_232' title='bbox 970 2965 1129 3046; x_wconf 88' lang='lat' dir='ltr'>impietatis</span> <span class='ocrx_word' id='word_1_233' title='bbox 1151 2966 1250 3028; x_wconf 88' lang='lat' dir='ltr'>insani</span> <span class='ocrx_word' id='word_1_234' title='bbox 1271 2967 1362 3028; x_wconf 82' lang='lat' dir='ltr'>dere·</span> 
     </span>
     <span class='ocr_line' id='line_1_26' title="bbox 134 3063 1363 3146; baseline -0.001 -20"><span class='ocrx_word' id='word_1_235' title='bbox 134 3063 262 3126; x_wconf 84' lang='lat' dir='ltr'>cissent.</span> <span class='ocrx_word' id='word_1_236' title='bbox 306 3063 340 3124; x_wconf 91' lang='lat' dir='ltr'>ld</span> <span class='ocrx_word' id='word_1_237' title='bbox 361 3073 459 3126; x_wconf 85' lang='lat' dir='ltr'>antem</span> <span class='ocrx_word' id='word_1_238' title='bbox 480 3065 507 3128; x_wconf 91' lang='lat' dir='ltr'>is</span> <span class='ocrx_word' id='word_1_239' title='bbox 529 3065 613 3128; x_wconf 80' lang='lat' dir='ltr'>facile</span> <span class='ocrx_word' id='word_1_240' title='bbox 626 3065 798 3145; x_wconf 88' lang='lat' dir='ltr'>perspiciet,</span> <span class='ocrx_word' id='word_1_241' title='bbox 821 3067 872 3146; x_wconf 91' lang='lat' dir='ltr'>qni</span> <span class='ocrx_word' id='word_1_242' title='bbox 893 3066 1010 3130; x_wconf 90' lang='lat' dir='ltr'>initium</span> <span class='ocrx_word' id='word_1_243' title='bbox 1032 3065 1122 3128; x_wconf 89' lang='lat' dir='ltr'>buius</span> <span class='ocrx_word' id='word_1_244' title='bbox 1136 3064 1194 3127; x_wconf 91' lang='lat' dir='ltr'>loci</span> <span class='ocrx_word' id='word_1_245' title='bbox 1212 3072 1293 3126; x_wconf 90' lang='lat' dir='ltr'>recte</span> <span class='ocrx_word' id='word_1_246' title='bbox 1314 3065 1363 3125; x_wconf 93' lang='lat' dir='ltr'>in-</span> 
     </span>
     <span class='ocr_line' id='line_1_27' title="bbox 135 3163 1366 3247; baseline 0.001 -22"><span class='ocrx_word' id='word_1_247' title='bbox 135 3163 289 3227; x_wconf 88' lang='lat' dir='ltr'>tellexerit.</span> <span class='ocrx_word' id='word_1_248' title='bbox 333 3164 378 3226; x_wconf 80' lang='lat' dir='ltr'>En</span> <span class='ocrx_word' id='word_1_249' title='bbox 400 3166 479 3229; x_wconf 90' lang='lat' dir='ltr'>enim</span> <span class='ocrx_word' id='word_1_250' title='bbox 499 3166 636 3247; x_wconf 79' lang='lat' dir='ltr'>Apostoli</span> <span class='ocrx_word' id='word_1_251' title='bbox 657 3166 761 3229; x_wconf 84' lang='lat' dir='ltr'>verba:</span> <span class='ocrx_word' id='word_1_252' title='bbox 784 3165 990 3247; x_wconf 82' lang='lat' dir='ltr'>Multisaricat</span> <span class='ocrx_word' id='word_1_253' title='bbox 1005 3165 1169 3247; x_wconf 80' lang='lat' dir='ltr'>multisque</span> <span class='ocrx_word' id='word_1_254' title='bbox 1181 3165 1278 3226; x_wconf 80' lang='lat' dir='ltr'>aradis</span> <span class='ocrx_word' id='word_1_255' title='bbox 1294 3163 1366 3226; x_wconf 73' lang='lat' dir='ltr'>nieht</span> 
     </span>
     <span class='ocr_line' id='line_1_28' title="bbox 133 3263 1367 3352; baseline 0 -24"><span class='ocrx_word' id='word_1_256' title='bbox 133 3265 218 3330; x_wconf 82' lang='lat' dir='ltr'>Deae</span> <span class='ocrx_word' id='word_1_257' title='bbox 242 3265 360 3330; x_wconf 83' lang='lat' dir='ltr'>locatas</span> <span class='ocrx_word' id='word_1_258' title='bbox 382 3266 527 3332; x_wconf 83' lang='lat' dir='ltr'>Patribus</span> <span class='ocrx_word' id='word_1_259' title='bbox 545 3286 606 3352; x_wconf 85' lang='lat' dir='ltr'>per</span> <span class='ocrx_word' id='word_1_260' title='bbox 623 3269 804 3351; x_wconf 84' lang='lat' dir='ltr'>propbetas,</span> <span class='ocrx_word' id='word_1_261' title='bbox 827 3269 907 3332; x_wconf 84' lang='lat' dir='ltr'>bisce</span> <span class='ocrx_word' id='word_1_262' title='bbox 927 3267 1043 3332; x_wconf 77' lang='lat' dir='ltr'>ultimis</span> <span class='ocrx_word' id='word_1_263' title='bbox 1067 3265 1169 3330; x_wconf 85' lang='lat' dir='ltr'>dr&#39;ebas</span> <span class='ocrx_word' id='word_1_264' title='bbox 1185 3263 1305 3330; x_wconf 85' lang='lat' dir='ltr'>locatas</span> <span class='ocrx_word' id='word_1_265' title='bbox 1321 3274 1367 3328; x_wconf 83' lang='lat' dir='ltr'>eet</span> 
     </span>
     <span class='ocr_line' id='line_1_29' title="bbox 134 3367 1366 3450; baseline 0.001 -21"><span class='ocrx_word' id='word_1_266' title='bbox 134 3367 221 3430; x_wconf 79' lang='lat' dir='ltr'>nebia</span> <span class='ocrx_word' id='word_1_267' title='bbox 242 3373 276 3430; x_wconf 82' lang='lat' dir='ltr'>ia</span> <span class='ocrx_word' id='word_1_268' title='bbox 298 3367 388 3432; x_wconf 86' lang='lat' dir='ltr'>Filia.</span> <span class='ocrx_word' id='word_1_269' title='bbox 431 3367 543 3432; x_wconf 86' lang='lat' dir='ltr'>Deinde</span> <span class='ocrx_word' id='word_1_270' title='bbox 564 3370 654 3450; x_wconf 89' lang='lat' dir='ltr'>paulo</span> <span class='ocrx_word' id='word_1_271' title='bbox 674 3378 746 3450; x_wconf 87' lang='lat' dir='ltr'>post</span> <span class='ocrx_word' id='word_1_272' title='bbox 767 3369 821 3432; x_wconf 90' lang='lat' dir='ltr'>ait:</span> <span class='ocrx_word' id='word_1_273' title='bbox 846 3389 906 3450; x_wconf 88' lang='lat' dir='ltr'>per</span> <span class='ocrx_word' id='word_1_274' title='bbox 932 3373 1064 3450; x_wconf 78' lang='lat' dir='ltr'>seipsam</span> <span class='ocrx_word' id='word_1_275' title='bbox 1088 3370 1273 3450; x_wconf 78' lang='lat' dir='ltr'>perpetiere</span> <span class='ocrx_word' id='word_1_276' title='bbox 1291 3386 1366 3448; x_wconf 82' lang='lat' dir='ltr'>pec-</span> 
     </span>
     <span class='ocr_line' id='line_1_30' title="bbox 136 3468 1363 3552; baseline 0.003 -24"><span class='ocrx_word' id='word_1_277' title='bbox 136 3478 273 3532; x_wconf 84' lang='lat' dir='ltr'>catoram</span> <span class='ocrx_word' id='word_1_278' title='bbox 294 3480 475 3534; x_wconf 82' lang='lat' dir='ltr'>nostrarum</span> <span class='ocrx_word' id='word_1_279' title='bbox 496 3474 615 3552; x_wconf 73' lang='lat' dir='ltr'>sacto„</span> <span class='ocrx_word' id='word_1_280' title='bbox 629 3472 710 3536; x_wconf 85' lang='lat' dir='ltr'>sedet</span> <span class='ocrx_word' id='word_1_281' title='bbox 739 3471 778 3534; x_wconf 83' lang='lat' dir='ltr'>nd</span> <span class='ocrx_word' id='word_1_282' title='bbox 807 3471 962 3533; x_wconf 80' lang='lat' dir='ltr'>electeraaa</span> <span class='ocrx_word' id='word_1_283' title='bbox 982 3473 1149 3547; x_wconf 80' lang='lat' dir='ltr'>maiestatis</span> <span class='ocrx_word' id='word_1_284' title='bbox 1171 3473 1204 3531; x_wconf 83' lang='lat' dir='ltr'>ia</span> <span class='ocrx_word' id='word_1_285' title='bbox 1226 3468 1363 3542; x_wconf 69' lang='lat' dir='ltr'>emulari,</span> 
     </span>
     <span class='ocr_line' id='line_1_31' title="bbox 135 3569 1365 3654; baseline 0.001 -24"><span class='ocrx_word' id='word_1_286' title='bbox 135 3577 221 3632; x_wconf 77' lang='lat' dir='ltr'>tanto</span> <span class='ocrx_word' id='word_1_287' title='bbox 239 3575 455 3652; x_wconf 79' lang='lat' dir='ltr'>praestantior</span> <span class='ocrx_word' id='word_1_288' title='bbox 477 3575 578 3653; x_wconf 72' lang='lat' dir='ltr'>[actas</span> <span class='ocrx_word' id='word_1_289' title='bbox 593 3571 725 3654; x_wconf 84' lang='lat' dir='ltr'>Aapelis,</span> <span class='ocrx_word' id='word_1_290' title='bbox 749 3583 862 3654; x_wconf 84' lang='lat' dir='ltr'>pacato</span> <span class='ocrx_word' id='word_1_291' title='bbox 877 3571 1072 3634; x_wconf 68' lang='lat' dir='ltr'>excellentias</span> <span class='ocrx_word' id='word_1_292' title='bbox 1084 3569 1240 3652; x_wconf 71' lang='lat' dir='ltr'>praeditis</span> <span class='ocrx_word' id='word_1_293' title='bbox 1255 3587 1365 3634; x_wconf 77' lang='lat' dir='ltr'>marea</span> 
     </span>
     <span class='ocr_line' id='line_1_32' title="bbox 135 3669 1363 3754; baseline 0.002 -24"><span class='ocrx_word' id='word_1_294' title='bbox 135 3669 321 3735; x_wconf 82' lang='lat' dir='ltr'>haereditate</span> <span class='ocrx_word' id='word_1_295' title='bbox 348 3678 470 3754; x_wconf 84' lang='lat' dir='ltr'>aceepit.</span> <span class='ocrx_word' id='word_1_296' title='bbox 514 3673 615 3753; x_wconf 88' lang='lat' dir='ltr'>ltaque</span> <span class='ocrx_word' id='word_1_297' title='bbox 642 3673 777 3754; x_wconf 88' lang='lat' dir='ltr'>Apostcb</span> <span class='ocrx_word' id='word_1_298' title='bbox 810 3672 919 3736; x_wconf 82' lang='lat' dir='ltr'>dictram</span> <span class='ocrx_word' id='word_1_299' title='bbox 946 3671 1091 3751; x_wconf 88' lang='lat' dir='ltr'>temporis</span> <span class='ocrx_word' id='word_1_300' title='bbox 1122 3670 1272 3746; x_wconf 90' lang='lat' dir='ltr'>meminit,</span> <span class='ocrx_word' id='word_1_301' title='bbox 1304 3689 1363 3750; x_wconf 89' lang='lat' dir='ltr'>quo</span> 
     </span>
    </p>
   </div>
   <div class='ocr_carea' id='block_1_4' title="bbox 136 3883 1376 4566">
    <p class='ocr_par' dir='ltr' id='par_1_8' title="bbox 136 3883 1376 4566">
     <span class='ocr_line' id='line_1_33' title="bbox 169 3883 1365 3958; baseline 0.003 -21"><span class='ocrx_word' id='word_1_302' title='bbox 169 3889 187 3938; x_wconf 88' lang='lat' dir='ltr'>t.</span> <span class='ocrx_word' id='word_1_303' title='bbox 205 3889 307 3952; x_wconf 72' lang='lat' dir='ltr'>sepner.</span> <span class='ocrx_word' id='word_1_304' title='bbox 317 3883 467 3958; x_wconf 73' lang='grc' dir='ltr'><em>ἀναστήσῃ,</em></span> <span class='ocrx_word' id='word_1_305' title='bbox 486 3886 635 3958; x_wconf 78' lang='grc' dir='ltr'><strong><em>νομίζουσι.</em></strong></span> <span class='ocrx_word' id='word_1_306' title='bbox 660 3893 726 3944; x_wconf 85' lang='lat' dir='ltr'>Gob-</span> <span class='ocrx_word' id='word_1_307' title='bbox 777 3891 818 3943; x_wconf 89' lang='lat' dir='ltr'>alil</span> <span class='ocrx_word' id='word_1_308' title='bbox 842 3901 866 3943; x_wconf 90' lang='lat' dir='ltr'>et</span> <span class='ocrx_word' id='word_1_309' title='bbox 889 3891 946 3942; x_wconf 87' lang='lat' dir='ltr'>editi</span> <span class='ocrx_word' id='word_1_310' title='bbox 975 3893 1096 3943; x_wconf 90' lang='lat' dir='ltr'>omittant.</span> <span class='ocrx_word' id='word_1_311' title='bbox 1136 3889 1198 3940; x_wconf 90' lang='lat' dir='ltr'>lbid.</span> <span class='ocrx_word' id='word_1_312' title='bbox 1224 3888 1365 3952; x_wconf 71' lang='lat' dir='ltr'>Sequarian.</span> 
     </span>
     <span class='ocr_line' id='line_1_34' title="bbox 137 3948 1242 4027; baseline 0.001 -22"><span class='ocrx_word' id='word_1_313' title='bbox 137 3953 221 4008; x_wconf 84' lang='lat' dir='ltr'>lerian.</span> <span class='ocrx_word' id='word_1_314' title='bbox 246 3959 303 4010; x_wconf 86' lang='lat' dir='ltr'>item</span> <span class='ocrx_word' id='word_1_315' title='bbox 326 3968 350 4014; x_wconf 80' lang='lat' dir='ltr'>et</span> <span class='ocrx_word' id='word_1_316' title='bbox 366 3961 473 4011; x_wconf 78' lang='lat' dir='ltr'>Felclm.</span> <span class='ocrx_word' id='word_1_317' title='bbox 489 3960 511 4010; x_wconf 93' lang='lat' dir='ltr'>l.</span> <span class='ocrx_word' id='word_1_318' title='bbox 536 3961 626 4010; x_wconf 88' lang='lat' dir='ltr'>babent</span> <span class='ocrx_word' id='word_1_319' title='bbox 649 3955 726 4027; x_wconf 82' lang='grc' dir='ltr'><strong><em>νομί·</em></strong></span> <span class='ocrx_word' id='word_1_320' title='bbox 776 3959 850 4010; x_wconf 82' lang='lat' dir='ltr'>basil.</span> <span class='ocrx_word' id='word_1_321' title='bbox 868 3959 959 4019; x_wconf 73' lang='lat' dir='ltr'>baalia</span> <span class='ocrx_word' id='word_1_322' title='bbox 978 3959 1035 4022; x_wconf 71' lang='lat' dir='ltr'>lica.</span> <span class='ocrx_word' id='word_1_323' title='bbox 1050 3948 1096 4008; x_wconf 73' lang='grc' dir='ltr'>ἐπ’</span> <span class='ocrx_word' id='word_1_324' title='bbox 1116 3948 1242 4024; x_wconf 72' lang='grc' dir='ltr'>ἐσχάτου.</span> 
     </span>
     <span class='ocr_line' id='line_1_35' title="bbox 137 4017 1367 4141; baseline -0.003 -64"><span class='ocrx_word' id='word_1_325' title='bbox 137 4017 222 4084; x_wconf 64' lang='grc' dir='ltr'><strong><em>ζουσι.</em></strong></span> <span class='ocrx_word' id='word_1_326' title='bbox 809 4027 833 4108; x_wconf 54' lang='lat' dir='ltr'>b:</span> <span class='ocrx_word' id='word_1_327' title='bbox 851 4026 892 4077; x_wconf 89' lang='lat' dir='ltr'>Sic</span> <span class='ocrx_word' id='word_1_328' title='bbox 909 4027 1012 4104; x_wconf 49' lang='lat' dir='ltr'>Sequar:</span> <span class='ocrx_word' id='word_1_329' title='bbox 1028 4033 1052 4076; x_wconf 92' lang='lat' dir='ltr'>et</span> <span class='ocrx_word' id='word_1_330' title='bbox 1064 4025 1188 4087; x_wconf 74' lang='lat' dir='ltr'>Anglicrn.</span> <span class='ocrx_word' id='word_1_331' title='bbox 1224 4023 1324 4141; x_wconf 49' lang='lat' dir='ltr'>labellis</span> <span class='ocrx_word' id='word_1_332' title='bbox 1342 4029 1367 4130; x_wconf 70' lang='lat' dir='ltr'>et</span> 
     </span>
     <span class='ocr_line' id='line_1_36' title="bbox 137 4093 1375 4282; baseline -0.003 -71"><span class='ocrx_word' id='word_1_333' title='bbox 137 4137 193 4239; x_wconf 64' lang='lat' dir='ltr'>„g-</span> <span class='ocrx_word' id='word_1_334' title='bbox 210 4123 610 4260; x_wconf 40' lang='lat' dir='ltr'>{defflsipspsgfftpptpppqp</span> <span class='ocrx_word' id='word_1_335' title='bbox 646 4127 726 4180; x_wconf 61' lang='lat' dir='ltr'>cna</span> <span class='ocrx_word' id='word_1_336' title='bbox 775 4093 1265 4282; x_wconf 50' lang='lat' dir='ltr'>{iffdiiliiiilmillidii.a</span> <span class='ocrx_word' id='word_1_337' title='bbox 1280 4095 1375 4208; x_wconf 57' lang='lat' dir='ltr'>illl..</span> 
     </span>
     <span class='ocr_line' id='line_1_37' title="bbox 170 4289 1366 4360; baseline 0.001 -21"><span class='ocrx_word' id='word_1_338' title='bbox 170 4289 195 4340; x_wconf 91' lang='lat' dir='ltr'>b.</span> <span class='ocrx_word' id='word_1_339' title='bbox 213 4291 256 4342; x_wconf 86' lang='lat' dir='ltr'>Sic</span> <span class='ocrx_word' id='word_1_340' title='bbox 273 4293 372 4357; x_wconf 73' lang='lat' dir='ltr'>Segaer.</span> <span class='ocrx_word' id='word_1_341' title='bbox 397 4297 520 4358; x_wconf 74' lang='lat' dir='ltr'>inplicta.</span> <span class='ocrx_word' id='word_1_342' title='bbox 539 4296 676 4349; x_wconf 83' lang='lat' dir='ltr'>Gableriaa.</span> <span class='ocrx_word' id='word_1_343' title='bbox 703 4305 727 4348; x_wconf 85' lang='lat' dir='ltr'>et</span> <span class='ocrx_word' id='word_1_344' title='bbox 811 4297 827 4347; x_wconf 92' lang='grc' dir='ltr'>Ι.</span> <span class='ocrx_word' id='word_1_345' title='bbox 851 4295 891 4346; x_wconf 87' lang='lat' dir='ltr'>Sic</span> <span class='ocrx_word' id='word_1_346' title='bbox 908 4296 1008 4360; x_wconf 68' lang='lat' dir='ltr'>Sequar.</span> <span class='ocrx_word' id='word_1_347' title='bbox 1027 4297 1125 4348; x_wconf 83' lang='lat' dir='ltr'>(labier.</span> <span class='ocrx_word' id='word_1_348' title='bbox 1144 4305 1168 4347; x_wconf 86' lang='lat' dir='ltr'>et</span> <span class='ocrx_word' id='word_1_349' title='bbox 1184 4293 1322 4345; x_wconf 80' lang='lat' dir='ltr'>Falcltman.</span> <span class='ocrx_word' id='word_1_350' title='bbox 1343 4290 1366 4340; x_wconf 90' lang='lat' dir='ltr'>l.</span> 
     </span>
     <span class='ocr_line' id='line_1_38' title="bbox 136 4349 1376 4471; baseline 0.001 -64"><span class='ocrx_word' id='word_1_351' title='bbox 136 4355 243 4410; x_wconf 78' lang='lat' dir='ltr'>l&#39;eletm.</span> <span class='ocrx_word' id='word_1_352' title='bbox 256 4359 277 4410; x_wconf 92' lang='lat' dir='ltr'>l.</span> <span class='ocrx_word' id='word_1_353' title='bbox 312 4364 342 4411; x_wconf 87' lang='lat' dir='ltr'>At</span> <span class='ocrx_word' id='word_1_354' title='bbox 365 4362 406 4414; x_wconf 88' lang='lat' dir='ltr'>alli</span> <span class='ocrx_word' id='word_1_355' title='bbox 429 4371 453 4414; x_wconf 87' lang='lat' dir='ltr'>et</span> <span class='ocrx_word' id='word_1_356' title='bbox 476 4364 533 4416; x_wconf 88' lang='lat' dir='ltr'>editi</span> <span class='ocrx_word' id='word_1_357' title='bbox 549 4357 637 4418; x_wconf 72' lang='grc' dir='ltr'><strong><em>καλῶς</em></strong></span> <span class='ocrx_word' id='word_1_358' title='bbox 654 4365 726 4418; x_wconf 89' lang='lat' dir='ltr'>cmit-</span> <span class='ocrx_word' id='word_1_359' title='bbox 776 4365 806 4414; x_wconf 83' lang='lat' dir='ltr'>tt</span> <span class='ocrx_word' id='word_1_360' title='bbox 823 4363 879 4414; x_wconf 87' lang='lat' dir='ltr'>editi</span> <span class='ocrx_word' id='word_1_361' title='bbox 898 4363 992 4444; x_wconf 69' lang='lat' dir='ltr'>ntidque¹</span> <span class='ocrx_word' id='word_1_362' title='bbox 1005 4365 1117 4440; x_wconf 73' lang='lat' dir='ltr'>omittant</span> <span class='ocrx_word' id='word_1_363' title='bbox 1141 4349 1376 4471; x_wconf 44' lang='lat' dir='ltr'>dap&#39;dtatpalpffl</span> 
     </span>
     <span class='ocr_line' id='line_1_39' title="bbox 137 4425 1368 4498; baseline 0 -22"><span class='ocrx_word' id='word_1_364' title='bbox 137 4431 198 4478; x_wconf 89' lang='lat' dir='ltr'>tant.</span> <span class='ocrx_word' id='word_1_365' title='bbox 777 4441 928 4498; x_wconf 67' lang='lat' dir='ltr'>separated</span> <span class='ocrx_word' id='word_1_366' title='bbox 960 4425 1298 4498; x_wconf 66' lang='lat' dir='ltr'>anroerwtwmpaaes</span> <span class='ocrx_word' id='word_1_367' title='bbox 1323 4436 1368 4472; x_wconf 76' lang='lat' dir='ltr'>ra·</span> 
     </span>
     <span class='ocr_line' id='line_1_40' title="bbox 169 4487 1369 4566; baseline -0.001 -21"><span class='ocrx_word' id='word_1_368' title='bbox 169 4491 186 4544; x_wconf 91' lang='lat' dir='ltr'>i.</span> <span class='ocrx_word' id='word_1_369' title='bbox 211 4493 314 4559; x_wconf 67' lang='lat' dir='ltr'>signer.</span> <span class='ocrx_word' id='word_1_370' title='bbox 339 4495 404 4548; x_wconf 84' lang='lat' dir='ltr'>addit</span> <span class='ocrx_word' id='word_1_371' title='bbox 426 4489 456 4548; x_wconf 73' lang='grc' dir='ltr'>ἐν</span> <span class='ocrx_word' id='word_1_372' title='bbox 478 4495 537 4552; x_wconf 78' lang='lat' dir='ltr'>retr</span> <span class='ocrx_word' id='word_1_373' title='bbox 558 4488 727 4566; x_wconf 69' lang='grc' dir='ltr'>προφήταις,</span> <span class='ocrx_word' id='word_1_374' title='bbox 777 4511 826 4563; x_wconf 76' lang='grc' dir='ltr'>μα.</span> <span class='ocrx_word' id='word_1_375' title='bbox 861 4497 914 4548; x_wconf 83' lang='lat' dir='ltr'>ilos</span> <span class='ocrx_word' id='word_1_376' title='bbox 932 4487 987 4564; x_wconf 77' lang='grc' dir='ltr'>ἄρα</span> <span class='ocrx_word' id='word_1_377' title='bbox 1004 4493 1073 4546; x_wconf 80' lang='lat' dir='ltr'>abest</span> <span class='ocrx_word' id='word_1_378' title='bbox 1091 4495 1169 4556; x_wconf 71' lang='lat' dir='ltr'>alleg.</span> <span class='ocrx_word' id='word_1_379' title='bbox 1188 4487 1369 4546; x_wconf 67' lang='lat' dir='ltr'>ethelstimi.</span> 
     </span>
    </p>
   </div>
   <div class='ocr_carea' id='block_1_5' title="bbox 0 0 1624 5048">
    <p class='ocr_par' dir='ltr' id='par_1_9' title="bbox 0 0 1624 5048">
     <span class='ocr_line' id='line_1_41' title="bbox 0 0 1624 5048; baseline 0 0"><span class='ocrx_word' id='word_1_380' title='bbox 0 0 1624 5048; x_wconf 95' lang='lat' dir='ltr'> </span> 
     </span>
    </p>
   </div>
  </div>
 </body>
</html>
