3054 5304
199 172 263 234 602
597 182 623 224 s.
639 179 790 224 ιτιιαιειι
805 179 1029 222 ιεσιιιεειεεονι
1137 205 1138 208 ¹

95 327 301 401 Ιιιιιαείναι·
323 328 441 417 όμοιον
461 323 522 416 γὰρ
545 324 590 407 ὥς
612 327 642 396 εἰ
663 326 805 412 ἐλέγετο·
821 321 975 415 ,ήόύνατο
996 325 1053 393 καὶ
1074 326 1119 414 μή
1143 321 1229 395 εἶναι
1251 323 1416 416 ύγαθόςό

198 435 317 522 πατήρ.
356 427 425 500 ἀλλ’
451 428 560 516 ύίςπερ
583 424 713 516 ἀγαθὸς
734 423 786 495 ἀεί
807 429 861 494 καὶ
883 431 923 515 τῇ
947 425 1056 516 φύσει,
1081 425 1187 508 ούτως
1209 424 1260 498 όεί
1275 454 1415 520 γεννητι-

199 537 257 615 κὸς
276 561 315 623 τη
339 533 439 622 φύσει
462 528 479 597 ὃ
502 530 629 618 πατήρ·
651 530 690 597 τὸ
713 531 749 598 d&
771 531 891 616 λέγειν·
915 526 933 597 ὃ
955 529 1067 619 πατὴρ
1088 532 1186 598 θέλει
1205 531 1264 598 τὸν
1278 531 1413 601 υίὸυκαί

200 634 219 704 ὃ
248 636 345 722 λόγος
370 637 467 702 θέλει
487 633 546 700 τὸν
566 638 717 721 πατέρα,
734 628 772 698 οὗ
794 632 953 720 βούλησιν
975 637 1224 720 προηγουμένην
1247 635 1413 714 δείκνυσιν,

199 733 284 821 meg
312 736 444 824 φύσεως
464 733 667 824 ’γνησιότητα
688 729 881 829 καὶὶούσίας
904 732 1055 822 ίόιότητα
1076 732 1132 802 καὶ
1155 729 1317 818 ὁμοίωσιν
1337 761 1415 822 γνω-

199 840 291 928 ρίζει.
328 835 393 917 ’ὡς
421 837 482 925 γὰρ
510 839 564 903 καί
593 835 653 904 ἐπὶ
672 839 731 902 τού
754 829 1016 931 ἆπαυγύσματος
1037 833 1078 903 ἄν
1099 861 1150 916 τις
1173 836 1268 904 ε’ίποι
1287 839 1339 903 καὶ
1359 843 1415 904 τοῦ

201 940 322 1030 φωτός,
347 936 459 1006 ὅτιτὸ
482 935 685 1024 ἀπαύγασμα
707 932 764 1004 ούκ
787 938 852 1020 ἔχει
873 939 934 1023 μὲν
947 936 1106 1026 βούλησιν
1121 939 1414 1026 προηγουμένηνέν

199 1047 247 1132 τῷ
270 1049 368 1133 φωτί,
392 1042 464 1128 ἔστι
485 1043 522 1109 όὲ
544 1039 644 1128 φύσει
665 1034 766 1106 αύτοῦ
787 1045 938 1132 γέννημα,
961 1037 1146 1125 θελόμενον
1167 1037 1261 1126 παρὰ
1274 1043 1334 1106 τοῦ
1349 1065 1416 1128 φω·

114 1147 258 1226 κοπτός
278 1149 357 1212 b1013
389 1147 443 1212 καί
472 1142 686 1231 γεννήσαντος
714 1135 795 1208 αύτό
824 1136 882 1208 οόκ
905 1141 939 1208 έν
962 1146 1080 1227 σκέψει
1100 1141 1305 1227 βουλήσεως,
1338 1137 1416 1209 ἄλλό

201 1247 302 1336 φύσει
322 1249 376 1314 καὶ
400 1242 560 1334 ἀληθείᾳ·
583 1240 670 1312 ούτω
692 1245 746 1310 καί
770 1241 829 1310 ἐπὶ
849 1246 908 1309 τοῦ
930 1241 1059 1331 πατρὸς
1078 1241 1207 1310 καὶτοῦ
1222 1243 1295 1310 υίοῦ
1311 1237 1417 1330 ὀρθῶς

201 1349 242 1418 ἄν
262 1375 314 1430 τις
336 1349 445 1426 ε’ίποι,
470 1344 522 1414 ὅτι
545 1342 563 1411 ό
585 1345 695 1432 πατήρ
718 1340 832 1433 ἀγαπᾷ
853 1348 908 1412 καί
929 1346 1025 1412 θέλει
1045 1343 1103 1411 τὸν
1126 1344 1212 1426 υίόν,
1235 1345 1290 1412 καὶ
1312 1341 1330 1411 ὃ
1352 1346 1418 1425 υἱός

201 1447 315 1539 ἀγαπᾷ
336 1453 389 1517 καί
412 1451 508 1516 θέλει
528 1446 586 1516 τὸν
607 1453 746 1534 πατέρα.

286 1557 337 1619 67.
387 1545 512 1618 Οὐκοῦν
533 1551 577 1638 μή
592 1553 750 1637 ’λεγέσθω
765 1547 955 1635 θελήματος
970 1548 1197 1636 δημιούργημα
1213 1543 1231 1614 ό
1245 1549 1325 1628 υίός,
1340 1551 1419 1633 μηδὲ

199 1653 259 1719 ·τὰ
285 1647 504 1718 Οὐαλεντίνου
527 1651 756 1737 έπειςαγέσθω
777 1653 817 1738 τῇ
840 1650 1002 1737 ἐκκλησίην,
1026 1645 1111 1716 ἀλλὰ
1131 1650 1234 1739 βουλή
1258 1651 1346 1732 ζῶσα
1367 1655 1416 1717 καί

200 1746 339 1838 ἀληθῶς
367 1752 467 1836 φύσει
495 1757 636 1837 γέννημα
658 1748 703 1829 ὥς
724 1755 784 1816 τού
807 1751 920 1838 φωτὸς
940 1750 979 1817 τὸ
1003 1746 1215 1836 ἀπαύγασμα.
1253 1748 1340 1818 ούτω
1361 1751 1418 1840 γὰρ

199 1851 256 1917 καί
278 1847 296 1916 ό
318 1851 378 1935 μὲν
393 1851 503 1940 πατήρ
520 1851 661 1938 εἴρηκεν·
684 1851 876 1938 έξηρεύξατο
886 1848 911 1944 ή
927 1854 1046 1939 καρδία
1059 1876 1124 1936 μου
1140 1852 1237 1939 λόγον
1253 1847 1382 1939 όγαθόν
1392 1857 1418 1934 ¹),

201 1951 220 2022 ὁ
249 1955 284 2022 δὲ
314 1953 386 2032 υίὸς
414 1949 626 2032 ἀκολούθως·
642 1949 717 2038 -έγιό
747 1951 849 2039 ἐντῷ
872 1957 975 2040 πατρί
998 1952 1055 2020 καὶ
1077 1950 1096 2019 ό
1118 1953 1229 2042 πατήρ
1253 1954 1287 2021 έν
1310 1954 1419 2040 ἐμοί’).

201 2058 231 2126 εί
252 2059 288 2125 δὲ
310 2053 350 2122 11ό
373 2054 469 2142 λύγος
491 2055 525 2123 έν
546 2057 680 2143 καρδίᾳ,
711 2057 778 2121 ποῦ
800 2051 820 2142 ή
842 2053 1000 2144 βούλησις
1008 2085 1019 2137 ,·
1052 2058 1105 2122 καὶ
1130 2055 1159 2123 εί
1183 2051 1200 2122 ὅ
1226 2055 1299 2135 υίὸς
1321 2055 1355 2124 έν
1377 2061 1421 2142 τῷ

201 2163 318 2245 πατρί,
343 2162 410 2225 πού
432 2154 452 2248 ή
474 2159 631 2246 θέλησις,·
663 2155 720 2223 καὶ
742 2157 771 2224 εί
791 2152 812 2245 ή
834 2156 991 2245 βούλησις
1013 2152 1128 2238 αύτός,
1153 2161 1227 2236 πῶς
1250 2157 1284 2225 ἐν
1305 2158 1420 2244 βουλή-

201 2284 254 2328 σει
284 2257 305 2349 ή
337 2259 459 2349 βουλής
502 2258 631 2327 ύτοπον
663 2257 740 2346 γάρ·
774 2260 830 2326 ίνα
856 2258 901 2347 μή
924 2258 980 2325 καὶ
1001 2259 1035 2326 ἒν
1057 2257 1144 2346 λόγῳ
1169 2255 1186 2323 ό
1210 2258 1308 2345 λόγος
1328 2255 1425 2326 καλό

200 2361 273 2440 υίὸς
301 2363 334 2429 ἓν
363 2363 424 2448 υἱῷ
452 2365 506 2428 καί
533 2359 552 2448 ή
581 2368 687 2449 σοφία
709 2361 743 2428 έν
766 2367 871 2448 σοφίᾳ
892 2366 1053 2448 ογίνηται,
1084 2359 1242 2448 καθάπερ
1265 2361 1428 2438 πολλάκις

202 2463 338 2547 ε’ίρηται.
382 2465 493 2528 πάντα
524 2461 585 2546 γάρ
599 2454 602 2460 ’
616 2462 705 2528 ἔστιν
735 2457 847 2540 ύυίὸς
867 2465 926 2527 τοῦ
949 2460 1093 2548 πατρός,
1127 2447 1181 2528 καί
1205 2459 1309 2539 ούόέν,
1323 2461 1359 2529 ἕν
1381 2465 1427 2540 τῷ

201 2560 306 2646 πατρὶ
333 2561 400 2648 πρὸ
430 2565 488 2628 τοῦ
511 2562 618 2648 λόγου.
657 2557 726 2628 ἀλλ’
750 2562 784 2630 έν
805 2567 852 2650 τῷ
875 2563 961 2651 λόγῳ
983 2565 1037 2630 καί
1059 2558 1078 2649 ή
1100 2561 1276 2650 βούλησις,
1304 2563 1363 2630 καὶ
1387 2558 1428 2630 δι’

157 2655 158 2658 “
201 2655 303 2728 αὐτοῦ
332 2662 374 2729 τὰ
400 2666 458 2730 τοῦ
486 2661 694 2748 βουλήματος
722 2663 769 2742 είς
797 2665 890 2750 έργον
916 2665 1116 2745 τελειοῦται,
1153 2661 1199 2744 ὦς
1225 2665 1372 2746 ’έόειξαν
1396 2667 1430 2731 αἶ

200 2768 298 2830 θεῖαι
318 2771 454 2853 γραφαί.
492 2765 673 2852 ἐβουλόμην
697 2766 732 2832 δὲ
754 2766 832 2845 τούς
854 2761 986 2852 όσεβεῒς
1007 2763 1114 2845 ούτως
1135 2767 1183 2844 εἰς
1205 2761 1343 2852 ἀλογίαν
1368 2793 1432 2833 πε-

200 2865 376 2946 πτωκότας
396 2869 450 2934 καί
473 2865 552 2956 περὶ
572 2866 761 2954 βουλήσεως
783 2873 1024 2951 σκεπτομένους
1046 2869 1102 2934 νῦν
1125 2866 1291 2956 έρωιήσαι
1312 2873 1432 2955 μηκέτι

199 2967 260 3049 τὰς
280 2970 455 3051 τικτούσας
475 2966 605 3038 ἀὐτῶν
626 2979 789 3058 γυναῖκας,
814 2968 854 3048 ἃς
876 2959 968 3035 οὗτοι
984 2968 1147 3054 πρότερον
1162 2963 1299 3056 ἠρώτων
1316 2969 1434 3055 λέγον·

198 3094 268 3151 τες·
292 3074 322 3140 εἰ
343 3069 426 3158 εἶχες
447 3072 520 3140 υἱὸν
542 3071 623 3159 πρὶν
644 3072 826 3159 γεννήσειςς
864 3067 949 3138 ἀλλὰ
970 3069 1048 3149 τοὺς
1070 3076 1217 3157 πατέρας
1241 3069 1296 3137 καί
1319 3069 1436 3139 εἰπεῖν

199 3171 329 3252 αύτοῖς·
359 3175 503 3260 πότερον
524 3173 759 3260 βουλευόμενοι
780 3179 915 3260 γίνεσθε
937 3177 1079 3258 πατέρες
1099 3167 1121 3259 ή
1142 3169 1226 3238 κατὰ
1248 3169 1351 3258 φύσιν
1375 3173 1431 3238 καὶ

197 3277 257 3356 τῆς
277 3271 369 3355 ύμῶν
390 3275 597 3363 βουλήσεως,·
628 3271 650 3363 ή
671 3280 728 3362 τής
751 3276 883 3364 φύσεως
903 3277 957 3342 καί
980 3268 1097 3354 ούσίας
1111 3269 1203 3359 ύμῶν
1219 3273 1309 3341 έστιν
1325 3269 1435 3358 όμοια

198 3371 241 3438 τὰ
272 3378 368 3438 τέκνα
375 3403 386 3454 ,·
423 3375 479 3440 ίνα
510 3369 569 3461 κᾷν
600 3377 693 3462 παρὰ
724 3381 791 3444 τῶν
819 3383 941 3464 γονέων
971 3377 1178 3461 ίντραπῶσι,
1212 3371 1290 3463 παρ’
1315 3364 1365 3442 ὦν
1389 3373 1433 3440 τὸ

199 3475 312 3555 λήμμα
339 3477 397 3559 τής
424 3479 580 3559 γενέσεως
608 3470 782 3564 ἆπήτησαν
814 3482 868 3544 καὶ
897 3473 975 3563 παρ’
1001 3467 1047 3543 ὧν
1076 3475 1223 3563 ἤλπισαν
1256 3475 1338 3560 ἔχειν
1369 3475 1437 3558 τὴν

198 3573 329 3656 γνῶσιν.
368 3568 657 3662 ἀποκριθήσονται
677 3575 738 3661 γὰρ
762 3573 884 3657 αύτοίς,
898 3574 963 3644 ότι
985 3575 1029 3643 λᾶ
1049 3572 1274 3665 γεννῶμεν-ού
1290 3578 1349 3642 τού
1364 3581 1437 3641 θε-

199 3671 344 3760 λήματος
366 3669 435 3742 όλλ
459 3669 551 3763 ήμῶν
574 3674 663 3742 ἔστιν
686 3671 797 3780 ὅμοια,
826 3674 886 3745 οόό
917 3703 961 3723 τ·
1453 3655 1485 3888 ή

134 3833 144 3862 ,
198 3783 314 3895 γονεῖς,
338 3770 423 3843 ἀλλὰ
444 3780 502 3866 γῆς
520 3775 638 3904 φήέιεον
660 3779 714 3912 ἔνι

234 4003 240 4016 .
357 4025 363 4037 .
390 4025 399 4042 ⁴
422 3999 471 4064 X.‚
508 4045 514 4060 ¹
711 3995 714 4002 ·
877 4009 882 4017 ,
926 3941 937 3969 ²

687 4075 693 4088 ⁸
746 4085 753 4111 2
807 4097 813 4109 ι
