<?xml version="1.0" encoding="UTF-8"?>
<!DOCTYPE html PUBLIC "-//W3C//DTD XHTML 1.0 Transitional//EN"
    "http://www.w3.org/TR/xhtml1/DTD/xhtml1-transitional.dtd">
<html xmlns="http://www.w3.org/1999/xhtml" xml:lang="en" lang="en">
 <head>
  <title>
</title>
<meta http-equiv="Content-Type" content="text/html;charset=utf-8" />
  <meta name='ocr-system' content='tesseract 3.04.00' />
  <meta name='ocr-capabilities' content='ocr_page ocr_carea ocr_par ocr_line ocrx_word'/>
</head>
<body>
  <div class='ocr_page' id='page_1' title='image "./sanctiathanasii03athagoog_0024.png"; bbox 0 0 3174 5082; ppageno 0'>
   <div class='ocr_carea' id='block_1_1' title="bbox 222 309 926 372">
    <p class='ocr_par' dir='ltr' id='par_1_1' title="bbox 222 309 926 372">
     <span class='ocr_line' id='line_1_1' title="bbox 222 309 926 372; baseline 0.004 -15"><span class='ocrx_word' id='word_1_1' title='bbox 222 309 266 372; x_wconf 72' lang='lat' dir='ltr'><strong>go</strong></span> <span class='ocrx_word' id='word_1_2' title='bbox 538 317 546 330; x_wconf 72' lang='lat'><strong>.</strong></span> <span class='ocrx_word' id='word_1_3' title='bbox 753 313 926 361; x_wconf 67' lang='lat' dir='ltr'><strong>omninno.</strong></span> 
     </span>
    </p>
   </div>
   <div class='ocr_carea' id='block_1_2' title="bbox 221 463 1461 4580">
    <p class='ocr_par' dir='ltr' id='par_1_2' title="bbox 221 463 1461 4580">
     <span class='ocr_line' id='line_1_2' title="bbox 224 463 1458 549; baseline -0.003 -13"><span class='ocrx_word' id='word_1_4' title='bbox 224 471 362 539; x_wconf 73' lang='lat' dir='ltr'><strong>homiliae</strong></span> <span class='ocrx_word' id='word_1_5' title='bbox 384 468 500 549; x_wconf 81' lang='lat' dir='ltr'><strong>uiaque</strong></span> <span class='ocrx_word' id='word_1_6' title='bbox 522 465 579 530; x_wconf 88' lang='lat' dir='ltr'><strong>sub</strong></span> <span class='ocrx_word' id='word_1_7' title='bbox 606 465 670 530; x_wconf 89' lang='lat' dir='ltr'><strong>eius</strong></span> <span class='ocrx_word' id='word_1_8' title='bbox 698 465 822 529; x_wconf 87' lang='lat' dir='ltr'><strong>nomine</strong></span> <span class='ocrx_word' id='word_1_9' title='bbox 851 465 970 546; x_wconf 82' lang='lat' dir='ltr'><strong>scripta.</strong></span> <span class='ocrx_word' id='word_1_10' title='bbox 1014 464 1135 531; x_wconf 83' lang='lat' dir='ltr'><strong>Eutaebii</strong></span> <span class='ocrx_word' id='word_1_11' title='bbox 1156 463 1252 532; x_wconf 76' lang='lat' dir='ltr'><strong>taxos</strong></span> <span class='ocrx_word' id='word_1_12' title='bbox 1273 465 1339 530; x_wconf 87' lang='lat' dir='ltr'><strong>illos</strong></span> <span class='ocrx_word' id='word_1_13' title='bbox 1359 483 1458 532; x_wconf 70' lang='lat' dir='ltr'><strong>m</strong></span> 
     </span>
     <span class='ocr_line' id='line_1_3' title="bbox 224 565 1461 647; baseline -0.005 -10"><span class='ocrx_word' id='word_1_14' title='bbox 224 575 329 638; x_wconf 85' lang='lat' dir='ltr'><strong>doetus</strong></span> <span class='ocrx_word' id='word_1_15' title='bbox 352 569 459 642; x_wconf 87' lang='lat' dir='ltr'><strong>nescit,</strong></span> <span class='ocrx_word' id='word_1_16' title='bbox 481 568 596 632; x_wconf 87' lang='lat' dir='ltr'><strong>etiamsi</strong></span> <span class='ocrx_word' id='word_1_17' title='bbox 619 586 673 647; x_wconf 89' lang='lat' dir='ltr'><strong>per</strong></span> <span class='ocrx_word' id='word_1_18' title='bbox 695 585 729 642; x_wconf 81' lang='lat' dir='ltr'><strong>so</strong></span> <span class='ocrx_word' id='word_1_19' title='bbox 752 585 814 630; x_wconf 92' lang='lat' dir='ltr'><strong>non</strong></span> <span class='ocrx_word' id='word_1_20' title='bbox 836 567 934 646; x_wconf 89' lang='lat' dir='ltr'><strong>magni</strong></span> <span class='ocrx_word' id='word_1_21' title='bbox 956 566 1017 630; x_wconf 89' lang='lat' dir='ltr'><strong>siet</strong></span> <span class='ocrx_word' id='word_1_22' title='bbox 1038 565 1197 639; x_wconf 84' lang='lat' dir='ltr'><strong>momenti,</strong></span> <span class='ocrx_word' id='word_1_23' title='bbox 1221 575 1318 634; x_wconf 83' lang='lat' dir='ltr'><strong>tamen</strong></span> <span class='ocrx_word' id='word_1_24' title='bbox 1340 567 1461 632; x_wconf 71' lang='lat' dir='ltr'><strong>laureo·</strong></span> 
     </span>
     <span class='ocr_line' id='line_1_4' title="bbox 223 667 1457 750; baseline -0.003 -14"><span class='ocrx_word' id='word_1_25' title='bbox 223 675 303 741; x_wconf 78' lang='lat' dir='ltr'><strong>baud</strong></span> <span class='ocrx_word' id='word_1_26' title='bbox 318 672 456 750; x_wconf 81' lang='lat' dir='ltr'><strong>exiguam</strong></span> <span class='ocrx_word' id='word_1_27' title='bbox 471 667 739 748; x_wconf 85' lang='lat' dir='ltr'><strong>habere&#39;pretiuur,</strong></span> <span class='ocrx_word' id='word_1_28' title='bbox 762 667 843 748; x_wconf 92' lang='lat' dir='ltr'><strong>quod</strong></span> <span class='ocrx_word' id='word_1_29' title='bbox 865 668 956 732; x_wconf 83' lang='lat' dir='ltr'><strong>multa</strong></span> <span class='ocrx_word' id='word_1_30' title='bbox 978 669 1141 747; x_wconf 79' lang='lat' dir='ltr'><strong>fragmenta</strong></span> <span class='ocrx_word' id='word_1_31' title='bbox 1158 668 1259 746; x_wconf 81' lang='lat' dir='ltr'><strong>operis</strong></span> <span class='ocrx_word' id='word_1_32' title='bbox 1272 668 1457 732; x_wconf 66' lang='lat' dir='ltr'><strong>narcetem</strong></span> 
     </span>
     <span class='ocr_line' id='line_1_5' title="bbox 224 761 1457 858; baseline -0.006 -18"><span class='ocrx_word' id='word_1_33' title='bbox 224 768 306 858; x_wconf 78' lang='grc' dir='ltr'><strong><em>περὶ</em></strong></span> <span class='ocrx_word' id='word_1_34' title='bbox 324 771 384 857; x_wconf 67' lang='grc' dir='ltr'><strong>,τῆς</strong></span> <span class='ocrx_word' id='word_1_35' title='bbox 405 770 463 834; x_wconf 75' lang='grc' dir='ltr'><strong>τοῦ</strong></span> <span class='ocrx_word' id='word_1_36' title='bbox 492 766 565 844; x_wconf 78' lang='grc' dir='ltr'><strong><em>υἱοῦ</em></strong></span> <span class='ocrx_word' id='word_1_37' title='bbox 592 761 761 852; x_wconf 76' lang='grc' dir='ltr'><strong>ὑποταγῆς</strong></span> <span class='ocrx_word' id='word_1_38' title='bbox 790 771 976 842; x_wconf 75' lang='lat' dir='ltr'><strong>contineant,</strong></span> <span class='ocrx_word' id='word_1_39' title='bbox 1006 787 1040 830; x_wconf 87' lang='lat' dir='ltr'><strong>ex</strong></span> <span class='ocrx_word' id='word_1_40' title='bbox 1067 767 1177 848; x_wconf 88' lang='lat' dir='ltr'><strong>quibus</strong></span> <span class='ocrx_word' id='word_1_41' title='bbox 1207 768 1335 832; x_wconf 88' lang='lat' dir='ltr'><strong>obscura</strong></span> <span class='ocrx_word' id='word_1_42' title='bbox 1364 777 1457 848; x_wconf 56' lang='lat' dir='ltr'><strong>Qua</strong></span> 
     </span>
     <span class='ocr_line' id='line_1_6' title="bbox 226 869 1454 952; baseline -0.002 -15"><span class='ocrx_word' id='word_1_43' title='bbox 226 885 418 938; x_wconf 80' lang='lat' dir='ltr'><strong>mntroucrsa</strong></span> <span class='ocrx_word' id='word_1_44' title='bbox 441 869 576 952; x_wconf 79' lang='lat' dir='ltr'><strong>episcopi</strong></span> <span class='ocrx_word' id='word_1_45' title='bbox 596 871 740 950; x_wconf 80' lang='lat' dir='ltr'><strong>Aneyram</strong></span> <span class='ocrx_word' id='word_1_46' title='bbox 769 871 918 934; x_wconf 90' lang='lat' dir='ltr'><strong>sententia</strong></span> <span class='ocrx_word' id='word_1_47' title='bbox 946 869 1073 935; x_wconf 75' lang='lat' dir='ltr'><strong>marium</strong></span> <span class='ocrx_word' id='word_1_48' title='bbox 1094 869 1266 934; x_wconf 88' lang='lat' dir='ltr'><strong>illustranda</strong></span> <span class='ocrx_word' id='word_1_49' title='bbox 1289 879 1319 932; x_wconf 87' lang='lat' dir='ltr'><strong>et</strong></span> <span class='ocrx_word' id='word_1_50' title='bbox 1339 869 1454 935; x_wconf 79' lang='lat' dir='ltr'><strong>diiudi-</strong></span> 
     </span>
     <span class='ocr_line' id='line_1_7' title="bbox 226 970 1456 1052; baseline -0.007 -12"><span class='ocrx_word' id='word_1_51' title='bbox 226 977 320 1040; x_wconf 83' lang='lat' dir='ltr'><strong>cauda</strong></span> <span class='ocrx_word' id='word_1_52' title='bbox 340 985 398 1036; x_wconf 89' lang='lat' dir='ltr'><strong>est.</strong></span> <span class='ocrx_word' id='word_1_53' title='bbox 441 973 543 1051; x_wconf 87' lang='lat' dir='ltr'><strong>ltaque</strong></span> <span class='ocrx_word' id='word_1_54' title='bbox 564 972 703 1052; x_wconf 89' lang='lat' dir='ltr'><strong>quoniam</strong></span> <span class='ocrx_word' id='word_1_55' title='bbox 717 973 908 1052; x_wconf 86' lang='lat' dir='ltr'><strong>requiruntur</strong></span> <span class='ocrx_word' id='word_1_56' title='bbox 922 972 958 1036; x_wconf 91' lang='lat' dir='ltr'><strong>ab</strong></span> <span class='ocrx_word' id='word_1_57' title='bbox 979 971 1131 1045; x_wconf 82' lang='lat' dir='ltr'><strong>omnibus.</strong></span> <span class='ocrx_word' id='word_1_58' title='bbox 1153 970 1250 1050; x_wconf 88' lang='lat' dir='ltr'><strong>quiin</strong></span> <span class='ocrx_word' id='word_1_59' title='bbox 1264 970 1456 1052; x_wconf 85' lang='lat' dir='ltr'><strong>disceptanda</strong></span> 
     </span>
     <span class='ocr_line' id='line_1_8' title="bbox 226 1071 1456 1152; baseline -0.005 -11"><span class='ocrx_word' id='word_1_60' title='bbox 226 1075 354 1141; x_wconf 85' lang='lat' dir='ltr'><strong>llercelli</strong></span> <span class='ocrx_word' id='word_1_61' title='bbox 376 1093 463 1136; x_wconf 86' lang='lat' dir='ltr'><strong>eausa</strong></span> <span class='ocrx_word' id='word_1_62' title='bbox 486 1092 541 1134; x_wconf 88' lang='lat' dir='ltr'><strong>suo</strong></span> <span class='ocrx_word' id='word_1_63' title='bbox 562 1073 672 1136; x_wconf 87' lang='lat' dir='ltr'><strong>iudicio</strong></span> <span class='ocrx_word' id='word_1_64' title='bbox 696 1075 739 1136; x_wconf 91' lang='lat' dir='ltr'><strong>uti</strong></span> <span class='ocrx_word' id='word_1_65' title='bbox 761 1073 878 1146; x_wconf 84' lang='lat' dir='ltr'><strong>volunt,</strong></span> <span class='ocrx_word' id='word_1_66' title='bbox 907 1073 945 1136; x_wconf 86' lang='lat' dir='ltr'><strong>iia</strong></span> <span class='ocrx_word' id='word_1_67' title='bbox 966 1073 1050 1136; x_wconf 86' lang='lat' dir='ltr'><strong>loeus</strong></span> <span class='ocrx_word' id='word_1_68' title='bbox 1079 1072 1110 1134; x_wconf 93' lang='lat' dir='ltr'><strong>in</strong></span> <span class='ocrx_word' id='word_1_69' title='bbox 1131 1071 1312 1134; x_wconf 71' lang='lat' dir='ltr'><strong>Bibliotheca</strong></span> <span class='ocrx_word' id='word_1_70' title='bbox 1334 1082 1456 1152; x_wconf 61' lang='lat' dir='ltr'><strong>muana</strong></span> 
     </span>
     <span class='ocr_line' id='line_1_9' title="bbox 226 1171 1454 1257; baseline -0.003 -17"><span class='ocrx_word' id='word_1_71' title='bbox 226 1177 390 1257; x_wconf 86' lang='lat' dir='ltr'><strong>dogmatica</strong></span> <span class='ocrx_word' id='word_1_72' title='bbox 411 1175 526 1238; x_wconf 87' lang='lat' dir='ltr'><strong>videtur</strong></span> <span class='ocrx_word' id='word_1_73' title='bbox 547 1175 758 1250; x_wconf 79' lang='lat' dir='ltr'><strong>concedendus</strong></span> <span class='ocrx_word' id='word_1_74' title='bbox 774 1195 851 1238; x_wconf 76' lang='lat' dir='ltr'><strong>esse</strong></span> <span class='ocrx_word' id='word_1_75' title='bbox 894 1174 954 1238; x_wconf 89' lang='lat' dir='ltr'><strong>Sed</strong></span> <span class='ocrx_word' id='word_1_76' title='bbox 969 1183 1003 1236; x_wconf 92' lang='lat' dir='ltr'><strong>nt</strong></span> <span class='ocrx_word' id='word_1_77' title='bbox 1016 1183 1128 1238; x_wconf 85' lang='lat' dir='ltr'><strong>taceam</strong></span> <span class='ocrx_word' id='word_1_78' title='bbox 1151 1173 1222 1236; x_wconf 88' lang='lat' dir='ltr'><strong>olim</strong></span> <span class='ocrx_word' id='word_1_79' title='bbox 1236 1171 1294 1237; x_wconf 88' lang='lat' dir='ltr'><strong>iam</strong></span> <span class='ocrx_word' id='word_1_80' title='bbox 1310 1172 1454 1237; x_wconf 78' lang='lat' dir='ltr'><strong>uener-</strong></span> 
     </span>
     <span class='ocr_line' id='line_1_10' title="bbox 226 1264 1455 1360; baseline -0.007 -18"><span class='ocrx_word' id='word_1_81' title='bbox 226 1280 315 1360; x_wconf 82' lang='lat' dir='ltr'><strong>gium,</strong></span> <span class='ocrx_word' id='word_1_82' title='bbox 337 1276 456 1340; x_wconf 87' lang='lat' dir='ltr'><strong>scholae</strong></span> <span class='ocrx_word' id='word_1_83' title='bbox 472 1276 716 1340; x_wconf 85' lang='lat' dir='ltr'><strong>Claustbaliensis</strong></span> <span class='ocrx_word' id='word_1_84' title='bbox 738 1264 896 1349; x_wconf 75' lang='lat' dir='ltr'><strong>rumorem.</strong></span> <span class='ocrx_word' id='word_1_85' title='bbox 919 1275 1130 1347; x_wconf 69' lang='lat' dir='ltr'><strong>Marcelliano,</strong></span> <span class='ocrx_word' id='word_1_86' title='bbox 1152 1273 1211 1336; x_wconf 88' lang='lat' dir='ltr'><strong>bec</strong></span> <span class='ocrx_word' id='word_1_87' title='bbox 1232 1281 1280 1338; x_wconf 87' lang='lat' dir='ltr'><strong>est</strong></span> <span class='ocrx_word' id='word_1_88' title='bbox 1297 1274 1455 1338; x_wconf 67' lang='lat' dir='ltr'><strong>collecto-</strong></span> 
     </span>
     <span class='ocr_line' id='line_1_11' title="bbox 223 1375 1455 1458; baseline -0.002 -16"><span class='ocrx_word' id='word_1_89' title='bbox 223 1399 290 1444; x_wconf 90' lang='lat' dir='ltr'><strong>nem</strong></span> <span class='ocrx_word' id='word_1_90' title='bbox 312 1381 554 1458; x_wconf 76' lang='lat' dir='ltr'><strong>fragmentorum,</strong></span> <span class='ocrx_word' id='word_1_91' title='bbox 577 1395 704 1456; x_wconf 89' lang='lat' dir='ltr'><strong>quorum</strong></span> <span class='ocrx_word' id='word_1_92' title='bbox 727 1378 819 1442; x_wconf 88' lang='lat' dir='ltr'><strong>modo</strong></span> <span class='ocrx_word' id='word_1_93' title='bbox 840 1377 1021 1442; x_wconf 91' lang='lat' dir='ltr'><strong>mentionem</strong></span> <span class='ocrx_word' id='word_1_94' title='bbox 1044 1375 1110 1449; x_wconf 84' lang='lat' dir='ltr'><strong>leci,</strong></span> <span class='ocrx_word' id='word_1_95' title='bbox 1135 1375 1291 1454; x_wconf 77' lang='lat' dir='ltr'><strong>Gottingae</strong></span> <span class='ocrx_word' id='word_1_96' title='bbox 1313 1394 1339 1436; x_wconf 86' lang='lat' dir='ltr'><strong>a.</strong></span> <span class='ocrx_word' id='word_1_97' title='bbox 1359 1377 1455 1440; x_wconf 80' lang='lat'><strong>1794.</strong></span> 
     </span>
     <span class='ocr_line' id='line_1_12' title="bbox 222 1474 1458 1560; baseline -0.004 -17"><span class='ocrx_word' id='word_1_98' title='bbox 222 1480 370 1554; x_wconf 83' lang='lat' dir='ltr'><strong>edidisse,</strong></span> <span class='ocrx_word' id='word_1_99' title='bbox 392 1479 565 1560; x_wconf 89' lang='lat' dir='ltr'><strong>nuperrime</strong></span> <span class='ocrx_word' id='word_1_100' title='bbox 587 1477 710 1542; x_wconf 74' lang='lat' dir='ltr'><strong>Eusebia·</strong></span> <span class='ocrx_word' id='word_1_101' title='bbox 730 1474 880 1559; x_wconf 78' lang='lat' dir='ltr'><strong>l&#39;earpltli</strong></span> <span class='ocrx_word' id='word_1_102' title='bbox 901 1489 1010 1544; x_wconf 82' lang='lat' dir='ltr'><strong>contro</strong></span> <span class='ocrx_word' id='word_1_103' title='bbox 1032 1477 1201 1540; x_wconf 75' lang='lat' dir='ltr'><strong>Hieroclem</strong></span> <span class='ocrx_word' id='word_1_104' title='bbox 1222 1489 1252 1540; x_wconf 83' lang='lat' dir='ltr'><strong>at</strong></span> <span class='ocrx_word' id='word_1_105' title='bbox 1275 1475 1458 1540; x_wconf 71' lang='lat' dir='ltr'><strong>Marcellam</strong></span> 
     </span>
     <span class='ocr_line' id='line_1_13' title="bbox 224 1577 1453 1661; baseline -0.003 -15"><span class='ocrx_word' id='word_1_106' title='bbox 224 1583 299 1648; x_wconf 71' lang='lat' dir='ltr'><strong>tetra·</strong></span> <span class='ocrx_word' id='word_1_107' title='bbox 319 1599 411 1661; x_wconf 88' lang='lat' dir='ltr'><strong>opera</strong></span> <span class='ocrx_word' id='word_1_108' title='bbox 433 1588 463 1640; x_wconf 91' lang='lat' dir='ltr'><strong>et</strong></span> <span class='ocrx_word' id='word_1_109' title='bbox 485 1579 583 1640; x_wconf 88' lang='lat' dir='ltr'><strong>studio</strong></span> <span class='ocrx_word' id='word_1_110' title='bbox 607 1578 714 1642; x_wconf 85' lang='lat' dir='ltr'><strong>Thoar.</strong></span> <span class='ocrx_word' id='word_1_111' title='bbox 738 1579 885 1642; x_wconf 86' lang='lat' dir='ltr'><strong>Gaislordi</strong></span> <span class='ocrx_word' id='word_1_112' title='bbox 907 1579 1003 1642; x_wconf 86' lang='lat' dir='ltr'><strong>Oxou.</strong></span> <span class='ocrx_word' id='word_1_113' title='bbox 1026 1599 1052 1642; x_wconf 94' lang='lat' dir='ltr'><strong>a.</strong></span> <span class='ocrx_word' id='word_1_114' title='bbox 1071 1580 1163 1644; x_wconf 82' lang='lat'><strong>1852.</strong></span> <span class='ocrx_word' id='word_1_115' title='bbox 1187 1577 1372 1658; x_wconf 82' lang='lat' dir='ltr'><strong>prodierunt,</strong></span> <span class='ocrx_word' id='word_1_116' title='bbox 1396 1597 1453 1642; x_wconf 91' lang='lat' dir='ltr'><strong>ne-</strong></span> 
     </span>
     <span class='ocr_line' id='line_1_14' title="bbox 226 1671 1453 1761; baseline -0.004 -14"><span class='ocrx_word' id='word_1_117' title='bbox 226 1701 284 1761; x_wconf 89' lang='lat' dir='ltr'><strong>que</strong></span> <span class='ocrx_word' id='word_1_118' title='bbox 306 1681 395 1758; x_wconf 84' lang='lat' dir='ltr'><strong>igitur</strong></span> <span class='ocrx_word' id='word_1_119' title='bbox 417 1697 493 1759; x_wconf 89' lang='lat' dir='ltr'><strong>opus</strong></span> <span class='ocrx_word' id='word_1_120' title='bbox 516 1687 563 1742; x_wconf 90' lang='lat' dir='ltr'><strong>est</strong></span> <span class='ocrx_word' id='word_1_121' title='bbox 577 1687 610 1741; x_wconf 90' lang='lat' dir='ltr'><strong>ut</strong></span> <span class='ocrx_word' id='word_1_122' title='bbox 631 1678 729 1741; x_wconf 90' lang='lat' dir='ltr'><strong>denuo</strong></span> <span class='ocrx_word' id='word_1_123' title='bbox 752 1680 828 1760; x_wconf 74' lang='lat' dir='ltr'><strong>typis</strong></span> <span class='ocrx_word' id='word_1_124' title='bbox 851 1680 1065 1745; x_wconf 76' lang='lat' dir='ltr'><strong>exscribantur.</strong></span> <span class='ocrx_word' id='word_1_125' title='bbox 1109 1671 1331 1758; x_wconf 84' lang='lat' dir='ltr'><strong>Dispulationes</strong></span> <span class='ocrx_word' id='word_1_126' title='bbox 1354 1687 1453 1744; x_wconf 92' lang='lat' dir='ltr'><strong>autem</strong></span> 
     </span>
     <span class='ocr_line' id='line_1_15' title="bbox 223 1779 1453 1861; baseline 0.001 -16"><span class='ocrx_word' id='word_1_127' title='bbox 223 1780 340 1861; x_wconf 82' lang='lat' dir='ltr'>Didymi</span> <span class='ocrx_word' id='word_1_128' title='bbox 368 1779 567 1853; x_wconf 73' lang='lat' dir='ltr'><strong>deturbate,</strong></span> <span class='ocrx_word' id='word_1_129' title='bbox 597 1779 742 1860; x_wconf 88' lang='lat' dir='ltr'><strong>siquidem</strong></span> <span class='ocrx_word' id='word_1_130' title='bbox 771 1781 836 1844; x_wconf 89' lang='lat' dir='ltr'><strong>eius</strong></span> <span class='ocrx_word' id='word_1_131' title='bbox 865 1791 950 1854; x_wconf 86' lang='lat' dir='ltr'><strong>aaut,</strong></span> <span class='ocrx_word' id='word_1_132' title='bbox 979 1800 995 1844; x_wconf 94' lang='lat' dir='ltr'><strong>a</strong></span> <span class='ocrx_word' id='word_1_133' title='bbox 1018 1781 1090 1845; x_wconf 77' lang='lat' dir='ltr'><strong>uiris</strong></span> <span class='ocrx_word' id='word_1_134' title='bbox 1119 1781 1214 1844; x_wconf 89' lang='lat' dir='ltr'><strong>doctis</strong></span> <span class='ocrx_word' id='word_1_135' title='bbox 1243 1780 1393 1861; x_wconf 89' lang='lat' dir='ltr'><strong>plerisque</strong></span> <span class='ocrx_word' id='word_1_136' title='bbox 1421 1783 1453 1848; x_wconf 88' lang='lat' dir='ltr'><strong>in</strong></span> 
     </span>
     <span class='ocr_line' id='line_1_16' title="bbox 224 1867 1453 1963; baseline 0 -19"><span class='ocrx_word' id='word_1_137' title='bbox 224 1867 378 1944; x_wconf 80' lang='lat' dir='ltr'><strong>necundo</strong></span> <span class='ocrx_word' id='word_1_138' title='bbox 402 1881 464 1948; x_wconf 69' lang='lat' dir='ltr'><strong>hoc,</strong></span> <span class='ocrx_word' id='word_1_139' title='bbox 481 1882 619 1962; x_wconf 79' lang='lat' dir='ltr'><strong>dogmate</strong></span> <span class='ocrx_word' id='word_1_140' title='bbox 646 1895 771 1962; x_wconf 85' lang='lat' dir='ltr'><strong>prorsus</strong></span> <span class='ocrx_word' id='word_1_141' title='bbox 801 1883 990 1962; x_wconf 88' lang='lat' dir='ltr'><strong>negliguntur</strong></span> <span class='ocrx_word' id='word_1_142' title='bbox 1012 1883 1057 1946; x_wconf 80' lang='lat' dir='ltr'><strong>rel</strong></span> <span class='ocrx_word' id='word_1_143' title='bbox 1085 1883 1274 1963; x_wconf 78' lang='lat' dir='ltr'><strong>ignorantur:</strong></span> <span class='ocrx_word' id='word_1_144' title='bbox 1303 1881 1387 1946; x_wconf 79' lang='lat' dir='ltr'><strong>orius</strong></span> <span class='ocrx_word' id='word_1_145' title='bbox 1408 1883 1453 1944; x_wconf 86' lang='lat' dir='ltr'><strong>rei</strong></span> 
     </span>
     <span class='ocr_line' id='line_1_17' title="bbox 226 1983 1450 2064; baseline -0.001 -17"><span class='ocrx_word' id='word_1_146' title='bbox 226 2001 315 2050; x_wconf 81' lang='lat' dir='ltr'><strong>causa</strong></span> <span class='ocrx_word' id='word_1_147' title='bbox 334 1983 436 2048; x_wconf 90' lang='lat' dir='ltr'><strong>nescio</strong></span> <span class='ocrx_word' id='word_1_148' title='bbox 458 1983 556 2046; x_wconf 85' lang='lat' dir='ltr'><strong>utrum</strong></span> <span class='ocrx_word' id='word_1_149' title='bbox 579 1983 622 2045; x_wconf 86' lang='lat' dir='ltr'><strong>ait</strong></span> <span class='ocrx_word' id='word_1_150' title='bbox 636 1983 739 2046; x_wconf 89' lang='lat' dir='ltr'><strong>unicae</strong></span> <span class='ocrx_word' id='word_1_151' title='bbox 760 1984 900 2048; x_wconf 85' lang='lat' dir='ltr'><strong>editionis</strong></span> <span class='ocrx_word' id='word_1_152' title='bbox 914 1984 1152 2064; x_wconf 87' lang='lat' dir='ltr'><strong>llingarelliaaae</strong></span> <span class='ocrx_word' id='word_1_153' title='bbox 1173 1985 1291 2056; x_wconf 76' lang='lat' dir='ltr'><strong>ramas,</strong></span> <span class='ocrx_word' id='word_1_154' title='bbox 1313 2003 1349 2046; x_wconf 88' lang='lat' dir='ltr'><strong>an</strong></span> <span class='ocrx_word' id='word_1_155' title='bbox 1372 1984 1450 2064; x_wconf 88' lang='lat' dir='ltr'><strong>quod</strong></span> 
     </span>
     <span class='ocr_line' id='line_1_18' title="bbox 224 2084 1451 2166; baseline 0 -18"><span class='ocrx_word' id='word_1_156' title='bbox 224 2085 323 2166; x_wconf 89' lang='lat' dir='ltr'><strong>ipsum</strong></span> <span class='ocrx_word' id='word_1_157' title='bbox 352 2103 428 2164; x_wconf 92' lang='lat' dir='ltr'><strong>opus</strong></span> <span class='ocrx_word' id='word_1_158' title='bbox 458 2084 673 2148; x_wconf 80' lang='lat' dir='ltr'><strong>infructuosum</strong></span> <span class='ocrx_word' id='word_1_159' title='bbox 702 2093 731 2148; x_wconf 92' lang='lat' dir='ltr'><strong>et</strong></span> <span class='ocrx_word' id='word_1_160' title='bbox 758 2086 867 2148; x_wconf 90' lang='lat' dir='ltr'><strong>nullius</strong></span> <span class='ocrx_word' id='word_1_161' title='bbox 894 2087 1038 2148; x_wconf 88' lang='lat' dir='ltr'><strong>momenti</strong></span> <span class='ocrx_word' id='word_1_162' title='bbox 1066 2103 1134 2150; x_wconf 88' lang='lat' dir='ltr'><strong>ease</strong></span> <span class='ocrx_word' id='word_1_163' title='bbox 1161 2084 1270 2148; x_wconf 88' lang='lat' dir='ltr'><strong>uisum·</strong></span> <span class='ocrx_word' id='word_1_164' title='bbox 1285 2087 1334 2148; x_wconf 89' lang='lat' dir='ltr'><strong>sit.</strong></span> <span class='ocrx_word' id='word_1_165' title='bbox 1378 2085 1451 2148; x_wconf 80' lang='lat' dir='ltr'><strong>llam</strong></span> 
     </span>
     <span class='ocr_line' id='line_1_19' title="bbox 224 2181 1450 2271; baseline -0.002 -18"><span class='ocrx_word' id='word_1_166' title='bbox 224 2187 304 2266; x_wconf 83' lang='lat' dir='ltr'><strong>quod</strong></span> <span class='ocrx_word' id='word_1_167' title='bbox 331 2186 472 2266; x_wconf 80' lang='lat' dir='ltr'><strong>Didymus</strong></span> <span class='ocrx_word' id='word_1_168' title='bbox 499 2194 623 2267; x_wconf 91' lang='lat' dir='ltr'><strong>propter</strong></span> <span class='ocrx_word' id='word_1_169' title='bbox 659 2187 821 2250; x_wconf 79' lang='lat' dir='ltr'><strong>asmantiae</strong></span> <span class='ocrx_word' id='word_1_170' title='bbox 849 2188 1045 2266; x_wconf 74' lang='lat' dir='ltr'><strong>origenianas</strong></span> <span class='ocrx_word' id='word_1_171' title='bbox 1074 2206 1090 2249; x_wconf 90' lang='lat' dir='ltr'><strong>a</strong></span> <span class='ocrx_word' id='word_1_172' title='bbox 1119 2185 1234 2266; x_wconf 83' lang='lat' dir='ltr'><strong>synodo</strong></span> <span class='ocrx_word' id='word_1_173' title='bbox 1267 2181 1450 2271; x_wconf 73' lang='lat' dir='ltr'><strong>iodppodop</strong></span> 
     </span>
     <span class='ocr_line' id='line_1_20' title="bbox 222 2287 1448 2368; baseline 0.002 -20"><span class='ocrx_word' id='word_1_174' title='bbox 222 2287 383 2352; x_wconf 86' lang='lat' dir='ltr'><strong>lastiniani</strong></span> <span class='ocrx_word' id='word_1_175' title='bbox 405 2287 490 2351; x_wconf 86' lang='lat' dir='ltr'><strong>iussu</strong></span> <span class='ocrx_word' id='word_1_176' title='bbox 512 2295 671 2350; x_wconf 73' lang='lat' dir='ltr'><strong>maranata</strong></span> <span class='ocrx_word' id='word_1_177' title='bbox 694 2296 832 2368; x_wconf 77' lang='lat' dir='ltr'><strong>unquam</strong></span> <span class='ocrx_word' id='word_1_178' title='bbox 855 2289 1022 2352; x_wconf 88' lang='lat' dir='ltr'><strong>haereticus</strong></span> <span class='ocrx_word' id='word_1_179' title='bbox 1046 2290 1200 2352; x_wconf 88' lang='lat' dir='ltr'><strong>damnatus</strong></span> <span class='ocrx_word' id='word_1_180' title='bbox 1223 2296 1254 2350; x_wconf 89' lang='lat' dir='ltr'><strong>et</strong></span> <span class='ocrx_word' id='word_1_181' title='bbox 1274 2307 1291 2350; x_wconf 89' lang='lat' dir='ltr'><strong>a</strong></span> <span class='ocrx_word' id='word_1_182' title='bbox 1312 2288 1448 2360; x_wconf 84' lang='lat' dir='ltr'><strong>llartino.</strong></span> 
     </span>
     <span class='ocr_line' id='line_1_21' title="bbox 222 2389 1453 2470; baseline 0.002 -20"><span class='ocrx_word' id='word_1_183' title='bbox 222 2389 363 2467; x_wconf 78' lang='lat' dir='ltr'><strong>pontifice</strong></span> <span class='ocrx_word' id='word_1_184' title='bbox 385 2405 520 2462; x_wconf 88' lang='lat' dir='ltr'><strong>romano,</strong></span> <span class='ocrx_word' id='word_1_185' title='bbox 544 2389 731 2452; x_wconf 86' lang='lat' dir='ltr'><strong>anathemate</strong></span> <span class='ocrx_word' id='word_1_186' title='bbox 753 2391 908 2470; x_wconf 82' lang='lat' dir='ltr'><strong>parentans</strong></span> <span class='ocrx_word' id='word_1_187' title='bbox 930 2399 987 2465; x_wconf 73' lang='lat' dir='ltr'><strong>est,</strong></span> <span class='ocrx_word' id='word_1_188' title='bbox 1009 2390 1040 2452; x_wconf 89' lang='lat' dir='ltr'><strong>id</strong></span> <span class='ocrx_word' id='word_1_189' title='bbox 1062 2389 1226 2462; x_wconf 85' lang='lat' dir='ltr'><strong>neminem,</strong></span> <span class='ocrx_word' id='word_1_190' title='bbox 1250 2389 1350 2464; x_wconf 80' lang='lat' dir='ltr'><strong>medo,</strong></span> <span class='ocrx_word' id='word_1_191' title='bbox 1371 2407 1453 2452; x_wconf 83' lang='lat' dir='ltr'><strong>mano</strong></span> 
     </span>
     <span class='ocr_line' id='line_1_22' title="bbox 224 2487 1452 2570; baseline 0.001 -17"><span class='ocrx_word' id='word_1_192' title='bbox 224 2487 412 2560; x_wconf 82' lang='lat' dir='ltr'><strong>deterruerit,</strong></span> <span class='ocrx_word' id='word_1_193' title='bbox 435 2491 594 2567; x_wconf 87' lang='lat' dir='ltr'><strong>quominus</strong></span> <span class='ocrx_word' id='word_1_194' title='bbox 621 2488 715 2550; x_wconf 88' lang='lat' dir='ltr'><strong>libros</strong></span> <span class='ocrx_word' id='word_1_195' title='bbox 744 2490 822 2570; x_wconf 88' lang='lat' dir='ltr'><strong>legat</strong></span> <span class='ocrx_word' id='word_1_196' title='bbox 843 2500 872 2553; x_wconf 93' lang='lat' dir='ltr'><strong>et</strong></span> <span class='ocrx_word' id='word_1_197' title='bbox 894 2491 931 2554; x_wconf 90' lang='lat' dir='ltr'><strong>ad</strong></span> <span class='ocrx_word' id='word_1_198' title='bbox 953 2492 1101 2570; x_wconf 82' lang='lat' dir='ltr'><strong>dogmatis</strong></span> <span class='ocrx_word' id='word_1_199' title='bbox 1123 2491 1342 2568; x_wconf 76' lang='lat' dir='ltr'><strong>expositionem</strong></span> <span class='ocrx_word' id='word_1_200' title='bbox 1362 2491 1452 2554; x_wconf 82' lang='lat' dir='ltr'><strong>adbi-</strong></span> 
     </span>
     <span class='ocr_line' id='line_1_23' title="bbox 226 2587 1455 2670; baseline 0.003 -20"><span class='ocrx_word' id='word_1_201' title='bbox 226 2587 310 2662; x_wconf 86' lang='lat' dir='ltr'><strong>beat,</strong></span> <span class='ocrx_word' id='word_1_202' title='bbox 345 2588 646 2668; x_wconf 76' lang='lat' dir='ltr'><strong>praesertimquum</strong></span> <span class='ocrx_word' id='word_1_203' title='bbox 675 2599 795 2652; x_wconf 88' lang='lat' dir='ltr'><strong>constet</strong></span> <span class='ocrx_word' id='word_1_204' title='bbox 821 2591 902 2654; x_wconf 91' lang='lat' dir='ltr'><strong>illum</strong></span> <span class='ocrx_word' id='word_1_205' title='bbox 932 2599 1017 2653; x_wconf 87' lang='lat' dir='ltr'><strong>autea</strong></span> <span class='ocrx_word' id='word_1_206' title='bbox 1046 2609 1180 2670; x_wconf 89' lang='lat' dir='ltr'><strong>magnam</strong></span> <span class='ocrx_word' id='word_1_207' title='bbox 1208 2593 1285 2670; x_wconf 84' lang='lat' dir='ltr'><strong>apud</strong></span> <span class='ocrx_word' id='word_1_208' title='bbox 1314 2592 1455 2659; x_wconf 87' lang='lat' dir='ltr'><strong>dectores</strong></span> 
     </span>
     <span class='ocr_line' id='line_1_24' title="bbox 226 2689 1450 2770; baseline 0.005 -18"><span class='ocrx_word' id='word_1_209' title='bbox 226 2689 368 2755; x_wconf 84' lang='lat' dir='ltr'><strong>ecclesiae</strong></span> <span class='ocrx_word' id='word_1_210' title='bbox 397 2689 539 2752; x_wconf 88' lang='lat' dir='ltr'><strong>habuisse</strong></span> <span class='ocrx_word' id='word_1_211' title='bbox 564 2691 681 2763; x_wconf 88' lang='lat' dir='ltr'><strong>tamam,</strong></span> <span class='ocrx_word' id='word_1_212' title='bbox 709 2710 806 2770; x_wconf 90' lang='lat' dir='ltr'><strong>neque</strong></span> <span class='ocrx_word' id='word_1_213' title='bbox 829 2693 866 2754; x_wconf 91' lang='lat' dir='ltr'><strong>de</strong></span> <span class='ocrx_word' id='word_1_214' title='bbox 894 2710 1045 2754; x_wconf 88' lang='lat' dir='ltr'><strong>consensu</strong></span> <span class='ocrx_word' id='word_1_215' title='bbox 1072 2692 1206 2756; x_wconf 89' lang='lat' dir='ltr'><strong>eiusdem</strong></span> <span class='ocrx_word' id='word_1_216' title='bbox 1228 2709 1293 2756; x_wconf 90' lang='lat' dir='ltr'><strong>cnm</strong></span> <span class='ocrx_word' id='word_1_217' title='bbox 1316 2693 1374 2756; x_wconf 82' lang='lat' dir='ltr'><strong>tide</strong></span> <span class='ocrx_word' id='word_1_218' title='bbox 1395 2695 1450 2758; x_wconf 85' lang='lat' dir='ltr'><strong>lli-</strong></span> 
     </span>
     <span class='ocr_line' id='line_1_25' title="bbox 226 2790 1451 2874; baseline 0.006 -22"><span class='ocrx_word' id='word_1_219' title='bbox 226 2807 314 2852; x_wconf 88' lang='lat' dir='ltr'><strong>raaua</strong></span> <span class='ocrx_word' id='word_1_220' title='bbox 337 2807 408 2853; x_wconf 90' lang='lat' dir='ltr'><strong>esse</strong></span> <span class='ocrx_word' id='word_1_221' title='bbox 429 2790 602 2854; x_wconf 88' lang='lat' dir='ltr'><strong>dubitatum.</strong></span> <span class='ocrx_word' id='word_1_222' title='bbox 648 2791 802 2872; x_wconf 81' lang='lat' dir='ltr'><strong>Utcunque</strong></span> <span class='ocrx_word' id='word_1_223' title='bbox 823 2811 875 2855; x_wconf 88' lang='lat' dir='ltr'><strong>res</strong></span> <span class='ocrx_word' id='word_1_224' title='bbox 898 2811 965 2856; x_wconf 88' lang='lat' dir='ltr'><strong>sese</strong></span> <span class='ocrx_word' id='word_1_225' title='bbox 988 2794 1086 2867; x_wconf 86' lang='lat' dir='ltr'><strong>babet,</strong></span> <span class='ocrx_word' id='word_1_226' title='bbox 1108 2803 1220 2858; x_wconf 88' lang='lat' dir='ltr'><strong>eertum</strong></span> <span class='ocrx_word' id='word_1_227' title='bbox 1237 2794 1451 2874; x_wconf 76' lang='lat' dir='ltr'><strong>estllidpnaum</strong></span> 
     </span>
     <span class='ocr_line' id='line_1_26' title="bbox 225 2891 1452 2976; baseline 0.007 -24"><span class='ocrx_word' id='word_1_228' title='bbox 225 2891 336 2970; x_wconf 87' lang='lat' dir='ltr'><strong>ingenii</strong></span> <span class='ocrx_word' id='word_1_229' title='bbox 358 2891 492 2954; x_wconf 90' lang='lat' dir='ltr'><strong>acumine</strong></span> <span class='ocrx_word' id='word_1_230' title='bbox 509 2899 538 2954; x_wconf 90' lang='lat' dir='ltr'><strong>et</strong></span> <span class='ocrx_word' id='word_1_231' title='bbox 552 2891 721 2972; x_wconf 89' lang='lat' dir='ltr'><strong>disputandi</strong></span> <span class='ocrx_word' id='word_1_232' title='bbox 742 2893 848 2972; x_wconf 89' lang='lat' dir='ltr'><strong>peritia</strong></span> <span class='ocrx_word' id='word_1_233' title='bbox 871 2904 959 2974; x_wconf 90' lang='lat' dir='ltr'><strong>atque</strong></span> <span class='ocrx_word' id='word_1_234' title='bbox 974 2896 1141 2976; x_wconf 81' lang='lat' dir='ltr'><strong>eloquentia</strong></span> <span class='ocrx_word' id='word_1_235' title='bbox 1164 2896 1337 2960; x_wconf 82' lang='lat' dir='ltr'><strong>interiorem</strong></span> <span class='ocrx_word' id='word_1_236' title='bbox 1358 2896 1452 2961; x_wconf 77' lang='lat' dir='ltr'><strong>titisse</strong></span> 
     </span>
     <span class='ocr_line' id='line_1_27' title="bbox 225 2992 1452 3076; baseline 0.006 -23"><span class='ocrx_word' id='word_1_237' title='bbox 225 2992 397 3066; x_wconf 74' lang='lat' dir='ltr'><strong>athanasio,</strong></span> <span class='ocrx_word' id='word_1_238' title='bbox 421 2993 541 3068; x_wconf 85' lang='lat' dir='ltr'><strong>Basilio,</strong></span> <span class='ocrx_word' id='word_1_239' title='bbox 566 2995 710 3074; x_wconf 87' lang='lat' dir='ltr'><strong>Gregorio</strong></span> <span class='ocrx_word' id='word_1_240' title='bbox 733 3003 876 3076; x_wconf 84' lang='lat' dir='ltr'><strong>utroque,</strong></span> <span class='ocrx_word' id='word_1_241' title='bbox 899 3005 931 3059; x_wconf 92' lang='lat' dir='ltr'><strong>ut</strong></span> <span class='ocrx_word' id='word_1_242' title='bbox 952 2999 979 3060; x_wconf 89' lang='lat' dir='ltr'><strong>si</strong></span> <span class='ocrx_word' id='word_1_243' title='bbox 1000 3017 1067 3064; x_wconf 89' lang='lat' dir='ltr'><strong>cnm</strong></span> <span class='ocrx_word' id='word_1_244' title='bbox 1091 2997 1136 3060; x_wconf 88' lang='lat' dir='ltr'><strong>bis</strong></span> <span class='ocrx_word' id='word_1_245' title='bbox 1158 3005 1355 3076; x_wconf 78' lang='lat' dir='ltr'><strong>eomparatur.</strong></span> <span class='ocrx_word' id='word_1_246' title='bbox 1378 2997 1452 3060; x_wconf 90' lang='lat' dir='ltr'><strong>nibil</strong></span> 
     </span>
     <span class='ocr_line' id='line_1_28' title="bbox 223 3083 1447 3179; baseline 0.004 -24"><span class='ocrx_word' id='word_1_247' title='bbox 223 3094 382 3158; x_wconf 87' lang='lat' dir='ltr'><strong>admodum</strong></span> <span class='ocrx_word' id='word_1_248' title='bbox 410 3094 447 3157; x_wconf 90' lang='lat' dir='ltr'><strong>ad</strong></span> <span class='ocrx_word' id='word_1_249' title='bbox 476 3097 680 3176; x_wconf 78' lang='lat' dir='ltr'><strong>expoliandam</strong></span> <span class='ocrx_word' id='word_1_250' title='bbox 710 3097 858 3178; x_wconf 80' lang='lat' dir='ltr'><strong>dogmatis</strong></span> <span class='ocrx_word' id='word_1_251' title='bbox 890 3100 1045 3179; x_wconf 83' lang='lat' dir='ltr'><strong>termulam</strong></span> <span class='ocrx_word' id='word_1_252' title='bbox 1075 3108 1106 3162; x_wconf 90' lang='lat' dir='ltr'><strong>et</strong></span> <span class='ocrx_word' id='word_1_253' title='bbox 1134 3099 1293 3160; x_wconf 88' lang='lat' dir='ltr'><strong>acuendam</strong></span> <span class='ocrx_word' id='word_1_254' title='bbox 1322 3083 1447 3162; x_wconf 84' lang='lat' dir='ltr'><strong>demon·</strong></span> 
     </span>
     <span class='ocr_line' id='line_1_29' title="bbox 223 3195 1445 3278; baseline 0.003 -22"><span class='ocrx_word' id='word_1_255' title='bbox 223 3195 397 3262; x_wconf 90' lang='lat' dir='ltr'><strong>strationem</strong></span> <span class='ocrx_word' id='word_1_256' title='bbox 421 3197 554 3262; x_wconf 86' lang='lat' dir='ltr'><strong>rideatur</strong></span> <span class='ocrx_word' id='word_1_257' title='bbox 575 3201 751 3262; x_wconf 85' lang='lat' dir='ltr'><strong>contulisse.</strong></span> <span class='ocrx_word' id='word_1_258' title='bbox 797 3199 881 3261; x_wconf 90' lang='lat' dir='ltr'><strong>Sicut</strong></span> <span class='ocrx_word' id='word_1_259' title='bbox 900 3219 953 3278; x_wconf 87' lang='lat' dir='ltr'><strong>per</strong></span> <span class='ocrx_word' id='word_1_260' title='bbox 980 3210 1074 3262; x_wconf 87' lang='lat' dir='ltr'><strong>totam</strong></span> <span class='ocrx_word' id='word_1_261' title='bbox 1096 3200 1184 3260; x_wconf 83' lang='lat' dir='ltr'><strong>vitam</strong></span> <span class='ocrx_word' id='word_1_262' title='bbox 1214 3217 1361 3264; x_wconf 85' lang='lat' dir='ltr'><strong>summurn</strong></span> <span class='ocrx_word' id='word_1_263' title='bbox 1380 3207 1445 3260; x_wconf 81' lang='lat' dir='ltr'><strong>stu·</strong></span> 
     </span>
     <span class='ocr_line' id='line_1_30' title="bbox 222 3287 1448 3382; baseline 0 -22"><span class='ocrx_word' id='word_1_264' title='bbox 222 3297 303 3360; x_wconf 69' lang='lat' dir='ltr'><strong>mum</strong></span> <span class='ocrx_word' id='word_1_265' title='bbox 324 3299 429 3377; x_wconf 87' lang='lat' dir='ltr'><strong>posuit</strong></span> <span class='ocrx_word' id='word_1_266' title='bbox 449 3298 480 3358; x_wconf 90' lang='lat' dir='ltr'><strong>iu</strong></span> <span class='ocrx_word' id='word_1_267' title='bbox 502 3287 648 3376; x_wconf 77' lang='lat' dir='ltr'><strong>scriptura</strong></span> <span class='ocrx_word' id='word_1_268' title='bbox 671 3318 754 3360; x_wconf 84' lang='lat' dir='ltr'><strong>saera</strong></span> <span class='ocrx_word' id='word_1_269' title='bbox 777 3317 812 3358; x_wconf 87' lang='lat' dir='ltr'><strong>ex</strong></span> <span class='ocrx_word' id='word_1_270' title='bbox 835 3299 1020 3378; x_wconf 84' lang='lat' dir='ltr'><strong>praescripto</strong></span> <span class='ocrx_word' id='word_1_271' title='bbox 1043 3308 1073 3360; x_wconf 90' lang='lat' dir='ltr'><strong>et</strong></span> <span class='ocrx_word' id='word_1_272' title='bbox 1094 3299 1130 3360; x_wconf 93' lang='lat' dir='ltr'><strong>ad</strong></span> <span class='ocrx_word' id='word_1_273' title='bbox 1154 3301 1318 3382; x_wconf 71' lang='lat' dir='ltr'><strong>exemplum</strong></span> <span class='ocrx_word' id='word_1_274' title='bbox 1341 3299 1448 3378; x_wconf 84' lang='lat' dir='ltr'><strong>Orige-</strong></span> 
     </span>
     <span class='ocr_line' id='line_1_31' title="bbox 223 3395 1448 3474; baseline 0.005 -18"><span class='ocrx_word' id='word_1_275' title='bbox 223 3397 272 3456; x_wconf 89' lang='lat' dir='ltr'><strong>nis</strong></span> <span class='ocrx_word' id='word_1_276' title='bbox 293 3395 526 3472; x_wconf 87' lang='lat' dir='ltr'><strong>interpretanda,</strong></span> <span class='ocrx_word' id='word_1_277' title='bbox 548 3395 620 3458; x_wconf 88' lang='lat' dir='ltr'><strong>item</strong></span> <span class='ocrx_word' id='word_1_278' title='bbox 642 3397 678 3456; x_wconf 88' lang='lat' dir='ltr'><strong>ad</strong></span> <span class='ocrx_word' id='word_1_279' title='bbox 701 3395 915 3474; x_wconf 84' lang='lat' dir='ltr'><strong>profligandam</strong></span> <span class='ocrx_word' id='word_1_280' title='bbox 938 3397 1075 3460; x_wconf 88' lang='lat' dir='ltr'><strong>haeresin</strong></span> <span class='ocrx_word' id='word_1_281' title='bbox 1097 3401 1233 3464; x_wconf 75' lang='lat' dir='ltr'><strong>Arionem</strong></span> <span class='ocrx_word' id='word_1_282' title='bbox 1256 3421 1292 3465; x_wconf 88' lang='lat' dir='ltr'><strong>ac</strong></span> <span class='ocrx_word' id='word_1_283' title='bbox 1310 3403 1448 3464; x_wconf 88' lang='lat' dir='ltr'><strong>llaeedo-</strong></span> 
     </span>
     <span class='ocr_line' id='line_1_32' title="bbox 224 3483 1452 3584; baseline 0.008 -30"><span class='ocrx_word' id='word_1_284' title='bbox 224 3494 342 3556; x_wconf 89' lang='lat' dir='ltr'><strong>nianam</strong></span> <span class='ocrx_word' id='word_1_285' title='bbox 364 3492 394 3554; x_wconf 93' lang='lat' dir='ltr'><strong>id</strong></span> <span class='ocrx_word' id='word_1_286' title='bbox 409 3493 567 3573; x_wconf 89' lang='lat' dir='ltr'><strong>praecipuo</strong></span> <span class='ocrx_word' id='word_1_287' title='bbox 589 3483 657 3574; x_wconf 84' lang='lat' dir='ltr'><strong>egit,</strong></span> <span class='ocrx_word' id='word_1_288' title='bbox 682 3504 715 3558; x_wconf 88' lang='lat' dir='ltr'><strong>ut</strong></span> <span class='ocrx_word' id='word_1_289' title='bbox 737 3497 902 3576; x_wconf 87' lang='lat' dir='ltr'><strong>scripturae</strong></span> <span class='ocrx_word' id='word_1_290' title='bbox 917 3517 1018 3562; x_wconf 87' lang='lat' dir='ltr'><strong>sacrae</strong></span> <span class='ocrx_word' id='word_1_291' title='bbox 1041 3501 1218 3572; x_wconf 80' lang='lat' dir='ltr'><strong>testimoniis</strong></span> <span class='ocrx_word' id='word_1_292' title='bbox 1234 3521 1323 3584; x_wconf 83' lang='lat' dir='ltr'><strong>saepe</strong></span> <span class='ocrx_word' id='word_1_293' title='bbox 1344 3502 1452 3584; x_wconf 81' lang='lat' dir='ltr'><strong>copio-</strong></span> 
     </span>
     <span class='ocr_line' id='line_1_33' title="bbox 225 3593 1450 3681; baseline 0.012 -27"><span class='ocrx_word' id='word_1_294' title='bbox 225 3593 288 3656; x_wconf 89' lang='lat' dir='ltr'><strong>sius</strong></span> <span class='ocrx_word' id='word_1_295' title='bbox 312 3593 457 3673; x_wconf 88' lang='lat' dir='ltr'><strong>expositis</strong></span> <span class='ocrx_word' id='word_1_296' title='bbox 479 3595 632 3658; x_wconf 81' lang='lat' dir='ltr'><strong>veritatem</strong></span> <span class='ocrx_word' id='word_1_297' title='bbox 656 3597 829 3660; x_wconf 88' lang='lat' dir='ltr'><strong>catholicam</strong></span> <span class='ocrx_word' id='word_1_298' title='bbox 852 3600 980 3662; x_wconf 76' lang='lat' dir='ltr'><strong>munuet</strong></span> <span class='ocrx_word' id='word_1_299' title='bbox 1001 3611 1031 3664; x_wconf 91' lang='lat' dir='ltr'><strong>et</strong></span> <span class='ocrx_word' id='word_1_300' title='bbox 1051 3604 1321 3681; x_wconf 85' lang='lat' dir='ltr'><strong>argumentationes</strong></span> <span class='ocrx_word' id='word_1_301' title='bbox 1341 3603 1450 3668; x_wconf 84' lang='lat' dir='ltr'><strong>boere-</strong></span> 
     </span>
     <span class='ocr_line' id='line_1_34' title="bbox 225 3694 1448 3784; baseline 0.009 -28"><span class='ocrx_word' id='word_1_302' title='bbox 225 3694 355 3758; x_wconf 87' lang='lat' dir='ltr'><strong>tieorum</strong></span> <span class='ocrx_word' id='word_1_303' title='bbox 378 3694 414 3756; x_wconf 89' lang='lat' dir='ltr'><strong>ab</strong></span> <span class='ocrx_word' id='word_1_304' title='bbox 437 3695 542 3758; x_wconf 89' lang='lat' dir='ltr'><strong>eodem</strong></span> <span class='ocrx_word' id='word_1_305' title='bbox 559 3697 641 3760; x_wconf 89' lang='lat' dir='ltr'><strong>lente</strong></span> <span class='ocrx_word' id='word_1_306' title='bbox 656 3698 759 3760; x_wconf 90' lang='lat' dir='ltr'><strong>ductas</strong></span> <span class='ocrx_word' id='word_1_307' title='bbox 775 3700 949 3764; x_wconf 80' lang='lat' dir='ltr'><strong>confutaret</strong></span> <span class='ocrx_word' id='word_1_308' title='bbox 996 3704 1096 3784; x_wconf 85' lang='lat' dir='ltr'><strong>ltaque</strong></span> <span class='ocrx_word' id='word_1_309' title='bbox 1111 3705 1240 3768; x_wconf 89' lang='lat' dir='ltr'><strong>inlibris</strong></span> <span class='ocrx_word' id='word_1_310' title='bbox 1255 3706 1448 3776; x_wconf 69' lang='lat' dir='ltr'><strong>dominium,</strong></span> 
     </span>
     <span class='ocr_line' id='line_1_35' title="bbox 224 3796 1448 3882; baseline 0.008 -24"><span class='ocrx_word' id='word_1_311' title='bbox 224 3814 300 3874; x_wconf 90' lang='lat' dir='ltr'><strong>quos</strong></span> <span class='ocrx_word' id='word_1_312' title='bbox 321 3802 392 3875; x_wconf 91' lang='lat' dir='ltr'><strong>post</strong></span> <span class='ocrx_word' id='word_1_313' title='bbox 404 3796 556 3862; x_wconf 79' lang='lat' dir='ltr'><strong>Athanasii</strong></span> <span class='ocrx_word' id='word_1_314' title='bbox 578 3807 608 3861; x_wconf 91' lang='lat' dir='ltr'><strong>et</strong></span> <span class='ocrx_word' id='word_1_315' title='bbox 619 3799 722 3863; x_wconf 87' lang='lat' dir='ltr'><strong>Basilii</strong></span> <span class='ocrx_word' id='word_1_316' title='bbox 736 3801 775 3864; x_wconf 85' lang='lat' dir='ltr'><strong>ll.</strong></span> <span class='ocrx_word' id='word_1_317' title='bbox 790 3809 916 3864; x_wconf 84' lang='lat' dir='ltr'><strong>mortem</strong></span> <span class='ocrx_word' id='word_1_318' title='bbox 931 3814 1071 3882; x_wconf 82' lang='lat' dir='ltr'><strong>prouecta</strong></span> <span class='ocrx_word' id='word_1_319' title='bbox 1092 3815 1188 3868; x_wconf 86' lang='lat' dir='ltr'><strong>aetate</strong></span> <span class='ocrx_word' id='word_1_320' title='bbox 1208 3815 1310 3870; x_wconf 88' lang='lat' dir='ltr'><strong>contra</strong></span> <span class='ocrx_word' id='word_1_321' title='bbox 1324 3807 1448 3870; x_wconf 84' lang='lat' dir='ltr'><strong>Lucium</strong></span> 
     </span>
     <span class='ocr_line' id='line_1_36' title="bbox 225 3895 1453 3988; baseline 0.011 -31"><span class='ocrx_word' id='word_1_322' title='bbox 225 3895 308 3958; x_wconf 85' lang='lat' dir='ltr'><strong>illum</strong></span> <span class='ocrx_word' id='word_1_323' title='bbox 328 3895 519 3962; x_wconf 75' lang='lat' dir='ltr'><strong>Alexandrini</strong></span> <span class='ocrx_word' id='word_1_324' title='bbox 546 3901 724 3964; x_wconf 74' lang='lat' dir='ltr'><strong>triariorum</strong></span> <span class='ocrx_word' id='word_1_325' title='bbox 753 3911 857 3968; x_wconf 89' lang='lat' dir='ltr'><strong>coetus</strong></span> <span class='ocrx_word' id='word_1_326' title='bbox 886 3905 1048 3968; x_wconf 72' lang='lat' dir='ltr'><strong>audatiam</strong></span> <span class='ocrx_word' id='word_1_327' title='bbox 1078 3908 1239 3987; x_wconf 82' lang='lat' dir='ltr'><strong>scripsisse</strong></span> <span class='ocrx_word' id='word_1_328' title='bbox 1266 3907 1453 3988; x_wconf 74' lang='lat' dir='ltr'><strong>pentacon,</strong></span> 
     </span>
     <span class='ocr_line' id='line_1_37' title="bbox 222 3995 1452 4088; baseline 0.01 -30"><span class='ocrx_word' id='word_1_329' title='bbox 222 3995 351 4060; x_wconf 85' lang='lat' dir='ltr'><strong>lectores</strong></span> <span class='ocrx_word' id='word_1_330' title='bbox 381 3998 458 4060; x_wconf 89' lang='lat' dir='ltr'><strong>sacri</strong></span> <span class='ocrx_word' id='word_1_331' title='bbox 488 3999 599 4064; x_wconf 89' lang='lat' dir='ltr'><strong>codicis</strong></span> <span class='ocrx_word' id='word_1_332' title='bbox 631 4002 759 4066; x_wconf 89' lang='lat' dir='ltr'><strong>oraculis</strong></span> <span class='ocrx_word' id='word_1_333' title='bbox 788 4022 885 4082; x_wconf 87' lang='lat' dir='ltr'><strong>paene</strong></span> <span class='ocrx_word' id='word_1_334' title='bbox 913 4003 1026 4080; x_wconf 87' lang='lat' dir='ltr'><strong>obruit,</strong></span> <span class='ocrx_word' id='word_1_335' title='bbox 1059 4007 1158 4088; x_wconf 84' lang='lat' dir='ltr'><strong>minua</strong></span> <span class='ocrx_word' id='word_1_336' title='bbox 1180 4025 1252 4070; x_wconf 82' lang='lat' dir='ltr'><strong>roro</strong></span> <span class='ocrx_word' id='word_1_337' title='bbox 1282 4008 1452 4072; x_wconf 78' lang='lat' dir='ltr'><strong>redonibus</strong></span> 
     </span>
     <span class='ocr_line' id='line_1_38' title="bbox 224 4097 1453 4182; baseline 0.011 -23"><span class='ocrx_word' id='word_1_338' title='bbox 224 4097 396 4176; x_wconf 80' lang='lat' dir='ltr'><strong>dogmatum</strong></span> <span class='ocrx_word' id='word_1_339' title='bbox 429 4099 582 4176; x_wconf 83' lang='lat' dir='ltr'><strong>subtilius,</strong></span> <span class='ocrx_word' id='word_1_340' title='bbox 616 4121 703 4182; x_wconf 88' lang='lat' dir='ltr'><strong>quam</strong></span> <span class='ocrx_word' id='word_1_341' title='bbox 726 4103 763 4166; x_wconf 88' lang='lat' dir='ltr'><strong>ab</strong></span> <span class='ocrx_word' id='word_1_342' title='bbox 791 4104 856 4168; x_wconf 85' lang='lat' dir='ltr'><strong>aliis</strong></span> <span class='ocrx_word' id='word_1_343' title='bbox 886 4107 995 4170; x_wconf 87' lang='lat' dir='ltr'><strong>lactum</strong></span> <span class='ocrx_word' id='word_1_344' title='bbox 1026 4115 1103 4182; x_wconf 87' lang='lat' dir='ltr'><strong>erat,</strong></span> <span class='ocrx_word' id='word_1_345' title='bbox 1137 4108 1298 4172; x_wconf 88' lang='lat' dir='ltr'><strong>reddendis</strong></span> <span class='ocrx_word' id='word_1_346' title='bbox 1330 4109 1453 4172; x_wconf 85' lang='lat' dir='ltr'><strong>adiuvit.</strong></span> 
     </span>
     <span class='ocr_line' id='line_1_39' title="bbox 221 4197 1450 4291; baseline 0.008 -29"><span class='ocrx_word' id='word_1_347' title='bbox 221 4197 356 4262; x_wconf 85' lang='lat' dir='ltr'><strong>Laudem</strong></span> <span class='ocrx_word' id='word_1_348' title='bbox 384 4197 570 4279; x_wconf 87' lang='lat' dir='ltr'><strong>eloquentiae</strong></span> <span class='ocrx_word' id='word_1_349' title='bbox 597 4203 659 4268; x_wconf 85' lang='lat' dir='ltr'><strong>siue</strong></span> <span class='ocrx_word' id='word_1_350' title='bbox 686 4204 809 4284; x_wconf 88' lang='lat' dir='ltr'><strong>peritiae</strong></span> <span class='ocrx_word' id='word_1_351' title='bbox 838 4210 986 4272; x_wconf 79' lang='lat' dir='ltr'><strong>sermome</strong></span> <span class='ocrx_word' id='word_1_352' title='bbox 1013 4209 1072 4271; x_wconf 90' lang='lat' dir='ltr'><strong>iam</strong></span> <span class='ocrx_word' id='word_1_353' title='bbox 1098 4209 1296 4291; x_wconf 82' lang='lat' dir='ltr'><strong>Hieronymus</strong></span> <span class='ocrx_word' id='word_1_354' title='bbox 1325 4211 1450 4290; x_wconf 77' lang='lat' dir='ltr'><strong>Didymo</strong></span> 
     </span>
     <span class='ocr_line' id='line_1_40' title="bbox 224 4297 1450 4389; baseline 0.012 -27"><span class='ocrx_word' id='word_1_355' title='bbox 224 4297 388 4379; x_wconf 83' lang='lat' dir='ltr'><strong>derogarit,</strong></span> <span class='ocrx_word' id='word_1_356' title='bbox 410 4317 467 4362; x_wconf 91' lang='lat' dir='ltr'><strong>nec</strong></span> <span class='ocrx_word' id='word_1_357' title='bbox 487 4302 553 4380; x_wconf 89' lang='lat' dir='ltr'><strong>ipse</strong></span> <span class='ocrx_word' id='word_1_358' title='bbox 575 4303 632 4366; x_wconf 83' lang='lat' dir='ltr'><strong>sibi</strong></span> <span class='ocrx_word' id='word_1_359' title='bbox 654 4323 719 4368; x_wconf 88' lang='lat' dir='ltr'><strong>eam</strong></span> <span class='ocrx_word' id='word_1_360' title='bbox 742 4308 898 4387; x_wconf 86' lang='lat' dir='ltr'><strong>arrogavit.</strong></span> <span class='ocrx_word' id='word_1_361' title='bbox 941 4309 993 4374; x_wconf 90' lang='lat' dir='ltr'><strong>llle</strong></span> <span class='ocrx_word' id='word_1_362' title='bbox 1020 4310 1050 4372; x_wconf 91' lang='lat' dir='ltr'><strong>in</strong></span> <span class='ocrx_word' id='word_1_363' title='bbox 1078 4311 1260 4389; x_wconf 88' lang='lat' dir='ltr'><strong>praelatione</strong></span> <span class='ocrx_word' id='word_1_364' title='bbox 1288 4312 1321 4374; x_wconf 92' lang='lat' dir='ltr'><strong>in</strong></span> <span class='ocrx_word' id='word_1_365' title='bbox 1340 4311 1450 4376; x_wconf 86' lang='lat' dir='ltr'><strong>librum</strong></span> 
     </span>
     <span class='ocr_line' id='line_1_41' title="bbox 223 4397 1455 4494; baseline 0.011 -32"><span class='ocrx_word' id='word_1_366' title='bbox 223 4400 262 4471; x_wconf 87' lang='lat' dir='ltr'><strong>do</strong></span> <span class='ocrx_word' id='word_1_367' title='bbox 284 4397 392 4480; x_wconf 87' lang='lat' dir='ltr'><strong>spiritu</strong></span> <span class='ocrx_word' id='word_1_368' title='bbox 419 4410 522 4464; x_wconf 87' lang='lat' dir='ltr'><strong>saneto</strong></span> <span class='ocrx_word' id='word_1_369' title='bbox 549 4403 639 4468; x_wconf 79' lang='lat' dir='ltr'><strong>latim</strong></span> <span class='ocrx_word' id='word_1_370' title='bbox 665 4405 812 4472; x_wconf 88' lang='lat' dir='ltr'><strong>redditam</strong></span> <span class='ocrx_word' id='word_1_371' title='bbox 844 4409 917 4475; x_wconf 89' lang='lat' dir='ltr'><strong>dicit</strong></span> <span class='ocrx_word' id='word_1_372' title='bbox 944 4419 1096 4476; x_wconf 88' lang='lat' dir='ltr'><strong>auctorem</strong></span> <span class='ocrx_word' id='word_1_373' title='bbox 1117 4415 1292 4494; x_wconf 62' lang='lat' dir='ltr'><strong>reperirem</strong></span> <span class='ocrx_word' id='word_1_374' title='bbox 1312 4431 1455 4476; x_wconf 66' lang='lat' dir='ltr'><strong>semaam</strong></span> 
     </span>
     <span class='ocr_line' id='line_1_42' title="bbox 222 4498 1453 4580; baseline 0.01 -15"><span class='ocrx_word' id='word_1_375' title='bbox 222 4519 289 4566; x_wconf 84' lang='lat' dir='ltr'><strong>arae</strong></span> <span class='ocrx_word' id='word_1_376' title='bbox 310 4509 338 4562; x_wconf 84' lang='lat' dir='ltr'><strong>et</strong></span> <span class='ocrx_word' id='word_1_377' title='bbox 359 4498 409 4574; x_wconf 90' lang='lat' dir='ltr'><strong>(al.</strong></span> <span class='ocrx_word' id='word_1_378' title='bbox 429 4503 495 4580; x_wconf 78' lang='lat' dir='ltr'><strong>aad)</strong></span> <span class='ocrx_word' id='word_1_379' title='bbox 527 4523 590 4570; x_wconf 80' lang='lat' dir='ltr'><strong>non</strong></span> <span class='ocrx_word' id='word_1_380' title='bbox 616 4511 752 4575; x_wconf 75' lang='lat' dir='ltr'><strong>acaurio.</strong></span> <span class='ocrx_word' id='word_1_381' title='bbox 795 4509 851 4574; x_wconf 86' lang='lat' dir='ltr'><strong>ttic</strong></span> <span class='ocrx_word' id='word_1_382' title='bbox 872 4511 903 4576; x_wconf 91' lang='lat' dir='ltr'><strong>in</strong></span> <span class='ocrx_word' id='word_1_383' title='bbox 925 4512 985 4577; x_wconf 83' lang='lat' dir='ltr'><strong>eae</strong></span> <span class='ocrx_word' id='word_1_384' title='bbox 1004 4511 1073 4576; x_wconf 90' lang='lat' dir='ltr'><strong>libri</strong></span> <span class='ocrx_word' id='word_1_385' title='bbox 1104 4511 1221 4577; x_wconf 81' lang='lat' dir='ltr'><strong>scribit:</strong></span> <span class='ocrx_word' id='word_1_386' title='bbox 1256 4513 1343 4577; x_wconf 73' lang='lat' dir='ltr'><strong>Sicut</strong></span> <span class='ocrx_word' id='word_1_387' title='bbox 1371 4517 1453 4576; x_wconf 76' lang='lat' dir='ltr'><strong>eain</strong></span> 
     </span>
    </p>
   </div>
   <div class='ocr_carea' id='block_1_3' title="bbox 501 4845 532 4888">
    <p class='ocr_par' dir='ltr' id='par_1_3' title="bbox 501 4845 532 4888">
     <span class='ocr_line' id='line_1_43' title="bbox 501 4845 532 4888; baseline 0 -10"><span class='ocrx_word' id='word_1_388' title='bbox 501 4845 532 4888; x_wconf 65' lang='lat' dir='ltr'><em>p</em></span> 
     </span>
    </p>
   </div>
   <div class='ocr_carea' id='block_1_4' title="bbox 0 0 1592 5082">
    <p class='ocr_par' dir='ltr' id='par_1_4' title="bbox 0 0 1592 5082">
     <span class='ocr_line' id='line_1_44' title="bbox 0 0 1592 5082; baseline 0 0"><span class='ocrx_word' id='word_1_389' title='bbox 0 0 1592 5082; x_wconf 95' lang='lat' dir='ltr'><strong> </strong></span> 
     </span>
    </p>
   </div>
  </div>
 </body>
</html>
