3174 5082
199 269 202 278 ’
262 261 304 327 42
667 327 669 332 ,
793 275 964 322 anemurio.

263 430 408 512 qoam-tle
430 435 526 490 arrato
549 425 724 502 (uniusmodi
747 426 778 488 iu
800 425 860 488 illis
883 426 969 490 etiam
991 423 1073 488 libris
1095 423 1363 507 lieet'oetaroquin
1387 435 1490 506 typo·

261 531 416 612 graphione
438 527 614 607 integritatis
635 527 720 592 laude
742 526 962 590 lloreutissinri's
983 527 1061 588 lraud
1083 535 1180 590 nmen
1195 546 1287 608 panna
1302 528 1487 608 deprehen·

261 631 371 706 ouis),
403 641 432 692 et
463 639 580 710 praeter
610 629 876 709 interpunctionem
903 646 1029 710 prorsus
1059 627 1223 690 obsoletam
1250 629 1324 692 ntuil
1350 630 1487 692 omuino

264 733 477 794 immutaretur.
520 731 629 794 tinnitu
649 731 759 812 pariter
778 738 864 810 atque
878 729 1085 792 annotationes
1099 730 1228 794 adiectae
1243 740 1314 794 sunt
1328 731 1487 811 integrae,

218 885 219 895 ,
262 833 481 912 neeaquitlsm
493 843 575 914 parte
586 832 786 913 marginalium
803 831 1022 914 praetermissa,
1044 849 1119 912 quae
1133 831 1241 912 aliquid
1258 832 1335 896 snitu
1352 833 1485 914 dignunl
1558 899 1559 904 ,

264 933 443 1006 contineret,
475 935 514 996 ita
542 944 574 996 ut
599 941 629 996 et
655 933 727 996 nihil
749 933 828 996 desit
848 941 879 996 et
901 952 960 998 uon
981 933 1041 994 nisi
1062 931 1240 1012 paucissima
1262 951 1354 1014 eaque
1375 934 1483 996 ubivis
1558 975 1559 982 ι

262 1033 347 1097 uuus
369 1035 478 1099 iunlnsa
500 1035 689 1108 accesserint,
710 1035 827 1098 lunulae
849 1035 927 1096 enim
948 1034 1206 1110 Benediotinorum
1228 1042 1309 1096 sunt.
1343 1035 1378 1106 ln
1397 1035 1482 1098 loris
1558 1091 1559 1114 ,

263 1136 358 1200 citatis
386 1148 523 1218 quautam
551 1138 615 1199 eius
643 1137 706 1200 fieri
733 1135 832 1217 potuit
857 1136 955 1198 denuo
978 1135 1166 1208 evolvendis,
1196 1136 1478 1216 nonnumquam
1558 1121 1559 1128 ἵ

100 1319 103 1326 ⁴
141 1263 145 1273 x
216 1291 219 1310 ,
261 1237 443 1302 parisienses
472 1239 600 1301 editores
626 1239 756 1302 leoeront
777 1236 951 1300 deliniendis
974 1244 1005 1298 et
1024 1237 1060 1299 ad
1081 1237 1263 1300 recentiores
1285 1238 1479 1318 optimaeque

230 1397 233 1403 ,
261 1339 407 1404 editiones
428 1339 619 1404 reeenseudis
642 1340 764 1404 mutum
787 1339 929 1418 temporis
952 1356 1118 1418 operaeque
1132 1338 1269 1420 'positum
1286 1347 1341 1402 est.
1377 1339 1475 1402 lisui-

213 1479 216 1486 1
261 1459 319 1520 que
340 1440 506 1504 versionem
528 1441 657 1512 latinam,
680 1440 737 1502 etsi
760 1439 932 1503 emendandi
955 1439 1063 1519 largam
1087 1439 1291 1504 necessitatem
1307 1442 1423 1514 offerat,
1448 1440 1476 1504 si

225 1551 231 1562 '
260 1542 438 1621 paucissima
467 1560 559 1620 eaque
585 1540 749 1614 levissima,
782 1557 857 1620 quaa
892 1540 1108 1621 perspicuitatis
1136 1560 1223 1606 eausa
1252 1541 1472 1622 nansponanoa

260 1643 388 1714 luerunt
410 1641 734 1722 ἰιιῑιηιιιιιιιιιοιιιιιιᾳιιι
748 1641 886 1722 excipias,
908 1659 1032 1722 prorsus
1048 1642 1185 1704 inmotam
1200 1642 1367 1706 ersuibera
1382 1663 1469 1724 prae-

262 1742 370 1822 plsouit
398 1759 484 1822 quam
512 1742 624 1822 passim
652 1725 814 1824 morigere,
848 1743 1023 1824 praesertim
1049 1763 1138 1824 quum
1165 1744 1243 1806 haud
1271 1763 1338 1806 raro
1366 1746 1403 1808 ad
1428 1763 1466 1815 es

263 1860 339 1921 quae
366 1843 541 1922 corrigenda
569 1843 707 1916 tuissent,
739 1844 927 1924 significanda
954 1845 1101 1925 archetypi
1128 1845 1223 1926 graeei
1244 1853 1355 1908 mutata
1376 1846 1465 1910 inter·

262 1943 382 2022 punctio
404 1943 539 2006 sullioere
559 1944 716 2008 rideretur.
748 1945 851 2010 Eurota
871 1946 1109 2027 typographica
1100 1965 1129 2008 ιιι
1146 1946 1219 2008 tanti
1234 1947 1332 2026 operis
1345 1947 1469 2010 deoursu

264 2043 310 2106 rix
333 2063 367 2106 ao
387 2063 425 2108 ne
445 2045 491 2108 rix
513 2046 631 2126 quidem
651 2065 777 2128 prorsus
799 2056 935 2128 poteraut
948 2047 1063 2109 evitari.
1093 2047 1231 2110 Graviora
1246 2047 1469 2122 iudicatasuut3

263 2143 389 2218 leviora,
416 2163 472 2208 nee
498 2165 558 2210 uon
584 2149 662 2229 quod
686 2159 818 2230 typorum
840 2149 995 2228 fragilitate
1017 2150 1136 2230 saepius
1157 2149 1262 2226 accidit
1283 2159 1317 2212 nt
1337 2150 1477 2238 singula-v

157 2293 159 2298 .
266 2265 331 2308 rum
345 2246 494 2312 literarum
516 2250 638 2324 immae,
661 2251 805 2332 imprimis
828 2260 966 2314 accentus
990 2259 1021 2312 et
1042 2251 1174 2330 spiritus,
1197 2251 1253 2312 sub
1275 2249 1349 2331 preli
1364 2251 1468 2314 letibus

267 2359 485 2426 evanescerent,
508 2350 602 2432 ipsius
624 2351 743 2416 lectoris
766 2352 908 2416 benevola
929 2350 1109 2431 indulgentia
1131 2352 1267 2433 corriget.

329 2469 419 2531 Scripsi
436 2470 531 2533 Lipsiae
547 2471 624 2534 pridie
642 2471 759 2520 Kalendas
777 2470 893 2522 (latebras
911 2469 1074 2522 llllCCCLlll.

741 2621 868 2672 utttutts
887 2619 1017 2672 loannes
1035 2621 1185 2674 nuufflcus
1204 2621 1367 2675 uoluuntur

655 2707 696 2750 τι.
714 2715 734 2751 et
752 2707 790 2750 ita.
809 2707 890 2753 ltootor
907 2715 929 2752 et
948 2705 1097 2752 Bibliothecae
1114 2707 1227 2754 Paullluao
1245 2705 1424 2762 utsuonaantus.
