3054 5304
192 209 255 274 656
595 223 622 266 ε.
636 221 788 266 manu
802 221 1023 266 ιαεαιενιεεοει

104 369 399 458 σκεπαστήριον,
426 367 483 436 ναὶ
509 375 652 458 ποίησον
678 368 718 435 τὸ
744 371 822 454 περὶ
850 371 910 455 τῆς
931 366 1093 453 ἁμαρτίας
1114 389 1177 434 σου
1200 371 1264 436 καὶ
1298 367 1358 436 τὸ
1388 367 1479 437 ὁλο-

188 471 345 557 καύτωμά
366 493 436 552 σου,
459 475 514 538 καί
536 471 704 552 ·έξίλασαι
726 471 803 558 περί
827 473 966 539 σεαυτοῦ
988 468 1124 536 καὶτοῦ
1148 470 1247 537 οἴκου
1283 495 1387 551 σου,
1417 476 1476 540 καὶ

188 582 332 664 ποίησον
354 572 396 640 τὰ
418 573 510 658 δῶρα
530 576 589 639 τοῦ
611 575 710 653 λαοῦ,
743 575 797 638 καὶ
825 571 976 652 ἐξίλασᾱι
996 573 1073 656 περὶ
1097 564 1225 651 αὐτῶν,
1268 575 1477 660 καθάπερ

188 677 372 748 ἐνετείλατο
392 673 504 762 κύριος
523 678 572 754 τῷ
594 677 757 752 ΜωοεῖἿ.
796 672 869 741 ίόοῦ
890 679 1001 740 τοίνυν
1022 671 1180 767 ἐνταῦθα,
1205 679 1369 762 καίπερ
1389 675 1476 756 ἑνὸς
1522 757 1523 760 ¹

189 779 285 859 ὄντος
305 780 365 845 τοῦ
387 783 552 862 Μωσέως,
576 771 622 856 ῶς
641 777 720 862 περὶ
742 775 854 861 έτίροο
868 780 1024 853 Μωσέως
1044 769 1144 854 αῦτὸς
1158 778 1319 862 Μωσῆς
1349 778 1476 864 λέγων
1522 761 1523 788 ’

189 883 277 952 έστί·
309 877 466 966 καθάπερ
500 878 683 947 ἐνετείλατο
715 876 827 964 κύριος
858 879 906 962 τῷ
928 882 1061 944 Μωσεῖ.
1110 871 1201 943 οῦτω
1229 885 1384 945 τοίνυν
1411 883 1481 952 καῖ

188 988 267 1072 περί
289 985 348 1050 τοῦ
370 987 469 1065 θείου
489 979 588 1068 λόγου
610 977 666 1047 ἐὰν
688 979 763 1066 λέχη
786 973 827 1044 λὸ
847 977 1010 1065 μακάριος
1023 981 1154 1062 Πέτρος
1167 971 1475 1061 άποσταλέντος

188 1095 263 1167 τοῖς
284 1085 370 1165 υἱοῖς
388 1077 515 1171 Ἰσραὴλ
536 1081 593 1150 διὰ
610 1075 713 1170 Ἰησοῦ
734 1082 884 1168 Χριστοῦ
891 1081 924 1160 ²),
948 1073 988 1146 οῦ
1007 1076 1068 1168 χρὴ
1084 1077 1196 1166 ἕτερον
1210 1081 1284 1165 μὲν
1299 1081 1382 1150 τὸν
1401 1083 1474 1150 λό-

189 1213 264 1277 γον,
298 1187 409 1272 ἕτερον
441 1185 477 1252 δέ
504 1182 653 1272 Χριστὸν
685 1191 790 1264 νοεῖν,
825 1174 894 1249 ἀλλ’
919 1181 977 1250 ἕνα
997 1182 1052 1248 καὶ
1073 1180 1133 1248 τὸν
1153 1175 1263 1250 αῦτὸν
1290 1184 1369 1252 διὰ
1396 1185 1468 1273 τήν

190 1293 308 1361 ένωσιν
329 1289 388 1378 τὴν
409 1285 496 1374 πρὸς
516 1284 575 1372 τὴν
595 1289 695 1352 θείαν
717 1273 818 1352 αῦτῦῦ
839 1281 895 1352 καὶ
910 1281 1157 1371 φιλάνθρωπον
1171 1287 1460 1373 συγκατιῇθασίν

189 1419 226 1462 τε
256 1393 310 1459 καὶ
338 1387 604 1476 ένανθρῶπησιν.
641 1385 671 1454 εἰ
698 1387 734 1454 δέ
756 1389 811 1454 καὶ
834 1396 945 1454 νοοῖτο
970 1385 1085 1468 διχῶς,
1114 1379 1185 1452 ἄλλ’
1211 1380 1277 1472 οῦχ
1302 1384 1359 1469 ῶς
1383 1393 1456 1455 τοῦ

189 1493 289 1580 λόγου
311 1497 560 1580 κεχωρισμένον,
582 1487 668 1556 κατὰ
678 1486 737 1556 τόν
751 1494 937 1556 θεσπέσων
949 1481 1099 1574 Ἰωάννην
1112 1487 1168 1554 καί
1184 1481 1204 1553 ό
1220 1488 1327 1576 λόγος
1344 1491 1446 1576 σάρξ

190 1595 316 1682 ἐγένετο
339 1592 490 1680 εἰρηκότα
510 1593 565 1661 καὶ
587 1591 769 1679 ἐσκήνωσεν
791 1591 826 1659 έν
847 1585 978 1678 η’μῖν*).·
1003 1586 1043 1654 τὸ
1065 1585 1130 1676 ἄρα
1150 1589 1266 1670 καλῶς
1287 1597 1341 1658 καί
1364 1589 1431 1676 ἄρ-

188 1699 264 1774 θῶς
296 1695 464 1781 εἰρημένον
495 1691 582 1778 πρὸς
608 1696 667 1758 τοῦ
695 1698 857 1778 μακαρίου
880 1697 1011 1779 Πέτρου
1038 1692 1144 1768 κακῶς
1169 1689 1232 1758 καὶ
1253 1693 1417 1780 στρεηίλῶς

190 1798 342 1874 νοοῦντες
363 1795 395 1859 οἱ
415 1795 475 1858 τοῦ
497 1799 718 1876 Σαμοσατέως
740 1793 774 1861 έν
795 1797 835 1880 τῇ
856 1787 1002 1879 ἀληθείᾳ
1023 1775 1082 1876 σῦχ
1095 1791 1288 1874 ἳστανταιλ
1319 1799 1409 1878 Χρι-

190 1896 268 1976 στὸς
288 1895 349 1984 γὰρ
370 1893 411 1961 τὸ
433 1893 681 1981 συναμφότερον
703 1905 830 1962 νοεῖται
851 1892 962 1981 ’παρὰ
976 1896 1016 1981 τῇ
1031 1899 1113 1982 θείη
1125 1899 1252 1983 γραφῇ,
1276 1892 1416 1976 ὡςῦται

190 2001 283 2089 λίγη·
315 1993 464 2085 Χριστὸς
488 1999 580 2064 θεοῦ
602 1995 740 2081 δύναμις
766 1995 823 2064 καὶ
850 1998 940 2064 θεοῦ
963 1999 1106 2084 σοφίαῆ.
1144 1995 1174 2064 εί
1195 2004 1315 2066 τοίνυν
1336 2000 1428 2084 λέγει

191 2099 232 2172 ιό
253 2107 383 2188 Πέτρος
408 2098 468 2168 τὸν
495 2097 592 2186 λόγοῦ
622 2097 678 2166 διὰ
697 2093 801 2188 Ἰησοῦ
823 2100 972 2184 Χριστοῦ
996 2090 1213 2166 ἀπεστάλθαι
1235 2109 1314 2180 τοῖς
1337 2101 1430 2178 υἱοῖς

188 2201 325 2292 Ἰσραήλ,
347 2205 446 2272 τοῦτο
468 2208 636 2292 σημαίνων
659 2207 814 2281 νοείσθω,
837 2199 895 2268 τὸν
910 2198 1007 2287 λόγον
1019 2204 1237 2285 οαρκωθέντα
1247 2213 1327 2282 τοῖς
1338 2203 1433 2280 υἱοῖς

188 2302 314 2395 Ἰσραὴλ
335 2308 611 2392 πεφανερῶσθαι,
634 2299 674 2373 ἵν’
697 2293 718 2391 ᾖ
741 2303 891 2392 συνᾴδων
901 2305 949 2388 τῷ
963 2305 1017 2368 καί
1034 2297 1052 2368 ό
1067 2299 1165 2388 λόγος
1178 2301 1267 2390 σὰρξ
1280 2304 1430 2392 ἐγένετο.

191 2409 222 2476 εί
251 2409 287 2475 δὲ
316 2408 435 2492 ἑτέρως
462 2407 565 2473 ἐκεῖνο
597 2409 727 2486 νοοῦσι,
760 2404 817 2474 καὶ
843 2403 901 2472 τὸν
928 2403 1027 2490 λόγον
1046 2405 1108 2489 μίν
1128 2402 1245 2483 καθὼς
1266 2409 1328 2473 καὶ
1353 2407 1431 2476 ἔστι

190 2515 289 2574 θεῖον
312 2501 548 2592 ὁμολογοῦντες
566 2505 625 2580 τὸν
647 2506 733 2591 πρὸς
754 2503 855 2574 αῦτσῦ
877 2507 1051 2594 ληφθέντα
1072 2494 1168 2593 ᾦκαὶ
1181 2501 1350 2592 ἡνῶσθαι
1367 2535 1429 2578 πι-

106 2607 343 2678 ε.οα.στεῦεται
381 2605 565 2694 ἄνθρωπον
598 2601 656 2674 ἀπ’
686 2604 787 2676 αότοῦ
816 2607 1010 2692 χωρίζουσι,
1043 2608 1189 2694 λέγοντες
1216 2607 1276 2674 διὰ
1307 2605 1425 2700 Ἰησοῦ

191 2706 341 2798 Χριστοῦ
363 2703 480 2778 ἀῦτὸν
502 2705 726 2790 όιπεστάλθαι,
751 2709 881 2788 ἑαυτοῖς
903 2707 1035 2776 ἐναντία
1057 2707 1279 2798 φθεγγόμενοι
1300 2707 1350 2778 οῦ
1366 2738 1426 2782 νο·

192 2817 296 2883 οῦσιν.
332 2813 382 2880 ὀἱ
408 2811 470 2898 γὰρ
502 2811 649 2879 ἐνταῦθα
673 2811 865 2898 χωρίζοντες
891 2813 950 2899 τῆς
976 2815 1077 2891 θείας
1098 2809 1293 2899 σαρκώσεως
1316 2817 1427 2883 θεῖον

191 2919 316 2998 νοοῦσι,
340 2913 573 3002 σμικρῦνουσιν
594 2910 659 3000 όίρα
681 2907 854 2993 άκοῦοντες
875 2907 975 2980 αότὸν
997 2911 1103 2998 σάρκα
1125 2915 1338 3001 γεγενῆσθαι,
1361 2913 1423 2983 καὶ

190 3021 233 3090 τὰ
251 3015 409 3109 Ἑλλήνων
432 3019 621 3106 φρονοῦσιν,
645 3011 754 3103 ῶςπερ
777 3005 910 3083 οὖνκαὶ
932 3005 1103 3104 φρονοῦσι,
1125 3014 1253 3102 τροπὴν
1274 3020 1338 3084 τοῦ
1359 3017 1424 3084 λό-

190 3148 250 3212 γου
271 3121 331 3210 τὴν
353 3120 518 3208 σάρκωσιν
539 3117 598 3210 τὴν
620 3124 719 3188 θείαν
740 3114 1041 3205 ὑπολαμβάνοντες.

277 3229 327 3292 32.
369 3217 457 3289 Ἀλλ’
483 3216 541 3290 οῦκ
574 3221 645 3290 ’ἐστι
671 3222 785 3301 τοῦτο,
817 3218 862 3306 μὴ
883 3224 1020 3305 γένοιτο.
1065 3215 1102 3284 ὃν
1122 3216 1251 3304 τρόπον
1276 3218 1337 3306 γὰρ
1356 3217 1407 3285 έν-

190 3326 305 3390 ταῦθα
333 3321 392 3408 τὴν
421 3315 647 3410 ἇνέκφραστον
668 3324 807 3391 ςλένωσιν
835 3315 852 3387 ό
877 3314 1025 3406 Ἰωάννης
1044 3317 1239 3405 κυρῦσσειἿ,
1262 3339 1401 3388 καταπο-

191 3413 313 3501 θίνῦος
333 3425 392 3488 τοῦ
413 3427 539 3509 θνητοῦ
560 3419 628 3489 ῦπὸ
650 3426 707 3507 τῆς
729 3425 813 3512 ζωῆς
828 3423 883 3489 καὶ
898 3416 1063 3510 αῦτοζωῆς
1078 3417 1181 3502 ὄντος,
1198 3415 1395 3503 καθὰ“ιτρός

191 3523 250 3610 τὴν
272 3521 427 3609 Μάρθαν
450 3516 468 3586 ὃ
489 3521 600 3610 κύριος
621 3523 701 3610 ἔφη·
724 3523 787 3610 ἐγώ
810 3525 878 3607 είμι
897 3518 917 3612 ἡ
933 3521 1043 3608 ζωήὟ
1066 3519 1153 3590 οῦτω
1167 3526 1222 3589 καί
1239 3519 1313 3592 ὅταν
1326 3520 1395 3606 λέγῃ

194 3621 213 3692 ὃ
234 3622 396 3711 μακάριος
411 3628 541 3711 Πέτρος
561 3622 601 3690 τὸ
623 3622 680 3690 διὰ
691 3618 793 3711 Ἰησοῦ
807 3627 956 3711 Χριστοῦ
972 3618 1187 3693 ἀπεστάλθαι
1200 3623 1260 3692 τὸν
1275 3623 1407 3712 λόγον’),

93 3743 102 3766 ’
191 3726 251 3815 τὴν
272 3731 372 3794 θείαν
396 3724 513 3794 ένωσιν
536 3731 696 3812 σημαίνει.
735 3721 780 3805 ῶς
806 3724 867 3814 γὰρ
890 3721 1016 3792 ἇκοῦων
1037 3751 1089 3805 τις
1110 3725 1149 3792 τὸ
1171 3721 1190 3793 ό
1211 3726 1309 3814 λόγος
1329 3725 1415 3812 σάρξ

193 3826 321 3914 ἐγένετο
344 3821 402 3894 οῦκ
424 3823 464 3895 ἂν
484 3829 632 3913 ἰνομίσοι
651 3831 766 3914 μηκέτι
787 3817 844 3894 οῦν
866 3822 951 3906 εἶναι
973 3825 1077 3914 λόγον,
1102 3823 1185 3914 άπερ
1208 3825 1346 3910 άτοπον,
1366 3825 1415 3908 ῶς

208 4047 210 4052 ,
263 4001 287 4061 1)
305 4002 378 4053 [ωλι.
395 4003 421 4062 9,
440 4002 464 4052 7.
540 4001 632 4058 Ἰλλιί.
655 4001 695 4062 10,
714 3999 754 4054 36.
824 3999 933 4055 3110211.
954 4001 1035 4062 1,14.
1105 4001 1131 4061 4)
1149 4001 1216 4052 Ιοιο.
1235 4001 1260 4062 8,
1278 4001 1320 4052 44.
1388 4001 1417 4062 5)

194 4070 218 4121 1.
237 4069 293 4120 Cor.
313 4070 336 4131 1,
354 4069 396 4120 24.
465 4063 576 4130 όῖΙοτο.
597 4069 677 4130 Ι,14,
745 4067 973 4130 7)10an.=11,25.
1044 4067 1134 4130 sucu„
1156 4069 1256 4131 10‚36.

228 4189 461 4252 εῖῖεςειεεςαεε.
480 4187 519 4238 hic
536 4194 560 4236 ει
577 4201 630 4236 mox
648 4177 776 4243 έξίλασαι,
828 4180 892 4249 θείη
917 4183 1030 4256 γραφῇ,
1067 4187 1132 4252 quod
1159 4177 1228 4239 εΙιεόῑ
1254 4189 1283 4240 εῖν
1309 4187 1364 4238 aliis
1390 4195 1415 4238 ει

194 4266 223 4310 οῖ
238 4264 314 4308 exstat
329 4255 403 4306 Lavit.
421 4257 446 4314 9,
465 4255 489 4303 ’ῖ-
526 4253 597 4318 [editi
616 4247 762 4322 έξίλασον]
828 4255 906 4305 editis.

220 4327 252 4403 ,Ικ
270 4322 340 4376 Gobl.
358 4331 383 4374 et
400 4323 506 4374 Felckm.
526 4324 547 4374 1.
566 4323 677 4372 ominum
695 4315 709 4372 ό
726 4337 778 4390 μα·
862 4323 885 4372 ό.
902 4322 1119 4404 ¹1153301842311212
1137 4315 1152 4370 ὁ
1170 4319 1280 4394 Πέτρος.
1315 4323 1342 4374 ln
1359 4321 1416 4373 aliis

192 4405 354 4520 καῦωῦῦςὶοε
378 4468 401 4510 ει
425 4461 523 4522 Seguer.
543 4457 633 4508 addunt
649 4453 725 4529 παρὰ
742 4458 777 4527 τῇ
828 4391 941 4510 οιῦάῦίῦ
958 4391 1066 4522 {effi
1077 4459 1177 4521 Seguer.
1212 4463 1241 4512 At
1258 4460 1299 4512 ιΙίἰ
1318 4467 1341 4510 οῖ
1359 4458 1417 4511 editi
