3212 5060
546 193 655 260 onorio
670 217 713 258 nr.
729 217 845 260 conans
858 217 992 262 mutuos.
1296 205 1358 270 569
1426 187 1430 196 ’

139 380 203 446 εει,
227 371 262 432 ad
284 388 372 450 quem
395 367 534 447 quoniam
557 365 726 441 offendunt,
755 367 791 430 ab
814 369 871 430 illis
893 388 954 432 non
977 389 1064 434 secus
1087 391 1121 434 ac
1141 391 1158 434 a
1180 374 1443 438 Sadducaeisrsoe.

142 484 172 536 et
199 472 365 535 Pharisaois
395 468 608 531 sciscitandum
638 475 698 542 est,
731 489 789 550 quo
819 470 855 532 de
881 472 1019 552 loquatur
1039 473 1145 536 Lucos.
1191 475 1241 538 Sic
1262 486 1360 538 autem

141 577 206 638 illos
229 573 442 654 aggrediamur.
488 569 571 632 lesus
599 569 735 632 Christus
757 572 885 632 homone
907 583 953 634 est
973 584 1007 636 ut
1027 575 1084 650 alii⁴
1098 593 1202 638 omnes
1224 578 1361 640 homines

139 697 177 740 an
199 695 269 737 vero
290 675 370 734 lleus
393 679 440 734 est
462 689 578 732 carnem
602 669 748 750 gestans?
777 672 810 744 Si
831 691 923 754 purus
945 675 1034 738 bomo
1058 685 1111 751 cst,
1134 687 1168 740 ut
1189 679 1279 741 ceteri
1301 681 1359 741 bo-

141 780 253 850 miues,
277 777 377 855 utique
398 781 432 835 ut
452 774 542 834 bomo
565 771 717 852 proficiam
745 791 820 852 (puae
842 774 958 852 quidem
980 785 1027 838 εει
1047 778 1264 842 Samosatensis
1287 801 1359 842 sen-

141 881 249 954 tentia,
284 895 371 957 quam
398 883 463 937 toto
491 893 544 936 vos
573 874 673 936 animo
701 873 927 954 amplectimini,
961 877 1013 936 sed
1040 879 1159 940 nomine
1182 889 1267 944 tenus
1289 901 1360 962 prae
1370 897 1445 942 neoc.
1495 891 1499 900 ’

141 989 222 1044 metu
244 979 397 1042 hominum
419 976 543 1056 negatis.
586 975 619 1037 st
642 995 711 1037 vero
733 977 813 1037 Deus
837 985 884 1037 est
905 994 1022 1038 curnem
1045 987 1172 1062 gestans,
1195 983 1237 1044 uti
1259 1001 1378 1045 revera.

144 1093 200 1157 est,
224 1091 255 1144 et
274 1081 400 1142 Verbum
425 1099 493 1140 caro
517 1080 625 1140 laetum
648 1087 710 1152 est,
733 1079 830 1158 isque,
854 1079 903 1156 qui
926 1078 1005 1140 Deus
1028 1089 1099 1152 erat,
1123 1081 1152 1141 in
1176 1089 1283 1143 terram
1306 1085 1360 1146 de-

141 1185 271 1256 scendit,
301 1201 376 1262 quos
398 1198 576 1261 progressos
598 1187 685 1259 queat
706 1179 754 1241 ille
776 1180 901 1252 habere,
932 1180 982 1260 qui
1010 1181 1141 1259 aequalis
1170 1181 1231 1242 lleo
1254 1185 1362 1258 existit,

142 1295 192 1347 out
214 1304 272 1365 quo
295 1284 384 1345 modo
408 1300 542 1343 crescere
561 1282 662 1362 possit
681 1281 792 1353 Filius,
815 1281 865 1360 qui
887 1300 1006 1361 semper
1027 1290 1075 1342 est
1095 1283 1125 1343 in
1147 1281 1259 1344 Patre?
1292 1283 1366 1346 lVam

141 1388 169 1449 si
191 1387 229 1460 is,
251 1385 302 1464 qui
324 1393 369 1446 est
391 1383 532 1456 inPatre,
554 1383 699 1462 proficere
720 1390 828 1462 potest,
852 1383 922 1462 quid
945 1393 1125 1463 quaeso·est
1147 1384 1221 1446 ultro
1236 1385 1364 1458 Patrem,

144 1487 265 1549 atinde
286 1486 383 1566 possit
411 1483 579 1565 prolicere?
616 1484 728 1546 Deinde
751 1503 768 1546 o
789 1485 933 1566 uoluerit
955 1485 1056 1546 eodem
1078 1485 1127 1548 bic
1147 1487 1260 1562 dicere,
1291 1505 1367 1566 quae

146 1607 236 1670 supra
259 1588 471 1660 disseruimus,
496 1605 561 1648 cum
585 1586 797 1666 explicaremus
820 1605 947 1665 quonam
970 1605 1061 1650 sensu
1083 1589 1193 1668 aliquid
1216 1591 1367 1670 occepisse

143 1699 172 1752 et
193 1689 316 1770 glorium
338 1687 461 1768 adeptus
490 1707 559 1762 esse
587 1688 743 1750 diceretur.
788 1687 932 1750 Nimirum
954 1687 980 1750 si
1002 1689 1092 1750 bomo
1115 1693 1208 1753 lactus
1230 1691 1365 1771 proiecit,

140 1810 212 1872 ergo
235 1801 390 1870 antequam
413 1791 498 1852 lieret
519 1790 626 1864 homo,
648 1791 796 1870 perlectus
818 1808 879 1850 non
902 1797 980 1864 erat,
1003 1809 1037 1851 ac
1058 1791 1184 1870 proinde
1206 1792 1271 1856 eius
1293 1813 1365 1874 per-

141 1893 277 1956 fectionis
301 1911 388 1954 cansa
409 1891 466 1953 luit
487 1891 586 1970 potius
609 1909 677 1952 caro
700 1909 786 1970 quam
809 1890 874 1968 ipse
896 1891 1003 1953 curnis.
1036 1891 1163 1972 Insuper
1184 1895 1210 1955 si
1232 1895 1291 1970 ille,
1314 1896 1366 1975 qui

142 1994 271 2056 Verbum
294 2004 348 2068 εει,
370 1993 498 2074 prolicit,
521 1993 590 2072 quid
610 1993 704 2054 maius
726 2001 828 2072 potest
842 1992 917 2066 lieri,
940 2011 1027 2072 quam
1045 1992 1181 2064 Verbum,
1206 1995 1365 2075 Sapientia,

142 2095 235 2159 Filius
258 2105 288 2156 et
309 2096 363 2158 Dei
385 2091 502 2156 virtus?
536 2095 608 2154 baec
635 2093 781 2172 siquidem
806 2104 877 2154 sunt
899 2093 995 2172 ipsum
1019 2095 1162 2167 Verbum,
1192 2114 1317 2175 quorum
1339 2100 1367 2160 si

142 2197 210 2278 quis
234 2198 323 2259 relnti
345 2195 460 2260 radium
483 2202 587 2274 posset
610 2193 752 2272 accipere,
776 2194 802 2255 is
826 2213 897 2255 saue
919 2213 1034 2256 summe
1051 2196 1199 2274 perlectus
1216 2197 1293 2259 inter
1307 2199 1367 2260 bo-

142 2301 240 2361 mines
265 2307 356 2366 esset,
378 2297 556 2374 Angelisque
577 2295 662 2356 deret
683 2293 823 2372 aequalis.
868 2293 984 2356 Etenim
1005 2295 1107 2372 dngeli
1128 2297 1186 2375 ipsi
1208 2305 1295 2378 atque
1309 2299 1366 2361 llr-

144 2399 295 2478 obangeli,
324 2395 546 2460 [inminutiones
576 2395 761 2474 virtutesque
784 2413 888 2458 omnes
911 2407 940 2458 et
963 2395 1075 2456 Throni
1097 2397 1185 2458 Verbi
1207 2401 1366 2480 participes

146 2500 244 2562 allecti
267 2499 370 2562 taciem
392 2497 488 2560 Patris
512 2497 575 2560 eius
596 2507 740 2578 perpetuo
763 2492 870 2559 rident.
916 2497 1066 2576 paterga
1095 2499 1160 2560 lieri
1188 2501 1303 2580 potest',
1336 2511 1368 2566 ut

144 2602 209 2676 ille,
239 2602 288 2682 qui
311 2602 377 2664 aliis
398 2601 530 2680 impertit
551 2599 779 2680 perfectionem,
810 2599 875 2679 ipse
896 2608 967 2678 post
987 2599 1054 2660 illos
1076 2600 1233 2680 proficiat?
1264 2604 1368 2684 Angeli

42 2730 47 2739 ¹
143 2723 270 2784 namque
291 2706 448 2768 humanam
471 2703 534 2766 eius
562 2701 841 2765 administraverunt
868 2700 1063 2774 nativitatem,
1097 2709 1127 2762 et
1154 2701 1253 2765 Lucae
1280 2705 1368 2768 rerba
1445 2699 1454 2720 ⁸

143 2818 216 2887 post
237 2807 406 2867 huiusmodi
427 2805 604 2882 Angelorum
627 2804 912 2866 administrationem
937 2802 1053 2882 prolata
1074 2811 1154 2864 sunt
1199 2805 1258 2877 Qut
1280 2806 1370 2886 igitur

146 2907 246 2985 possit
267 2905 296 2964 id
319 2907 363 2966 rel
384 2905 415 2964 in
437 2915 566 2966 mentem
588 2905 717 2966 bominis
746 2923 871 2985 prorsus
901 2902 1026 2964 venire?
1062 2904 1220 2976 Quomodo
1248 2899 1368 2988 inqu'am

147 3003 297 3082 Sapientia
324 3004 356 3065 in
383 3003 527 3082 sapientia
553 3003 701 3084 prolecit‘l
738 3004 895 3077 Quomodo
924 3003 973 3084 qui
1002 3004 1066 3066 aliis
1095 3005 1144 3068 dat
1170 3008 1293 3085 gratiam
1313 3013 1369 3085 (uti

147 3105 256 3168 Paulus
277 3106 340 3168 suis
362 3106 393 3166 in
416 3103 554 3166 omnibus
576 3106 711 3186 epistolis
732 3106 815 3168 bisce
837 3105 934 3168 verbis
957 3107 1102 3184 agnoscit:
1127 3107 1233 3172 Grotr'o
1247 3111 1372 3176 Domini

146 3210 252 3270 nostri
276 3207 346 3270 Ictu
377 3206 495 3270 Citrr'sti
520 3209 560 3270 sit
588 3225 654 3270 com
676 3207 813 3270 omnibus
836 3207 942 3284 vodis),
970 3208 1034 3287 ipse
1056 3209 1085 3270 in
1108 3209 1198 3288 gratia
1219 3212 1369 3290 proiecit?

146 3307 199 3370 Vel
222 3307 301 3370 enim
320 3307 494 3389 Apostolum
517 3309 633 3372 mentiri
654 3309 850 3382 contendant,
880 3309 925 3370 rel
946 3309 1051 3372 Filium
1073 3330 1132 3372 non
1156 3331 1224 3376 esee
1245 3315 1368 3395 sopien-

145 3410 218 3472 tiam
247 3410 373 3474 audeaut
400 3411 557 3474 allirmere.
607 3411 657 3474 Vel
687 3411 715 3474 si
742 3419 790 3476 εει
816 3410 976 3492 sapientia,
1005 3423 1038 3476 ut
1065 3414 1138 3476 dixit
1169 3398 1310 3478 Salomon
1339 3427 1369 3481 et

181 3632 198 3680 ι.
217 3631 272 3682 Vide
290 3645 364 3696 supro
382 3647 437 3696 pen.
454 3631 503 3684 ott
523 3629 591 3700 [pap.
606 3633 664 3686 tte.
683 3635 732 3686 bui.
785 3641 885 3698 uterque
903 3633 958 3696 [leg.
976 3633 1267 3696 Sequeatasttmotter.
1283 3640 1368 3692 Felolt-

149 3697 188 3748 ed.
207 3713 243 3748 ur.
262 3697 294 3748 35
312 3695 370 3764 aql.
784 3703 864 3752 manni
886 3703 906 3752 l.
924 3710 948 3752 et
965 3702 988 3752 5.
1006 3701 1094 3750 πᾶσαι
1111 3693 1142 3751 αἱ
1158 3697 1294 3772 δυνάμεις.
1322 3711 1368 3762 Alit

182 3781 204 3827 g.
222 3765 320 3829 Sequer.
340 3768 394 3829 llep.
407 3765 429 3815 l.
448 3765 544 3820 Gobler.
559 3769 695 3820 etieleltm.
709 3771 731 3819 1.
783 3778 806 3819 ει
824 3769 881 3819 editi
897 3767 985 3817 πᾶσαι
1003 3763 1138 3836 δυνάμεις.

147 3821 211 3900 εἶχε.
241 3825 465 3900 toreumatum.
499 3836 542 3884 dlii
561 3843 586 3884 et
603 3838 659 3886 editi
669 3830 731 3902 ἔχει.
798 3839 840 3887 ei.
859 3837 949 3900 liepl.
970 3844 993 3886 et
1010 3839 1110 3900 Sequor.
1127 3837 1288 3908 παρασχών.
1323 3845 1368 3898 tiit

147 3903 200 3952 blot
224 3902 280 3965 iles.
301 3901 323 3952 1.
349 3909 372 3952 ει
390 3903 489 3965 Segoer.
507 3896 553 3948 erui
569 3901 635 3952 θεοῦ
653 3897 731 3953 δυνά·
781 3911 806 3954 ει
823 3905 879 3954 editi
897 3899 1032 3969 παρέχων.
1067 3905 1118 3955 blot
1137 3907 1190 3970 lieu¹
1206 3911 1371 3976 l.etSeguer.

144 3981 226 4036 μεως.
261 3970 305 4020 stit
323 3979 347 4019 et
364 3971 421 4019 editi
438 3971 550 4019 omittunt
567 3969 641 4019 θεοῦ.
781 3965 832 4032 τὴν
855 3961 1034 4037 ἀνθρωπίνην
1051 3963 1135 4022 αὐτοῦ
1152 3973 1267 4039 γένεσιν.
1305 3982 1367 4033 liditi

182 4039 205 4086 b.
224 4038 281 4099 iles.
301 4037 323 4088 l.
347 4045 370 4087 et
388 4039 527 4099 Sepuerien.
546 4020 628 4087 niuei
642 4051 683 4091 rte
700 4031 736 4093 nir
785 4049 809 4089 et
834 4041 874 4090 elii
900 4037 934 4106 τῇ
959 4029 1120 4108 ἀνθρωπίνῃ
1145 4041 1248 4108 γενέσει
1274 4038 1367 4098 αὐτοῦ.

146 4095 407 4185 ἄκτῖναμξτασχεῖν
423 4118 481 4158 πως
499 4097 619 4153 diretta.
657 4109 734 4159 ttulit
785 4108 845 4156 lbid.
864 4107 919 4169 lleg.
933 4108 954 4157 1.
972 4109 1072 4170 Sequor.
1091 4111 1162 4163 besil.
1182 4123 1205 4164 et
1222 4112 1326 4164 Feleltm.
1346 4115 1370 4164 t.

86 4209 93 4222 .
144 4181 172 4224 et
189 4173 247 4223 editi
264 4187 296 4222 oo
312 4165 340 4222 ei
354 4186 394 4226 rm
411 4165 448 4226 oio
464 4165 573 4227 tzion
588 4175 733 4242 μετασχεῖν
782 4168 859 4240 παρὰ
876 4173 1033 4230 trouvent.
1067 4177 1112 4230 tltt
1130 4188 1154 4231 et
1171 4181 1228 4231 editi
1243 4173 1370 4242 περὰτῷ

146 4233 265 4289 δύναταί
280 4255 347 4296 πως,
367 4239 440 4306 aliqui
457 4255 516 4295 aare
533 4234 654 4294 δύναται.
781 4241 881 4306 Aconti.

181 4310 196 4359 i.
215 4311 255 4360 Sic
271 4309 327 4373 ling.
341 4309 364 4360 1.
381 4309 481 4372 Sequor.
500 4311 570 4362 anl.
589 4320 612 4361 et
626 4311 731 4362 Felclm.
817 4310 833 4360 Ι.
851 4313 892 4362 Sic
908 4313 965 4376 ch.
978 4312 999 4364 1.
1018 4315 1117 4378 Sequor:
1136 4314 1206 4366 Gobl.
1225 4313 1248 4380 et
1263 4304 1372 4382 stlqlm.

149 4376 172 4426 1.
208 4377 276 4428 ltin
295 4370 728 4446 liepbdeeatxoitipxtiyyeiot.
786 4377 808 4427 1.
844 4377 963 4432 Ceteriet
984 4382 1039 4432 editi
1065 4375 1079 4429 ὁ
1105 4375 1193 4432 ἄλλως
1215 4379 1373 4437 ‘'1¹‘wa

148 4443 228 4494 Ceteri
252 4445 309 4496 item
332 4453 355 4496 ει
377 4441 504 4498 editiori
524 4449 644 4500 omittunt.
679 4447 731 4498 llox
781 4437 889 4500 ordolf·
907 4441 923 4496 d
940 4441 995 4514 γὰρ
1015 4445 1120 4502 Παῦλος
1137 4456 1181 4500 ete.
