3102 5042
231 205 294 270 646
631 217 655 262 ε.
672 215 826 260 ιτειιωειι
839 215 1059 268 ιιιαιιειιεαονι

145 391 221 436 μαι.
316 375 366 448 25.
410 373 580 436 Μαίνεται
600 367 661 450 μὲν
683 353 740 432 οῦν
754 359 898 450 Ἄρειος,
921 357 1013 444 λζ’
977 387 1035 432 ουκ
1057 359 1161 432 όντων
1176 359 1261 432 ελναι
1275 366 1428 452 λέγων
1390 391 1458 434 του

231 471 301 540 υίὸν
322 459 418 541 μαλ’
397 495 437 558 ην
458 491 544 538 ποτε
565 463 623 536 ὅτε
645 459 703 536 οῦν
723 455 778 552 ἦν,
807 465 1025 550 μαίνεταιέ
988 465 1025 534 δέ
1045 491 1100 532 και
1089 467 1314 552 Σαβίλλιος,
1347 469 1458 554 λόγων

230 571 287 640 τὸν
315 575 446 654 πατέρα
471 563 557 638 ελναι
578 567 650 636 υίὸν
671 569 725 636 καλ
749 565 946 651 ἔμπαλιν
913 591 971 641 τον
992 566 1064 634 υίὸν
1087 561 1173 636 ελναι
1193 575 1337 654 πατέρα,
1365 565 1459 641 ῦπο-

231 671 346 744 στάσει
373 673 434 756 μέν
463 665 563 752 ἐν,’
547 669 687 755 ονόματι
714 669 750 740 δέ
772 667 849 749 δύο,
877 665 1032 753 μαίνεται
1054 669 1122 738 δὲ·
1128 668 1185 738 καί
1206 673 1459 758 παραδείγματι
1532 679 1533 682 ’

227 771 395 860 χρώμενος
415 777 456 863 τῇ
477 776 536 842 τοῦ
559 771 747 858 πνεύματος
765 770 890 858 χάριτι·
914 770 1020 860 ιφησὶ
1039 769 1119 860 γάρ·
1142 767 1252 858 όίςπερ
1275 773 1461 858 διαιρέσεις

229 875 443 963 χαρισμάτων
466 875 540 955 είσί,
563 873 602 944 τὸ
626 875 662 944 δέ
684 869 764 942 αότδ
787 876 956 958 πνεῦμαλ,
981 869 1067 942 οῦτω
1089 873 1144 942 καὶ
1161 870 1179 940 6
1195 873 1304 962 πατὴρ
1321 871 1341 941 6
1357 869 1461 954 αῦτὸς

145 985 291 1063 μοιτμίν
314 978 400 1060 ἐστι,
429 975 632 1049 πλατύνεται
654 977 690 1046 δὲ
712 975 759 1055 είς
780 973 852 1046 υίδν
872 973 929 1045 καὶ
949 979 1088 1061 πνεῦμα.
1126 976 1198 1046 ἐστι
1220 977 1256 1044 δέ
1276 979 1379 1044 τοῦτο
1399 1003 1460 1064 με-
1533 1045 1534 1056 ,

231 1079 311 1150 στὸν
333 1076 485 1160 ἀτοπίας.
524 1079 554 1148 εί
574 1079 636 1166 γὰρ
658 1073 702 1157 ὦς
724 1077 781 1146 ἐπί
803 1079 862 1144 τοῦ
884 1075 1080 1163 πνεύματος,
1104 1075 1209 1158 οῦτως
1230 1081 1284 1146 καλ
1300 1077 1359 1147 ἐπί
1383 1083 1459 1146 ’τοῦ

230 1185 316 1252 θεοῦ
338 1181 437 1267 ἐστιν,
462 1181 556 1252 ἐσται
579 1177 597 1248 6
619 1177 729 1268 πατὴρ
751 1177 848 1266 λόγος
868 1177 924 1246 ναί
945 1181 1076 1266 πνεῦμα
1098 1177 1200 1267 άγιον,
1225 1169 1326 1267 ᾦμέν
1348 1179 1462 1267 Ιγινό-

229 1308 329 1372 μενος
350 1283 469 1372 πατήρ,
494 1273 526 1372 ιμ’
549 1285 585 1352 δέ
606 1281 711 1370 λόγος,
735 1271 763 1368 ᾦ
785 1283 821 1350 δὲ
842 1284 981 1366 πνεῦμα,
1005 1281 1092 1369 πρὸς
1111 1281 1171 1370 τὴν
1189 1289 1303 1370 χρείαν
1318 1281 1461 1352 ἑκάστου

231 1383 463 1476 ἁρμοζόμενος,
486 1385 543 1454 καὶ
564 1379 703 1469 ὀνόματι
723 1386 783 1468 μέν
804 1383 877 1463 υίὸς
897 1386 951 1454 καλ
974 1387 1114 1470 πνεῦμα,
1136 1389 1185 1473 τηῦ
1208 1386 1243 1454 δὲ
1260 1382 1332 1454 όντι
1348 1386 1460 1472 πατὴρ

129 1557 131 1562 ,
230 1489 343 1575 μόνον,
366 1484 467 1576 άρχην
488 1489 548 1573 μέν
571 1487 653 1571 ἔχων
673 1486 712 1554 τὸ
734 1491 890 1572 γίνεσθαι
912 1485 991 1566 υἱός,
1015 1486 1211 1571 παυόμενος
1229 1488 1265 1554 δέ
1285 1489 1347 1554 τοῦ
1372 1489 1457 1574 λίγε-

232 1597 320 1660 σθαι
339 1589 460 1678 πατήρ,
483 1593 554 1658 ’καί
578 1587 841 1676 ἐνανθρωπήσας
861 1590 921 1674 μὲν
938 1583 1085 1674 ὀνόματι,
1108 1613 1147 1677 τη
1164 1590 1200 1658 δέ
1216 1583 1365 1677 ἀληθείᾳ
1378 1591 1455 1677 μηδὲ

232 1691 456 1779 ἐπιδημήσας,
481 1695 535 1760 καλ
559 1691 762 1777 ψευδόμενος
783 1693 843 1777 μὲν
864 1693 927 1778 ’τῷ
949 1692 1071 1777 λέγειν·
1100 1691 1163 1779 ἐγὼ
1185 1694 1240 1760 καλ
1264 1687 1281 1758 ὁ
1305 1691 1447 1778 πατόρλ,

230 1793 279 1877 τῷ
302 1791 337 1860 δὲ
360 1789 434 1860 όντι
454 1787 554 1886 αὐτὸς
577 1788 622 1860 ὢν
645 1788 664 1860 ό
685 1791 805 1880 πατήρ,
828 1795 881 1860 καλ
898 1787 962 1860 ὅσα
977 1790 1062 1864 ἄλλα
1077 1793 1133 1861 ἐπί
1148 1787 1332 1880 Σαβελλίου
1349 1793 1446 1862 ἄτοπα

230 1886 394 1980 ίάπαντᾷ.
432 1887 552 1982 όνάγιη
576 1894 612 1962 δέ
633 1895 688 1962 καί
710 1891 954 1980 πραθήσεσθαι
975 1893 1015 1962 τὸ
1037 1891 1143 1981 όνομα
1163 1899 1223 1962 τοῦ
1238 1895 1312 1964 υίοῦ
1328 1895 1447 1963 καὶτοῦ

204 2049 207 2062 .
231 1993 436 2079 πνεύματος,
459 1997 517 2086 τῆς
537 2002 648 2080 χρείας
668 1995 920 2084 πληρωθείσης,
942 1993 999 2064 καί
1021 1996 1115 2066 ἐσται
1136 1997 1257 2066 λοιπὸν
1278 1995 1359 2083 άχρι
1379 2023 1455 2064 παι

232 2096 307 2178 διάς
327 2095 370 2164 τδι
390 2097 556 2184 γινόμενα,
581 2093 635 2164 ότι
656 2094 700 2184 μὴ
723 2093 876 2185 ἀληθείᾳ,
900 2093 969 2166 ἀλλ’
993 2091 1132 2184 όνόματι
1147 2098 1335 2184 ἐπεδείχθη.
1373 2125 1456 2166 παε-
1536 2134 1537 2140 ¹

233 2203 352 2284 ομένου
375 2200 412 2268 δέ
433 2202 492 2268 τοῦ
516 2193 678 2284 ὀνόματος
699 2201 757 2266 τοῦ
780 2199 853 2268 υίοῦ
875 2196 943 2268 κατ’
968 2195 1103 2281 αὐτούς,
1132 2198 1302 2270 παύσεται
1321 2205 1377 2270 καλ
1400 2203 1457 2268 τοῦ

231 2307 465 2388 βαπτίσματος
493 2297 514 2388 ἡ
535 2301 639 2390 χάρις,
664 2301 711 2380 είς
732 2299 793 2388 γάρ
815 2300 888 2371 υίὸν
910 2301 1024 2390 ἐδόθη.
1061 2305 1115 2374 καλ
1136 2308 1171 2370 τί
1193 2298 1419 2391 ἀκολουθήσω
1438 2297 1458 2386 ἢ

232 2397 423 2490 ἇφανισμὸς
445 2407 503 2490 τῆς
523 2402 661 2483 κτίσεως
668 2433 679 2487 ,·
711 2403 741 2472 εί
761 2403 823 2490 γάρ
845 2403 901 2474 λ’να
921 2401 1015 2492 ἡμεῖς
1036 2405 1227 2490 κτισθιῦμεν
1249 2401 1456 2494 προῆλθαὸ

232 2503 345 2589 λόγος,
379 2505 435 2572 καί
462 2505 692 2590 προελθόντος
719 2499 819 2574 αῦτοῦ
842 2503 954 2590 ἐσμέν,
989 2507 1110 2592 λδῆλον
1133 2503 1188 2574 ότι
1210 2501 1456 2591 ἀναχωροῦντος
1537 2500 1538 2524 ³

233 2600 334 2674 αῦτοῦ
368 2605 416 2685 είς
445 2603 503 2674 τὸν
536 2611 682 2692 πατέρα,
716 2601 762 2685 ὥς
789 2629 908 2695 φασιν,
938 2601 996 2678 οῦκ
1018 2609 1068 2676 ἐτι
1089 2607 1247 2693 ἐσόμεθα.
1285 2605 1372 2676 οῦτω
1391 2609 1453 2694 γάρ

233 2705 343 2788 ἔσται,
368 2703 479 2794 ιόςπερ
500 2695 555 2796 ἦν·
589 2703 695 2786 οῦτως
716 2701 774 2776 οὐκ
795 2699 837 2783 ἐτ’
862 2706 1026 2792 ἐσόμεθα,
1061 2704 1171 2796 ὥςπερ
1192 2699 1265 2778 λαόν
1286 2704 1342 2778 οόν
1360 2699 1445 2793 ἦμεν,

233 2803 293 2878 οῦκ
314 2807 364 2877 ἐτι
384 2807 446 2894 γάρ
468 2807 697 2898 προελθόντος
718 2803 776 2880 οῦκ
798 2808 848 2878 ἐτι
868 2803 887 2897 ἡ
910 2816 1015 2888 κτίσις
1037 2809 1140 2884 ἐσται.

318 2915 369 2980 26.
406 2909 543 2979 ’Ἀτοπα
563 2911 623 2996 μίν
645 2900 703 2978 οῦν
724 2913 844 2982 ταῦτα·
868 2907 921 2980 ὅτι
942 2905 1020 2980 δλεό
1042 2910 1119 2992 υίὸς,
1128 2907 1187 2980 οῦκ
1202 2907 1302 3001 ἀρχὴν
1318 2912 1382 2996 λχει
1393 2913 1452 2978 τοῦ

233 3007 328 3094 εἶναι,
352 3007 422 3082 ἀλλ’
446 3007 499 3084 άελ
520 3012 587 3104 καὶ,
597 3010 666 3100 πρὸ
685 3015 744 3102 τῆς
765 3011 1050 3100 ἐνανθρωπήσεως
1072 3013 1165 3101 παρὰ
1185 3017 1232 3101 τῷ
1254 3021 1361 3098 πατρί
1375 3013 1455 3096 ἐστι,

231 3117 352 3206 Ιιδηλοί
374 3111 392 3184 ὅ
411 3109 559 3205 Ἰωάννης
582 3114 615 3184 ἐν
637 3119 677 3204 τῇ
698 3114 814 3204 πρώτη
837 3114 996 3203 θτιστολῇ
1018 3116 1119 3203 λέγων
1142 3111 1263 3194 οὕτως·
1290 3113 1309 3182 6
1331 3105 1373 3200 ἦν
1395 3110 1452 3184 ἀπ’

232 3211 341 3304 άρχῆς,
366 3215 384 3284 6
407 3213 599 3306 ἀκηκόαμεν,
625 3215 643 3286 6
665 3215 852 3304 ἑωράκαμεν
874 3227 946 3297 τοῖς
967 3212 1161 3305 ὀφθαλμοῖς
1182 3213 1289 3305 ἡμῶν,
1315 3214 1334 3285 6
1357 3217 1456 3288 ἐθεα-

233 3317 370 3402 σάμεθα
390 3321 446 3388 καλ
468 3319 504 3394 αί
522 3329 631 3407 χεῖρες
641 3315 744 3406 ’ἡμῶν
759 3316 988 3408 ἐψηλάφησαν,
1004 3321 1082 3406 περὶ
1096 3321 1155 3389 τοῦ
1170 3317 1268 3404 λόγου
1282 3321 1342 3405 τῆς
1357 3319 1455 3408 ζωῆς·

232 3415 329 3505 καλή
353 3417 417 3504 ζωὴ
441 3417 649 3508 ἐφανερώθη,
673 3423 725 3490 καλ
749 3419 936 3508 ἑωράκαμεν
957 3421 1011 3496 καί
1032 3423 1258 3507 μαρτυροῦμεν
1274 3423 1331 3489 καὶ
1344 3415 1454 3507 ἀπαγ-

216 3519 389 3606 γέλλομεν
416 3513 494 3603 όμίν
522 3519 583 3608 τὴν
612 3519 695 3606 ζωὴν
721 3521 780 3610 τὴν
809 3521 958 3602 αλιιλνιον,
986 3517 1058 3608 ἥτις
1078 3511 1119 3608 ἦν
1140 3519 1225 3608 πρὸς
1245 3521 1303 3591 τὸν
1325 3525 1456 3608 πατέρα

233 3618 289 3688 καλ
311 3618 509 3709 ἐφανερώθη
531 3615 649 3707 ἡμῖν’).
687 3621 834 3692 ἐνταῦθα
848 3624 959 3710 λίγωνι,
984 3619 1071 3710 ὅτιῆ
1087 3622 1152 3711 ζωὴ
1087 3617 1205 3704 ζωλ
1220 3626 1447 3750 mummi).
1394 3619 1404 3644 ³
1385 3619 1452 3692 αλλ’

232 3749 273 3810 ην
299 3721 387 3810 πρὸς
415 3721 473 3790 τὸν
502 3728 647 3809 πατέρα,
678 3721 712 3792 ἐν
738 3727 785 3811 τῷ
812 3726 959 3796 τόλει
920 3749 978 3812 της
999 3723 1229 3811 ἐπιστολῆς
1197 3747 1254 3793 τον
1276 3723 1348 3794 υλὸν
1372 3721 1457 3801 dni

231 3827 335 3912 1φησι
353 3823 412 3911 τὴν
434 3822 534 3912 ζωήν·
557 3819 732 3914 γράφειδ’
757 3815 831 3896 οῦν·
853 3833 909 3896 καί
930 3825 1027 3912 ἐσμεν
1049 3825 1083 3894 ἐν
1104 3853 1151 3915 τῳ
1135 3821 1333 3916 άληθινιρ,
1358 3827 1457 3916 ἐντῷ

232 3926 294 4012 υίῷ
316 3914 417 3994 αὐτοῦ
437 3923 541 4016 Ἰησοῦ
563 3931 718 4016 Χριστῷ·
749 3917 845 4008 οὗτός
873 3924 1002 4055 ἐστιν
985 3951 1003 3998 ο
1026 3921 1186 4016 άληθινὸς
1207 3927 1290 4008 θεὸς
1309 3954 1368 3998 και
1357 3927 1457 4018 ζωὴ

303 4117 369 4175 λλλ.
388 4117 445 4170 Cor.
465 4117 547 4181 lm
618 4117 790 4181 λλλοιαλλλ
808 4117 849 4170 30
919 4118 1201 4180 311.1oan.1,1.2.

264 4269 286 4303 ι.
304 4251 362 4315 Res.
375 4259 399 4308 ελ
415 4253 515 4317 segnes.
534 4254 625 4308 εδδιιιλ
640 4250 694 4312 ναί,
715 4255 815 4320 ηαδλλο
901 4270 921 4304 ι.
941 4255 995 4316 fleg.
1015 4262 1039 4306 ει
1056 4255 1155 4333 ὃιςαεε
1173 4245 1218 4302 ἐπὶ
1235 4253 1309 4306 θεοῦ.

229 4321 284 4370 aliis
303 4330 326 4371 τι
343 4321 413 4372 editis
432 4321 506 4373 δεεστ
901 4323 925 4372 δ.
942 4322 1032 4383 λιιρλλα
1050 4336 1099 4386 γεν
1100 4315 1204 4388 άμενος

265 4390 287 4438 b.
291 4389 368 4469 λλεη.
393 4390 493 4451 8ιςιιιι.
517 4389 589 4446 λλεελλ.
607 4391 640 4440 λιι
659 4391 696 4442 λλι.
717 4390 813 4441 ὓολιλει.
901 4403 922 4438 ι.
942 4391 981 4440 Sin
1006 4391 1061 4452 λλιρ.
1080 4392 1142 4452 8εςο
1146 4405 1179 4440 ι.ι
1197 4391 1268 4440 ΒιτλΙ.
1289 4387 1452 4452 ιιλιιρλλειιι.

227 4449 301 4518 φησί
315 4452 371 4526 γάρ
390 4467 436 4524 ειε.
470 4458 517 4514 λλλλ
530 4465 608 4515 ιιι
571 4458 626 4514 editi
655 4471 698 4523 φη
716 4451 780 4522 γάρ.
865 4457 894 4508 λι
911 4459 951 4508 ulii
969 4465 993 4508 ελ
1009 4459 1065 4510 editi
1082 4461 1129 4508 καί
1145 4458 1265 4514 omittunt.
