3176 5058
249 320 307 384 118
645 333 670 376 ε.
686 331 838 376 numan
852 331 1076 376 ιοειπανιεσονι

161 502 235 549 νοω.
245 483 278 552 έν
306 492 379 562 τοίς
401 481 487 568 έξῆς,
518 473 569 550 ἀεί
591 479 648 547 τόν
669 478 817 566 Χριστόν
840 474 939 561 εἶναι,
969 478 1065 566 λόγον
1089 475 1169 546 όντα
1189 475 1245 544 καί
1267 485 1390 568 σοφίαν
1412 477 1469 547 καὶ

245 585 392 670 δύναμιν.
438 577 477 650 ού
499 581 560 669 γὰρ
583 580 622 671 όὴ
644 581 769 648 τούτων
792 580 910 667 ἀγονος
937 574 983 648 τόν
1006 576 1024 646 5
1046 580 1127 659 θεὸς
1150 574 1221 646 είτα
1243 579 1468 668 ἐπαιδοποιή-

247 709 339 754 σατο.
386 679 454 751 ἀλλ’
481 679 534 751 ότι
560 684 604 772 μὴ
632 677 710 770 παρ’
735 682 852 750 ἑαυτοῦ
882 679 900 748 5
927 681 999 762 υίὸς
1020 677 1089 749 ἀλλ’
1115 681 1149 748 ἐκ
1170 685 1228 748 τοῦ
1251 682 1379 768 πατρὸς
1401 682 1469 766 ίχεε

246 787 285 854 τό
309 782 402 854 εἶναι.
446 789 500 853 καί
527 781 596 871 μετ’
622 781 716 869 όλίγα
737 783 839 850 πάλιν
861 787 938 870 περί
960 787 1018 850 τού
1041 779 1142 850 αύτού
1165 803 1283 871 φησιν·
1315 777 1470 870 ἀπαύγα-

249 911 317 973 σμα
344 888 380 954 ἀὲ
409 881 454 953 τόν
484 885 594 976 φωτός
616 881 725 952 ἀϊδίου
747 885 882 964 πόντιος
902 888 955 952 καί
979 880 1078 964 αύτὸς
1100 881 1208 964 ἀϊόιός
1231 885 1337 951 ἐστιν·
1371 881 1469 964 ὄντος

247 987 308 1076 γάρ
331 983 384 1056 ἀεὶ
404 991 462 1056 τού
485 987 597 1077 φωτὸς
618 989 717 1076 δῆλον
740 983 785 1066 ὦς
807 987 896 1054 ἔστιν
919 981 1024 1054 ἀεὶτὸ
1042 982 1260 1073 ἀπαύγασμα·
1283 984 1390 1074 τούτῳ
1404 985 1467 1073 γὰρ

247 1092 301 1158 καί
323 1085 376 1157 ότι
397 1093 470 1177 φῶς
491 1088 563 1157 ἐστι
584 1091 630 1176 τῷ
652 1087 864 1174 καταυγάζειν
886 1099 1020 1169 νοεῖται,
1044 1091 1098 1154 καί
1120 1092 1193 1176 φῶς
1215 1083 1254 1153 ού
1270 1087 1408 1154 δύναται
1420 1087 1466 1174 μὴ

247 1191 389 1280 φωτίζον
411 1186 504 1258 εἶναι.
535 1191 638 1258 πόλιν
658 1191 720 1276 γὰρ
742 1191 893 1274 ἔλθωμεν
916 1189 975 1257 ἐπὶ
988 1188 1030 1256 τὰ
1044 1191 1305 1275 παραδείγματα.
1332 1189 1361 1256 εί
1377 1189 1469 1257 ἔστιν

244 1289 363 1378 ’ἥλιος
387 1293 477 1360 ἔστιν
499 1287 589 1380 αύγη,
614 1291 702 1360 έστιν
724 1287 844 1378 ἡμέρα·
868 1291 897 1358 εί
918 1290 1078 1358 τοιούτων
1098 1291 1199 1378 μηδέν
1221 1289 1302 1370 ἐστι,
1326 1289 1413 1355 πολύ
1431 1313 1468 1376 γε

247 1395 298 1462 ἀεί
318 1397 372 1460 καὶ
394 1404 553 1481 παρεῖναι
574 1390 677 1482 ἥλιον.
723 1393 752 1460 εί
773 1395 833 1477 μὲν
856 1382 912 1459 σύν
936 1387 1044 1471 ἀίδως
1067 1387 1085 1456 5
1107 1387 1209 1480 ἥλιος,
1233 1389 1405 1470 ἄπαυστος
1426 1386 1468 1458 ἀν

162 1485 285 1582 Μυλῆν
312 1493 368 1562 καὶ
394 1491 414 1582 ἡ
436 1493 556 1583 ἡμέρα,
585 1499 641 1561 νῦν
670 1496 706 1561 δέ
728 1489 779 1570 (ού
801 1493 862 1580 γάρ
886 1493 987 1573 ἐστιν)
1010 1488 1192 1578 ἀρξαμένου
1214 1517 1250 1560 τε
1271 1490 1391 1580 ἤρξατο
1413 1495 1467 1560 καί

247 1603 436 1680 παυομένου
468 1595 620 1662 παύεται.
666 1592 684 1662 5
707 1597 743 1662 δέ
765 1620 800 1680 γε
822 1594 904 1674 θεὸς
925 1593 1060 1662 αἰώνιόν
1083 1593 1155 1661 έστι
1177 1596 1250 1681 φῶς
1272 1590 1347 1660 ούτε
1369 1589 1469 1681 ἀρξά-

247 1719 345 1780 μενον
367 1693 443 1764 ούτε
464 1696 580 1784 ιλῆξόν
603 1718 703 1764 ποτε·
727 1691 784 1762 ούκ
806 1687 863 1764 σύν
886 1695 1021 1763 αἰώνιον
1043 1695 1218 1780 πρόκειται
1240 1699 1294 1760 καὶ
1317 1694 1468 1762 σύνεστιν

249 1791 338 1882 αύτῷ
361 1795 400 1862 τὸ
423 1791 626 1882 ἀπαύγασμα
648 1795 788 1882 ἀναρχον
809 1801 862 1864 καί
880 1793 1031 1883 ἀειγενές,
1055 1795 1341 1884 ’προφαινόμενον
1357 1791 1468 1876 αὐτοῦ,

250 1891 333 1980 ὅπερ
356 1895 444 1964 ἐστίν
465 1893 485 1984 ἡ
508 1899 647 1984 λέγουσα
669 1905 774 1986 σοφία
796 1897 858 1984 ἐγὼ
880 1897 964 1986 ἤμην
986 1889 1232 1986 ᾗπροςίχαιρε·
1254 1892 1330 1964 καθ’
1347 1893 1470 1985 ἡμέραν

250 1997 286 2064 δὲ
308 1991 529 2086 εὐφραινόμην
552 1999 586 2066 ἒν
608 1998 777 2087 προςιόπφ
800 1995 900 2066 αύτοῧ
924 1999 957 2067 ἒν
980 1998 1082 2066 παντὶ
1103 2001 1206 2086 καιρῷ
1217 2002 1246 2077 ¹).
1291 1997 1347 2064 καὶ
1368 1989 1471 2078 αὖθις

249 2096 367 2184 έπάγει
386 2093 455 2183 μετ’
480 2095 576 2186 ὀλίγα
598 2099 676 2187 περὶ
698 2104 756 2167 τοῦ
779 2095 879 2168 αύτοῦ
902 2102 1019 2187 λέγων·
1042 2097 1159 2178 αὄντος
1181 2089 1238 2166 ούν
1260 2099 1396 2166 αίωνίου
1410 2105 1470 2168 τοῦ

248 2198 384 2286 πατρός,
408 2200 543 2281 αιίόνιος
566 2198 583 2269 5
605 2201 676 2282 υίός
698 2201 778 2281 ἔστι,
803 2207 876 2290 φῶς
891 2201 925 2270 ἐκ
941 2199 1053 2290 φωτός
1068 2197 1130 2268 ι’όν·
1154 2197 1249 2281 ὄντος
1262 2201 1324 2288 γὰρ
1339 2208 1468 2288 γονέως,

249 2301 321 2370 έστι
341 2305 394 2370 καί
417 2309 537 2372 τέκνον.
584 2301 615 2372 εί
635 2302 736 2390 δὲμὴ
759 2309 870 2370 τέκνον
895 2304 954 2391 εἴη,
978 2306 1053 2382 πῶς
1074 2301 1129 2370 καὶ
1151 2311 1241 2382 τίνος
1263 2296 1350 2370 εἶναι
1372 2303 1469 2371 όύνα·

247 2429 304 2470 ται
330 2403 459 2490 γονεύς,·
493 2399 562 2472 ἀλλ’
588 2405 671 2472 εἰσίν
700 2403 802 2492 ἀμφω
829 2403 885 2471 καὶ
907 2405 990 2472 εἰσίν
1012 2399 1080 2471 ἀεί·
1110 2399 1180 2472 είτα
1209 2403 1311 2471 πόλιν
1334 2413 1470 2492 προςτί·

247 2510 333 2590 θησι
363 2508 483 2570 ταῦτα·
517 2505 629 2593 φωτός
659 2507 719 2589 μὲν
748 2495 805 2570 οάν
834 2503 929 2584 όντος
956 2507 1015 2572 τού
1037 2507 1137 2584 θεοῦ,
1173 2501 1360 2591 όΧριστός
1382 2507 1471 2575 ἐστιν

250 2598 461 2689 ἀπαύγασμα.
506 2605 694 2688 πνεύματος
722 2607 758 2674 δέ
781 2603 875 2684 ὄντος
897 2609 1039 2691 (πνεῦμα
1059 2605 1131 2692 γάρ,
1155 2614 1265 2694 φησίν,
1289 2602 1307 2673 ό
1329 2609 1471 2689 θεός’)),

249 2697 435 2789 εἀναλόγως
456 2704 558 2772 πάλιν
581 2701 761 2791 ὃΧριστὸς
783 2703 879 2791 ἀτμίς
900 2710 1044 2794 λέγεται·
1067 2703 1163 2790 ἀτμίς
1177 2707 1248 2795 γάρ,
1271 2713 1378 2794 φησίν,
1396 2708 1471 2774 ἐστὶ

249 2806 308 2889 τῆς
328 2807 386 2870 τού
409 2809 493 2872 θεοῦ
516 2806 723 2892 ἀυνόμεωςί).
753 2807 809 2874 καὶ
830 2807 864 2876 ἐκ
885 2811 944 2876 τού
966 2809 1118 2895 δευτέρου
1133 2809 1236 2876 πάλιν
1251 2813 1345 2896 φησί·
1367 2807 1473 2891 μόνος

250 2905 287 2972 δὲ
316 2900 334 2971 5
364 2904 434 2986 υίὸς
456 2902 509 2976 ἀεὶ
531 2909 638 2978 συνών
659 2913 706 2997 τῷ
729 2917 850 2996 πατρί,
873 2912 1008 2976 καὶτοῦ
1031 2907 1127 2989 όντος
1148 2907 1391 2998 πληρούμενος,
1414 2913 1470 2978 καί

249 3002 350 3086 αύτός
371 3006 461 3077 ἐστιν
483 3005 528 3078 ἀίν
551 3011 586 3080 ίκ
608 3015 667 3080 τοῦ
689 3011 826 3098 πατρός.
880 3015 883 3024 “

336 3115 382 3179 16.
431 3116 544 3180 Ταῦτα
567 3113 596 3182 εί
616 3115 676 3197 μὲν
699 3107 894 3199 ἀμφιβόλως
915 3113 1068 3198 ἐἷ’ρηται,
1089 3118 1200 3198 χρείαν
1222 3107 1286 3195 είχε
1300 3113 1358 3178 τού
1374 3112 1472 3199 ἓρμη·

249 3210 415 3292 νεύοντος·
444 3211 562 3299 ἐπειδὴ
591 3215 627 3281 δέ
655 3215 777 3291 λευκῶς
798 3211 855 3278 καὶ
876 3211 1037 3292 πολλάιις
1059 3213 1225 3299 περὶτῶν
1247 3207 1356 3280 αύτιῦν
1379 3213 1471 3300 ἔγρα-

251 3323 323 3396 ψεν,
348 3307 366 3376 5
387 3315 447 3396 μὲν
463 3311 597 3399 ’Ἀρειος
618 3313 753 3398 τριζέτω
774 3310 851 3390 τούς
867 3307 1012 3394 ὀδόντας,
1030 3310 1116 3400 όρῶν
1130 3313 1188 3400 τὴν
1204 3315 1331 3399 αἵρεσιν
1352 3310 1472 3381 «αὐτοῦ

249 3418 558 3500 καταστρεφομένην
579 3409 648 3478 ἀπὸ
670 3417 867 3494 Διονυσίου,
890 3417 943 3482 καί
966 3409 1108 3496 ἀιούων,
1132 3411 1218 3501 ὅπερ
1240 3413 1285 3501 μὴ
1306 3415 1471 3500 βούλεται,

251 3510 401 3594 λέγοντος
423 3505 541 3577 αὐτοῦ·
565 3507 618 3579 ἀεὶ
640 3508 658 3578 5
681 3511 763 3592 θεὸς
784 3514 893 3602 πατὴρ
916 3505 964 3605 ἦν,
987 3516 1043 3584 καί
1066 3513 1083 3583 5
1106 3515 1178 3596 υίὸς
1199 3511 1257 3599 ούχ
1279 3512 1396 3596 ἁπλῶς
1418 3512 1472 3584 ἀΐ-

251 3608 322 3689 διός
344 3609 444 3692 ἐστιν,
467 3607 551 3680 ἀλλά
572 3617 630 3682 τοῦ
652 3614 779 3700 πατρὸς
794 3609 904 3683 ἀϊδίου
920 3613 1024 3698 όντσς,
1041 3611 1149 3697 ἀΐδιος
1164 3611 1204 3686 ἀν
1219 3617 1270 3704 εἴη
1285 3616 1342 3684 καί
1357 3613 1375 3684 5
1390 3615 1471 3697 υίός,

250 3709 306 3778 καὶ
327 3711 478 3780 σύνεστιν
500 3711 589 3802 αύτῷ
611 3711 656 3795 ιός
677 3719 724 3804 τρλ
746 3715 836 3806 φωτὶ
856 3717 904 3786 τίν
918 3714 1130 3805 ἀπαύγασμα.
1176 3719 1209 3786 ol
1230 3719 1266 3786 δὲ
1288 3712 1347 3806 κάν
1369 3716 1471 3804 μόνον

249 3807 495 3901 ὑπονοήσαντες
516 3817 695 3886 Διονύσιον
716 3816 758 3884 τὰ
777 3813 907 3904 Ἀρείου
924 3829 1058 3906 φρονεῖν
1073 3823 1396 3888 ΙΙκατατιθέσθτυσαν
1414 3817 1474 3908 τὴν

249 3916 328 4000 περί
350 3909 451 3982 αὐτού
473 3917 626 4007 τοιαύτην
649 3922 843 4008 όυςφημίαν.
874 3927 959 3987 ποία
980 3919 1040 4007 γὰρ
1063 3927 1219 3988 κοινωνία
1240 3919 1371 3999 τούτοις
1391 3920 1473 3999 ἀντί,

249 4018 309 4082 τοῦ
336 4018 396 4101 μὲν
412 4012 543 4106 Ἀρείου
571 4021 736 4108 λέγοντος·
767 4015 825 4088 ούκ
853 4010 892 4106 ἦν
915 4016 933 4086 5
955 4019 1027 4100 υίὸς
1048 4021 1129 4108 πρὶν
1150 4025 1309 4110 γεννηθῇ,
1341 4016 1410 4089 ἀλλ’
1435 4009 1475 4106 ἦν
1569 4109 1570 4115 η

320 4238 343 4301 ί)
361 4239 427 4292 Prot.
445 4239 470 4302 8,
488 4240 529 4292 ³0.
598 4241 623 4302 21
641 4242 709 4292 ίοοο.
725 4242 750 4302 4,
769 4241 810 4292 24.
880 4239 906 4303 3)
924 4243 981 4308 Sap.
1000 4243 1024 4304 7,
1043 4241 1083 4294 25.

286 4423 309 4458 ν.
327 4407 368 4458 Sic
384 4409 441 4472 λος.
459 4409 556 4460 Tauria.
567 4410 636 4460 colb.
648 4411 694 4460 ίετ.
731 4409 757 4460 Ια
776 4410 833 4460 edit.
886 4406 986 4459 πολλοῦ
1022 4407 1096 4462 edet
1111 4411 1248 4480 παρεῖμαι.
1286 4413 1325 4463 Fr.
1336 4413 1355 4463 1.
1370 4407 1477 4462 πολλοῦ

252 4465 371 4554 ύ-ίίλιοε.1
404 4475 458 4526 Mox
473 4475 531 4526 ιύίιί
550 4484 574 4526 ει
591 4477 647 4540 μσς.
663 4467 733 4525 πολύ
746 4489 778 4542 γε
791 4472 834 4527 δεῖ
883 4491 915 4544 γε
932 4473 979 4527 καὶ
995 4426 1039 4529 ἀεί
1053 4479 1190 4548 παρεῖναι.

338 4537 381 4604 τη)
397 4537 444 4593 καί
460 4541 597 4610 παρεῖναι.
624 4543 832 4598 Τεταῦυίίνλετ.
917 4547 943 4599 h.
961 4547 1058 4599 Τιοτίσ.
1078 4549 1146 4600 colb.
1165 4549 1211 4600 les.
1230 4543 1322 4610 λῆξαν.
