3216 5048
636 309 663 351 S.
679 309 834 353 Amunsn
849 309 1071 354 menniscon

148 449 338 535 ν.υε.εύθύς
360 453 441 540 περὶ
461 457 521 543 τῆς
542 454 705 542 θεότητος
726 450 828 524 αὐτοῦ
849 455 1054 544 μνημονεύει,
1078 460 1249 541 πανταχοῦ
1270 459 1330 545 τῆς
1351 453 1463 547 ἄσφα-

234 559 326 638 λείας
353 556 540 643 γενόμενος,
573 557 658 624 ένθοι
685 557 832 642 μάλιστα
852 555 891 624 τὸ
913 557 1072 626 ταπεινὸν
1096 551 1265 641 ὀνομάζει,
1294 554 1336 627 ἵν’
1361 555 1463 642 εδθύς

234 653 336 726 αύτοῦ
358 657 417 746 τήν
438 653 634 746 ύψηλάτητα
655 661 709 727 καλ
731 659 790 748 τήν
813 659 975 748 πατρικήν
990 659 1227 748 μεγαλειότητα
1241 660 1462 748 γινώοκωμεν.

235 763 318 850 φησί
340 763 436 847 γοῦν·
460 756 478 825 ὁ
500 761 560 848 μέν
583 764 715 847 Μωσῆς
736 759 908 847 θεράπων,
933 756 951 826 ὁ
975 761 1011 828 δὲ
1033 760 1182 848 Χριστὸς
1203 759 1290 842 νίός,
1313 757 1462 850 κᾷκετνος

232 863 295 948 μὲν
316 861 439 939 πιστὸς
461 860 508 940 είς
528 859 587 928 τὸν
609 857 708 942 οίκον,
733 850 830 941 οὗτος
851 861 889 930 δέ
910 860 968 928 έπί
989 861 1047 930 τὸν
1070 857 1198 943 οίκον“),
1223 859 1269 942 ὥς
1290 858 1390 944 αύτδς
1404 861 1463 932 αύ-

121 979 128 990 ’
230 963 293 1032 τὸν
314 961 560 1041 κατασκευάσας
580 965 635 1029 καί
656 963 769 1049 κύριος
789 957 891 1030 αύτοῦ
912 960 969 1029 καὶ
990 963 1187 1051 δημιουργὸς
1207 964 1384 1050 τυγχάνων,
1407 969 1459 1033 καί

233 1060 279 1144 ὦς
299 1063 383 1143 θεὸς
405 1059 547 1150 ἁγιάζων
569 1060 685 1132 αύτόνζ
719 1059 738 1130 ὃ
765 1065 827 1149 μέν
848 1062 910 1150 γάρ
932 1067 1065 1150 Μωσῆς
1086 1062 1271 1152 άνθρωπος
1290 1064 1394 1154 φύσει
1415 1061 1461 1134 ιύν

231 1166 355 1246 πιστδς
376 1165 530 1252 ·έγένιτο,
555 1164 722 1234 πιστεύων
743 1168 791 1252 τῷ
814 1163 871 1232 διὰ
892 1167 950 1232 τοῦ
973 1163 1073 1252 λόγου
1095 1167 1251 1236 λαλοῦντι
1273 1164 1363 1255 αύτῷ
1377 1171 1460 1255 θεῷ,

232 1263 252 1336 ά
285 1269 321 1336 δὲ
351 1266 448 1352 λόγος
476 1261 534 1352 ούχ
567 1265 677 1354 ὥςπερ
704 1293 756 1347 τις
781 1269 849 1334 τῶν
875 1269 1018 1353 γενητῶν
1048 1256 1087 1356 ἦν
1109 1267 1144 1335 έν
1166 1267 1299 1352 σάματι
1318 1262 1396 1336 ούδὲ
1416 1263 1485 1350 ὡς

228 1376 354 1455 κτίσμα
381 1368 415 1436 έν
437 1376 607 1453 κτίσματι,
641 1364 726 1438 ἀλλὰ
745 1367 829 1448 θεὸς
850 1365 884 1438 έν
907 1371 1001 1454 σαρκί
1023 1371 1086 1436 καί
1102 1369 1300 1456 δημιουργὸς
1321 1374 1374 1438 καί
1396 1395 1476 1438 ata-¹

230 1470 456 1558 τασκευαστὴς
489 1471 523 1540 έν
552 1475 599 1558 τῷ
627 1473 932 1539 κατασκευασθέντι
958 1463 1014 1536 ὕπ’
1040 1463 1151 1538 αύτοῦ.
1188 1470 1245 1538 καί
1266 1471 1381 1557 οἱμὲν
1403 1469 1460 1538 άν-

229 1577 372 1661 θριυποι
401 1573 494 1641 ἕνεκα
520 1577 581 1640 τοῦ
604 1567 764 1642 εἶναικαὶ
788 1567 972 1659 ὑφεστάναι
993 1571 1099 1657 σάρκα
1120 1573 1411 1659 ιπεριβέβλημαι,
1441 1570 1460 1640 δ

231 1675 268 1744 δὲ
290 1677 349 1742 τού
371 1677 456 1742 θεοῦ
478 1673 576 1761 λόγος
597 1675 691 1744 ἕνεκα
719 1676 778 1740 τοῦ
801 1667 946 1757 ἆγιάζειν
966 1670 1025 1759 τήν
1048 1670 1154 1759 σάρκα
1174 1677 1304 1759 γέγονεν
1327 1671 1461 1762 άνθρω-

231 1800 306 1858 πος,
329 1778 383 1844 καλ
405 1776 518 1863 κύριος
540 1771 586 1844 ιύν
609 1777 643 1842 έν
666 1777 705 1862 τῇ
726 1775 841 1859 μορφῇ
868 1773 927 1838 τού
950 1773 1070 1840 δούλου
1093 1763 1141 1860 ἦν.
1175 1773 1295 1862 εδούλη
1317 1773 1379 1862 γὰρ
1401 1780 1460 1843 τού

230 1877 330 1965 λόγου
361 1873 382 1966 ή
412 1882 509 1946 πᾶσα
529 1883 636 1956 κτίσις
662 1871 683 1962 ή
706 1869 783 1957 παρ’
809 1869 910 1939 αὐτοῦ
932 1879 1087 1961 γενομένη
1109 1876 1163 1944 καί
1187 1881 1383 1964 ποιηθεῖσα.
1422 1877 1456 1944 ἐκ

227 1981 268 2049 δέ
298 1978 417 2046 τούτου
446 1985 654 2066 συνέστηκεν,
685 1971 740 2041 ὅτι
759 1975 815 2040 καί
836 1973 876 2039 τὸ
898 1972 1072 2058 λεγόμενον
1094 1975 1189 2061 παρά
1209 1979 1257 2063 τῷ
1279 1971 1459 2066 άποστόλῳ

231 2083 387 2169 ἐποίησεν
421 2075 459 2146 ού
492 2077 695 2160 ποιούμενον
727 2075 873 2142 δείκνυσι
898 2072 957 2140 τὸν
985 2075 1083 2161 λόγον
1089 2127 1098 2158 ,
1132 2071 1202 2143 ἀλλ’
1228 2073 1313 2165 ὅπερ
1341 2079 1458 2164 ἔλαβεν

232 2180 350 2269 ὅμοιον
372 2177 474 2269 Ιἡμῖν
496 2181 610 2264 σῶμα·
633 2176 688 2244 διὸ
709 2173 766 2242 καί
787 2169 932 2262 ἁδελφὸς
952 2171 1046 2264 ἡμῶν
1069 2176 1266 2266 ἐχρημάτισε
1285 2180 1458 2267 γενόμενος

231 2284 424 2374 ἅνθρωπος.

319 2395 367 2454 11.
413 2383 456 2451 Εἰ
477 2383 515 2450 δὲ
538 2380 701 2448 δέδεικται
723 2373 785 2456 ὅτι,
807 2369 869 2464 κάν
891 2371 943 2443 ἐπ’
967 2371 1070 2444 αύτού
1091 2381 1151 2446 τοῦ
1173 2380 1272 2468 λόγου
1292 2403 1341 2460 τις
1360 2380 1452 2467 ’λέχη

144 2488 269 2555 ν.ιιε.τὸ
292 2487 458 2572 ἐποίησεν,
483 2479 557 2550 άντί
579 2482 637 2547 τοῦ
661 2479 809 2566 ἐγέννησε
831 2478 926 2563 λέγει,
949 2484 1053 2547 ποίαν
1076 2476 1141 2567 άρα
1155 2486 1368 2569 παρεξενρείν
1382 2481 1457 2550 ἐπί-

229 2611 324 2655 νοιαν
347 2585 397 2650 ἐ’τι
417 2584 545 2665 μᾶλλον
566 2587 739 2659 κακονοίας
762 2578 809 2658 είς
830 2581 930 2644 τοῦτο
952 2579 1157 2668 δυνήσονται,
1182 2579 1307 2669 άπουγε
1326 2605 1458 2652 ποντα·

227 2687 331 2773 χάθεν
360 2679 379 2748 ὁ
407 2681 504 2768 λόγος
530 2681 570 2746 τὸ
597 2680 697 2768 ῥητὸν
719 2678 928 2766 διακαθάρας
950 2681 1053 2762 έδειξε
1073 2681 1118 2770 μή
1141 2677 1226 2751 εἶναι
1245 2689 1374 2768 ποίημα
1395 2682 1456 2750 τὸν

229 2783 318 2862 υίόν,
348 2777 434 2850 άλλὰ
459 2785 500 2870 τῇ
528 2783 588 2867 μὲν
610 2778 709 2872 ούσίφ
729 2785 886 2870 ’γέννημα
907 2785 966 2848 τοῦ
989 2783 1130 2869 πατρός,
1161 2783 1258 2871 τῇδέ
1280 2781 1455 2870 οἰκονομίᾳ

228 2881 297 2955 κατ’
323 2879 473 2952 εύδοκίοιν
495 2887 554 2951 τού
577 2883 705 2972 πατρὸς
726 2882 874 2972 ἐποιήθη
898 2877 939 2950 δι’
963 2878 1049 2969 ἡμᾶς
1070 2883 1252 2973 ἄνθρωπος
1272 2885 1347 2952 Ικαί
1360 2889 1457 2952 συνί-

220 3009 367 3070 σταταις
396 2989 450 3054 καί
473 2985 531 3054 διὰ
551 2989 671 3054 ι’τοῦτο
694 2984 760 3072 άρα
781 2987 910 3070 λέγεται
931 2985 1025 3071 παρὰ
1044 2989 1104 3072 μέν
1125 2991 1173 3076 τῷ
1196 2982 1375 3074 άποοτύλφ
1399 3011 1459 3054 πι-

229 3088 309 3156 στὸν
338 3085 420 3161 δντα
447 3092 495 3178 τῷ
517 3088 700 3179 ποιήσαντι
722 3082 837 3167 αὐτόν,
867 3084 902 3153 έν
925 3088 961 3154 δὲ
982 3098 1058 3168 ταῖς
1077 3093 1307 3176 παροιμίαις’)
1328 3090 1396 3156 ἰκαί
1419 3089 1457 3158 τὸ

227 3191 410 3272 κτίζεσθαι.
450 3194 513 3272 ἕως
533 3191 594 3279 γὰρ
619 3188 832 3277 ὁμολογεῖται
852 3187 1026 3275 γενόμενος
1046 3188 1241 3276 δι’νθρωπος,
1266 3187 1361 3260 οὐδὲν
1381 3191 1453 3256 διυ-

229 3296 324 3381 φέρει
346 3295 466 3379 λέγειν,
495 3291 653 3377 καθάπερ
674 3295 909 3378 λπροείρητσι,
939 3291 1006 3359 εἴτε
1035 3290 1161 3377 ἐγένετο
1183 3293 1252 3360 εἴτε
1273 3297 1453 3378 πεποίηται

229 3394 297 3462 ε’ίτε
319 3394 465 3461 έκτισται
487 3395 555 3460 ε’ίτε
576 3393 779 3472 πέπλασται,
803 3392 871 3460 ε’ίτε
892 3393 1010 3472 δοῦλος
1032 3393 1099 3462 εἴτε
1110 3393 1183 3473 υίὸς
1196 3395 1375 3480 παιδίσκης
1390 3390 1454 3460 εἴτε

228 3496 301 3574 υίὸς
331 3488 533 3579 ἀνθρώπου,
568 3493 636 3560 ε’ίτε
656 3493 845 3580 κατεστάθη
868 3493 935 3562 εἴτε
957 3489 1183 3584 ἀπεδήμησεν,
1219 3495 1287 3564 είτε
1314 3499 1457 3582 νυμφίος

229 3598 297 3666 είτε
318 3591 520 3684 ἀδελφιδοῦς
549 3594 616 3662 ε’ίτε
638 3589 791 3684 άδελφάς.
828 3595 940 3662 πάντα
960 3595 1022 3683 γὰρ
1044 3599 1149 3662 ταῦτα
1169 3596 1213 3664 τὰ
1233 3596 1377 3678 λεξείδια
1398 3598 1457 3684 τής

227 3695 437 3786 1οἰνθρώπων
461 3694 651 3776 συστάσεως
659 3697 745 3764 ’λ’δια
764 3694 915 3784 τυγχάνει
937 3694 1026 3778 δ’ντα,
1048 3695 1106 3766 καλ
1126 3696 1169 3765 τὰ
1189 3701 1329 3789 τοιαῦτα
1344 3692 1383 3764 ού
1397 3697 1456 3783 τήν

299 3873 323 3936 1)
342 3873 414 3922 Ηείντ.
433 3871 458 3931 3,
477 3871 501 3920 5.
520 3869 544 3920 6.
615 3870 640 3932 2)
659 3871 725 3922 Ριοι.
744 3871 769 3930 8,
789 3869 829 3919 22.

261 4005 284 4041 ε.
302 3991 400 4052 Seguer.
419 3983 532 4054 ἐγένετο.
560 3989 819 4055 ΡιυΙοροειέεΙιίσε.
868 3983 945 4054 μίνη.
972 3989 1033 4041 Εδίιί
1052 3990 1141 4054 aliique
1159 3980 1193 4038 δι’
1214 3981 1299 4038 αύτού
1315 3983 1459 4054 γενομένη.

225 4057 252 4109 4.
269 4071 311 4111 τις
327 4057 384 4104 τῶν
399 4054 545 4122 γεννητῶν.
871 4057 944 4107 Panlo
962 4066 1019 4121 ροει
1036 4059 1135 4120 Seguer.
1149 4057 1247 4110 comer.
1259 4059 1364 4108 δείελον.
1375 4055 1458 4130 heu:

260 4127 284 4176 b.
311 4127 352 4176 Sic
378 4141 437 4176 υνεν.
466 4141 559 4178 omues.
601 4127 679 4177 Editio
698 4125 818 4176 Commel.
868 4117 944 4189 παρὰ
963 4117 1193 4174 σοῦ’άποτιύλυυ.
1219 4123 1457 4186 λίίἰειιδίιίιιαριι

225 4189 422 4275 περιφέμληται.
464 4195 515 4246 Mox
539 4197 641 4256 δεροεε.
667 4187 745 4244 ἔνεκα
768 4191 817 4241 τού
869 4189 907 4256 τῷ
925 4183 1080 4259 άπεστάλφ.

225 4254 349 4326 άγιυζειν
366 4255 417 4322 τήν
434 4259 531 4331 σάρκα,
550 4257 671 4327 γέγονεν.
697 4263 775 4312 ceteri
794 4268 817 4310 ιι
902 4259 925 4310 δ.
943 4265 1043 4322 θερσεν.
1061 4262 1160 4312 Gohler.
1179 4269 1203 4312 ει
1220 4259 1325 4311 Ριίιλινυ.
1342 4260 1363 4310 l.
1381 4249 1456 4322 ἡμίν.

226 4331 283 4380 edili
309 4322 399 4380 ἕνεκεν
424 4329 474 4381 τοῦ
497 4323 619 4398 άγιάζειν
641 4323 693 4390 τήν
716 4323 812 4398 σάρκα,
869 4327 947 4378 Ceteri
965 4337 989 4378 ει
1006 4331 1080 4381 editio
1091 4331 1209 4381 Commel.
1228 4321 1313 4396 ήμῶν.

225 4391 380 4465 γενόμενος.
674 4443 683 4456 ,
902 4409 923 4447 ν.
955 4395 1054 4460 Seguer.
1079 4399 1135 4460 Βερ.
1160 4405 1185 4448 εί
1207 4397 1311 4447 δείελον.
1329 4393 1353 4442 4.
1382 4383 1458 4456 λέγῃ.

262 4481 284 4516 ε.
302 4469 393 4530 Αορίίε.
413 4461 515 4518 δούλαν,
552 4466 816 4526 ίλὶδεσνὸεριιεε.ῦυ-
866 4461 912 4512 Alii
939 4473 963 4513 ει
987 4467 1060 4514 editio
1084 4467 1228 4516 commelin.
1245 4457 1329 4526 '17⁰⁶-
1364 4458 1457 4508 {bidem

226 4531 496 4586 Μετ.ει1·“ι1τλιυ.1.
521 4524 617 4598 λιπάρ’
639 4523 723 4582 αύιυύ
739 4543 817 4595 yero-
867 4531 967 4594 Seguer.
989 4527 1078 4596 λέγειν
1100 4525 1185 4580 ποίαν
1203 4541 1249 4583 εει.
1284 4529 1337 4580 Mox
1355 4527 1457 4590 Segner.
