2872 5046
370 175 487 222 consuo
500 176 858 222 sroumnsnrurrnmsnr.
1157 162 1219 228 885

18 339 67 392 te
109 327 164 390 rel
199 325 284 388 inviti
312 325 528 399 confiteamini,
556 326 627 388 dum
655 324 752 390 dicitis
781 326 1061 392 consubstantialem
1084 327 1305 392 Trinitatiross.

18 451 107 494 rem
133 427 231 493 esse?
274 426 377 508 ltaque
406 445 480 490 rana
502 436 547 490 est
569 427 645 488 fides
667 437 782 500 restra,
811 428 893 508 paria
915 429 993 492 euim
1016 430 1134 494 sentitis
1156 449 1223 494 oum

22 533 83 594 iis
103 531 242 602 Arianis,
264 529 341 591 male
362 528 538 607 accipientes
561 529 648 612 illud:
678 528 802 592 Verbum
816 549 888 593 curo
902 531 1020 610 fuctum
1034 519 1089 594 est.
1124 532 1222 594 Porro
1299 520 1301 528 ’

19 635 122 694 bum
145 649 219 692 caro
242 631 351 692 lactum
374 639 436 701 est,
459 648 520 690 uon
543 637 575 690 nt
597 629 727 691 Verbum
749 649 810 692 uon
832 631 958 711 amplius
981 633 1109 696 Verbum
1132 639 1221 708 esset,
1322 615 1327 624 ⁵

50 731 206 795 Verbum
227 732 313 794 utin
336 749 425 793 carne
447 739 529 794 esset
550 749 619 792 earo
641 732 751 792 lactum
775 739 831 805 est,
854 741 888 794 ut
908 740 939 795 et
952 733 1081 797 Verbum
1103 751 1223 814 semper

18 835 125 896 bum
148 842 245 909 esset,
268 840 299 894 et
319 831 447 894 Verbum
469 849 589 894 carnem
610 831 743 903 haberet,
766 832 877 912 inqua
899 831 1070 912 passionem
1093 845 1222 900 elmos-

18 959 26 998 ι
61 935 137 996 sub
160 935 291 996 humana
314 935 409 996 lorma
431 933 600 1012 susciperet
622 951 656 994 ac
678 951 773 1012 usque
795 932 830 994 ad
847 933 1017 1012 sepulcrum
1031 945 1061 997 et
1075 936 1224 999 infernum

18 1036 212 1109 scanderet,
235 1035 266 1096 in
288 1053 345 1114 qna
367 1042 398 1096 et
418 1032 668 1096 resurrectionem
693 1051 729 1096 ex
751 1035 879 1096 mortuis
900 1035 1039 1113 perteoit,
1068 1038 1224 1116 carnisque

19 1137 206 1216 sauguinis
228 1145 316 1216 atque
337 1136 453 1197 animae
475 1135 582 1196 indicia
603 1134 741 1214 praebuit
751 1135 831 1196 Deus
843 1135 982 1208 Verbum,
1004 1151 1059 1214 per
1072 1138 1226 1217 propriam

30 1238 304 1318 inseparabilem,
336 1247 371 1299 ut
397 1237 542 1318 scriptum
570 1245 634 1310 est,
667 1254 786 1298 carnem
809 1256 845 1298 ex
867 1237 980 1298 semine
1000 1236 1102 1298 David.
1147 1237 1225 1310 Quid

20 1361 60 1403 m
99 1339 188 1400 aliud
218 1338 290 1400 dixit
310 1337 441 1400 Marcion
471 1357 559 1418 quam
589 1356 664 1417 quae
693 1356 746 1399 ros
768 1336 933 1416 profertis?
976 1337 1083 1400 Nonne
1104 1356 1225 1418 corpus,

18 1443 64 1504 od
109 1457 151 1500 ex
183 1440 265 1502 caelo
294 1439 430 1520 apparuit
459 1441 489 1500 in
518 1438 711 1502 similitudine
741 1439 869 1500 humana
891 1446 922 1502 et
942 1457 1004 1500 non
1026 1439 1056 1500 in
1078 1437 1226 1502 veritate?

20 1544 63 1606 id
93 1542 175 1604 item
198 1539 275 1602 aliud
298 1539 439 1619 loquutus
461 1546 508 1600 est
528 1536 741 1602 Manichacus?
783 1539 892 1602 Nonne
914 1540 1011 1602 diuina
1034 1541 1133 1622 specie
1156 1559 1226 1604 cor·

18 1667 45 1720 s,
76 1642 157 1706 sola
178 1641 374 1703 similitudine
395 1658 521 1720 corpus,
544 1640 581 1701 ab
603 1640 731 1702 bumana
753 1659 841 1702 carne
863 1641 1007 1714 alienum,
1031 1643 1115 1705 cuius
1135 1649 1226 1704 natu-

18 1767 43 1810 n
76 1753 115 1806 et
149 1759 211 1802 non
241 1741 444 1820 operationem
473 1749 626 1820 peccatum
650 1760 718 1802 esse
742 1741 833 1822 impie
855 1741 1004 1805 affirmati
1048 1743 1228 1808 Huiusmodi

19 1897 22 1910 .
47 1848 190 1910 illorum
211 1843 359 1922 impietas.

76 1949 137 2012 13.
187 1943 387 2016 Quamobrem
417 1944 500 2004 nelos
530 1953 576 2005 est
597 1943 680 2022 pium
700 1943 853 2008 hominem
874 1945 1047 2008 huiusmodi
1069 1946 1228 2008 verborum

21 2045 181 2114 minentis
212 2045 276 2120 ntis
300 2045 354 2106 sed
377 2043 534 2104 dicendum
557 2051 618 2116 est,
648 2044 791 2118 Verbum,
824 2042 904 2124 quod
925 2055 993 2107 ante
1015 2047 1131 2110 saecula
1153 2063 1228 2109 oon-

20 2145 198 2215 bstantiale
231 2153 277 2206 est
298 2144 397 2218 Patri,
430 2142 461 2204 iu
489 2143 629 2204 extremis
658 2143 842 2224 temporibus
872 2163 908 2206 ex
936 2154 1037 2206 saneta
1059 2154 1089 2206 et
1110 2146 1230 2224 deipara

18 2255 117 2334 rgine
142 2246 224 2310 Adae
253 2245 366 2324 plasma
395 2253 425 2304 et
451 2243 600 2320 opificium
629 2261 737 2304 norum
766 2244 954 2317 restituisse,
983 2263 1050 2306 oum
1077 2243 1150 2308 illud
1171 2244 1230 2308 sibi

23 2377 42 2418 r
67 2351 221 2414 unionem
244 2343 398 2424 proprium
422 2343 528 2416 effecit,
551 2352 639 2423 atque
662 2345 700 2405 ita
722 2344 805 2406 risus
826 2351 873 2408 est
893 2345 985 2408 homo
1009 2345 1156 2422 Christus,
1178 2347 1230 2426 qui

18 2463 59 2519 fre
85 2447 212 2514 saecula
234 2445 313 2508 Deus
336 2453 409 2508 erat.
453 2445 491 2506 Et
511 2461 568 2506 nos
589 2445 724 2508 membra
746 2445 856 2508 Christi
879 2465 999 2520 sumus,
1032 2456 1064 2510 ut
1084 2447 1230 2528 scriptum

24 2567 48 2629 t,
76 2571 116 2614 ex
142 2567 231 2612 carue
254 2557 283 2610 et
305 2565 341 2608 ex
363 2547 483 2609 ossibus
507 2547 583 2608 eius.
629 2546 778 2619 Quorsum
801 2547 892 2628 igitur
911 2549 1163 2612 haeovestrarum
1178 2550 1229 2612 iu-

18 2657 179 2720 entionum
201 2649 370 2724 contentio,
393 2657 427 2710 ut
447 2667 501 2729 per
521 2648 681 2710 humanam
705 2649 880 2728 sapientiam
903 2668 954 2724 ea,
976 2669 1050 2729 quae
1071 2651 1231 2714 humanam

18 2752 230 2835 :telligentiam
260 2759 416 2830 superant,
446 2748 610 2822 definiatis,
643 2749 711 2812 dum
742 2749 839 2812 dicitis
869 2750 929 2812 vioe
957 2749 1110 2813 interioris
1131 2749 1232 2814 nostri

18 2855 133 2920 ominis
157 2859 289 2912 mentem
312 2851 470 2912 caelestem
492 2850 523 2911 in
539 2850 656 2912 Christo
679 2849 796 2914 luisse‘l
841 2851 866 2914 0
889 2852 1032 2914 nelarism
1053 2851 1232 2916 sententiam

18 2971 26 3022 l
56 2957 181 3020 infirma
203 2951 402 3030 indecuraque
423 2949 528 3014 verbal
571 2952 733 3014 Hominum
755 2972 843 3028 sane,
873 2952 923 3032 qui
945 2971 1006 3016 non
1027 2954 1112 3031 prius
1134 2951 1231 3014 anim·

18 3063 179 3126 drentem,
203 3052 352 3116 Christum
382 3071 443 3114 non
472 3052 662 3132 singulariter
689 3053 763 3128 dici,
794 3054 848 3116 sed
876 3053 907 3115 in
936 3053 986 3116 illo
1009 3053 1077 3134 ipso
1099 3053 1231 3128 nomine,

19 3161 81 3222 uod
106 3153 230 3219 unicum
253 3163 310 3226 est,
331 3173 396 3216 rem
419 3163 572 3234 utramque
595 3154 765 3234 significari,
787 3154 975 3218 Divinitatem
998 3173 1106 3236 nempe
1128 3162 1157 3218 ot
1171 3154 1231 3217 hu·

18 3259 192 3324 uanitatem.
246 3255 376 3336 Ideoque
407 3256 498 3318 homo
531 3255 640 3318 dicitur
673 3255 828 3329 Christus,
861 3254 940 3318 Deus
973 3273 1092 3336 quoque
1124 3255 1231 3320 dicitur

18 3363 155 3432 hristus,
178 3375 214 3420 ao
227 3357 307 3420 Deus
330 3367 359 3419 et
379 3358 472 3420 homo
494 3365 540 3420 est
555 3357 705 3432 Christus,
727 3367 758 3420 et
780 3375 856 3420 unus
871 3363 920 3420 est
935 3357 1080 3421 Christus.
1116 3357 1232 3420 Vanum

18 3482 103 3543 :aque
126 3467 177 3522 est
197 3467 330 3522 vestrum
352 3458 516 3539 sophisma,
540 3476 599 3540 quo
621 3458 699 3521 mind
721 3458 753 3520 in
769 3457 886 3520 Christo
900 3465 1019 3538 praeter
1033 3459 1130 3539 ipsum
1143 3457 1231 3520 chri-

23 3577 85 3626 tum
113 3560 291 3639 conspicere
317 3561 456 3624 nitimini.
499 3559 544 3622 llli
573 3559 708 3640 quidem,
737 3559 787 3640 qui
808 3559 928 3622 abusive
949 3561 1088 3624 dicuntur
1109 3560 1230 3637 Christi,
1239 3575 1317 3628 essu

18 3675 84 3728 orte
106 3663 190 3725 iuxta
211 3662 388 3724 senteutiam
411 3669 540 3724 vestram
561 3661 690 3742 spectari
710 3669 845 3742 possent,
869 3661 920 3740 qui
941 3679 1013 3724 vero
1028 3680 1082 3742 per
1096 3670 1232 3724 naturam
1270 3734 1275 3741 .

18 3768 94 3828 solus
124 3779 213 3824 verus
241 3771 289 3824 est
309 3761 462 3838 Christus,
490 3781 552 3824 non
574 3762 611 3824 ab
633 3762 763 3824 humana
783 3761 901 3824 ratione
923 3761 1123 3836 describetur,
1153 3761 1234 3845 quod

44 4005 65 4036 e.
82 3977 226 4050 παρθένου
243 3980 312 4030 deest
329 3981 353 4032 in
372 3981 469 4034 Gobler.
479 3989 503 4032 et
512 3981 598 4032 Felcl-
646 3989 670 4032 et
683 3979 786 4031 Velokm.
800 3981 821 4031 l.
839 3975 946 4096 λέξεται
957 3973 1150 4061 dyploide-sal
1158 3975 1233 4038 dria,

20 4057 91 4104 nannl
109 4052 131 4102 1.
168 4049 242 4100 Paulo
266 4057 322 4112 poet
346 4049 445 4110 Sepuer.
471 4064 515 4113 pro
533 4039 595 4098 καθ’
646 4041 693 4098 καὶ
715 4031 754 4101 alr
769 4041 845 4096 ἔστιν
890 4061 1013 4114 ypocras.
1050 4051 1123 4102 Basti.
1147 4049 1236 4101 omittit

18 4116 110 4168 lasciv
128 4119 200 4170 habet
215 4109 286 4166 κατὰ
304 4108 399 4181 φύσιν,
417 4126 489 4182 etque
507 4117 539 4167 ito
560 4117 596 4166 le·
646 4111 693 4166 aul
709 4101 748 4170 als
765 4107 841 4164 tero
858 4111 872 4166 d
887 4111 1010 4183 χριστός.

18 4192 47 4250 pit
64 4189 178 4238 Naeuius.
682 4186 699 4234 l.
718 4185 817 4246 Seguer.
842 4187 940 4238 Gobler.
964 4194 988 4237 et
1007 4185 1111 4236 Velohm.
1129 4183 1151 4233 l.
1174 4176 1234 4232 rol·

48 4257 71 4306 d.
88 4257 127 4305 Sic
151 4265 235 4304 omnes
254 4251 305 4302 lere
325 4267 383 4304 mss.
418 4252 444 4302 lu
463 4252 534 4303 editis
553 4267 596 4304 eu·
646 4250 725 4320 μᾶτε.
763 4251 825 4302 Editi
843 4253 922 4304 minos
940 4262 1005 4306 reete
1017 4243 1157 4316 τολμηταί.
1179 4249 1234 4326 llos

18 4331 63 4369 tem
81 4311 109 4369 ἓν
126 4323 200 4371 deest.
648 4321 719 4371 iidem
739 4312 801 4368 οὔτε
816 4314 872 4392 γὰρ
890 4333 978 4390 προφ.
993 4355 1001 4374 .
1015 4356 1021 4369 .
1034 4353 1041 4370 .
1055 4309 1117 4370 odra
1133 4307 1232 4367 ὢῐοστ.

52 4403 73 4436 e.
90 4389 116 4438 ln
139 4391 236 4452 sepnor.
258 4400 288 4460 rs
305 4388 381 4440 deest.
416 4389 481 4440 loire
499 4387 597 4442 Gobler.
649 4379 758 4440 ...etat
775 4400 824 4442 ns.
