3220 5046
573 307 682 352 ουτω
698 308 718 351 ι.
734 309 852 354 eoum
865 307 1002 355 tennes.
1331 299 1390 364 ten

253 463 301 526 tu.
345 459 480 532 Quorum
509 456 598 534 igitur
624 457 714 520 rerba
741 459 836 538 magis
864 459 925 524 lieo
953 459 1040 540 dignu
1069 469 1141 524 sunt
1172 463 1480 543 moenduntqueeuu

164 563 322 626 domium
345 568 481 622 nostrum
497 557 595 620 lesum
612 558 761 622 Christum
777 560 870 622 Deum
892 579 960 624 esse
983 569 1012 623 et
1026 561 1133 626 Filium
1148 561 1273 628 Putris?
1301 563 1393 640 nane,

163 683 238 744 quae
260 681 314 726 ros
337 657 529 730 evomuisse,
557 675 656 720 annon
679 661 777 738 potius
800 681 850 732 ea,
880 681 954 741 quse
974 679 1033 726 nos
1056 664 1276 746 exscriptoris
1298 665 1392 730 uacus

163 775 195 828 et
215 762 368 826 audimus
390 769 420 824 et
441 757 617 822 efferimus?
659 759 762 840 ltaque
785 761 812 822 si
835 761 966 824 Salvator
993 783 1049 826 nec
1075 764 1154 828 Dens
1184 785 1241 830 nee
1264 765 1392 830 Verbum

165 885 223 930 nec
243 864 337 928 Filius
358 869 422 934 est,
454 858 541 922 liceat
567 878 639 922 sane
668 860 753 921 vobis
782 860 1027 940 quemadmodum
1050 864 1213 930 Gentilibus
1243 877 1273 932 et
1294 868 1391 932 nostri

167 965 232 1026 aeri
253 961 369 1024 ludaeis
391 959 530 1040 mucquid
552 960 672 1026 libuerit
692 961 809 1038 dicere3
832 961 885 1022 sed
908 961 933 1022 si
955 969 986 1024 et
1000 963 1126 1026 Verbum
1140 965 1236 1032 Patris
1255 977 1286 1032 et
1299 969 1391 1032 Filius

170 1083 259 1126 varus
281 1071 343 1136 est,
374 1063 401 1124 si
422 1061 503 1124 Deus
525 1069 573 1124 est
594 1081 630 1124 ex
651 1061 713 1124 lieo
735 1069 766 1126 et
787 1081 879 1140 snper
900 1063 999 1126 omnia
1019 1062 1192 1130 benennon
1214 1067 1244 1129 in
1265 1071 1390 1145 samm,

167 1185 205 1228 au
228 1184 289 1228 nou
310 1181 436 1244 prorsus
458 1181 583 1242 acquum
605 1163 710 1238 tuerit,
733 1163 804 1228 alias
827 1183 917 1226 voces
940 1172 970 1227 et
989 1164 1129 1228 Arionem
1151 1166 1284 1230 Thaliam
1304 1171 1392 1232 veluti

165 1267 310 1332 malurum
333 1265 490 1344 imaginem
512 1264 652 1344 omnique
674 1265 791 1345 plenam
813 1266 965 1346 impietate
987 1265 1087 1329 delere
1109 1273 1138 1330 et
1159 1267 1334 1342 obliterare,
1363 1271 1393 1332 in

164 1385 254 1446 quam
276 1367 325 1447 qui
347 1365 494 1436 inciderit,
517 1367 612 1428 nescit
633 1366 764 1446 gigantes
787 1367 826 1428 ibi
843 1367 951 1446 perire,
975 1367 1098 1448 ipseque
1119 1368 1150 1432 in
1165 1369 1330 1432 interorum
1345 1371 1392 1430 lo-

165 1486 248 1530 reum
271 1466 423 1530 occurrit?
465 1465 527 1530 Nee
548 1486 619 1529 reru
642 1468 673 1530 id
695 1469 736 1530 illi
758 1469 905 1550 ignorant,
927 1469 1057 1550 hincque
1072 1471 1113 1544 tit,
1137 1471 1269 1532 utillum
1292 1477 1395 1552 utpote

163 1570 261 1634 callidi
290 1569 436 1634 occultent
465 1587 521 1632 nee
547 1569 675 1632 audeaut
701 1571 891 1654 pervulgare,
925 1571 979 1634 sed
1007 1571 1064 1634 alia
1092 1573 1216 1658 omnino
1250 1581 1396 1651 usurpent

164 1669 264 1734 rerba.
305 1671 379 1732 Nam
402 1671 429 1732 si
451 1670 541 1750 impia
563 1670 612 1732 illa
634 1671 721 1732 rerba
742 1674 877 1751 prolerre
899 1673 1057 1744 auderent,
1088 1691 1147 1734 uon
1178 1673 1300 1736 dubium
1321 1672 1393 1752 quin

163 1773 442 1836 condemnarentur.
487 1771 567 1844 Quin
589 1772 677 1834 etiam
699 1772 724 1832 si
748 1774 793 1834 uel
816 1774 844 1834 in
868 1775 1070 1852 suspicionem
1097 1773 1137 1836 ita
1165 1773 1314 1836 uendendi
1337 1791 1391 1836 re·

164 1875 275 1948 nitent,
296 1873 430 1953 proseuta
454 1872 584 1952 undique
606 1873 823 1952 Scripturarum
847 1874 1044 1938 obruerentur
1066 1875 1301 1938 auctoritatibus.
1337 1875 1391 1938 ld-

162 1975 243 2038 oirco
266 1975 355 2054 igitur
377 1984 523 2052 tamquam
546 1975 597 2036 lilii
620 1975 707 2036 huius
731 1976 840 2038 saeculi
861 1977 962 2050 veriti,
985 1995 1023 2038 ne
1046 1995 1100 2040 sua
1127 1977 1245 2040 lucerna
1267 1977 1391 2040 oleastri

163 2077 230 2140 oleo
254 2093 377 2140 accensa
399 2077 458 2138 cito
482 2077 685 2155 exstinguatur
706 2080 785 2150 (uam
810 2077 866 2140 lun
887 2081 1051 2159 impierum
1072 2081 1302 2158 ensteupuiturt
1325 2095 1392 2140 eam

163 2179 221 2241 suh
244 2178 440 2242 simulationis
463 2177 594 2240 modium
617 2177 818 2248 abscondunt,
842 2177 897 2238 aliu
917 2177 1094 2256 loquuntur,
1117 2178 1279 2240 amicorum
1300 2194 1389 2255 prae·

162 2281 240 2344 sidia
263 2289 293 2342 et
314 2278 478 2342 Constantii
500 2290 611 2341 metum
633 2285 800 2351 ostentant,
823 2279 928 2358 utqui
951 2279 1035 2358 ipsos
1059 2278 1252 2352 conveniunt,
1282 2276 1390 2340 sordes

161 2383 288 2444 Arianae
316 2379 449 2440 huercsis
479 2389 602 2458 propter
629 2379 746 2442 illorum
777 2380 996 2442 simulationem
1019 2389 1049 2440 et
1078 2379 1309 2440 ostentationem
1331 2395 1392 2440 nun

163 2481 408 2546 anunndrertaut.
430 2478 485 2539 dn
508 2497 568 2540 nen
592 2497 661 2558 ergo
685 2481 730 2542 rel
751 2481 807 2544 hae
828 2482 865 2542 de
880 2499 967 2542 eausa
984 2479 1053 2542 odio
1069 2480 1276 2560 prosequenda
1292 2479 1390 2552 luerit,

164 2580 246 2662 quod
277 2579 364 2642 etiam
395 2576 496 2640 asuis
526 2579 686 2644 occultetur
714 2590 745 2643 ut
771 2581 872 2644 timida
901 2601 935 2644 ae
963 2581 1050 2644 veluti
1080 2599 1204 2661 serpens
1234 2579 1391 2644 lurcatur?

163 2683 248 2746 Unde
270 2679 350 2744 enim
371 2679 425 2742 has
449 2679 506 2740 sibi
529 2693 738 2744 coacervarunt
758 2683 887 2756 voculas,
910 2693 961 2745 aut
981 2703 997 2744 a
1016 2701 1144 2762 quonam
1159 2691 1293 2762 acceptas
1315 2701 1389 2762 prro·

162 2785 236 2846 dere
258 2799 319 2844 non
341 2783 412 2844 su'ut
433 2778 542 2842 veriti?
585 2781 661 2844 Sane
683 2783 831 2844 nemiuem
852 2783 1022 2858 homiuum,
1050 2784 1100 2863 qui
1128 2782 1185 2845 sibl
1207 2782 1271 2844 illas
1296 2781 1389 2844 tradi·

162 2885 272 2958 derint,
294 2891 433 2962 poterunt
455 2880 594 2942 indicare.
638 2882 713 2954 Quis
737 2883 816 2944 cuim
837 2884 991 2946 hominum
1013 2885 1074 2946 sive
1090 2885 1219 2946 Graecus
1238 2884 1299 2944 sire
1313 2883 1389 2944 llar-

164 2987 257 3048 barus
280 3001 357 3056 eum,
381 3001 471 3063 quem
491 2981 584 3044 Deum
607 2983 779 3055 confitetur,
801 3001 890 3046 unam
913 3003 928 3046 e
950 2983 1040 3046 rebus
1061 2985 1169 3045 creatis
1192 2982 1271 3044 ausit
1291 2981 1390 3043 dicere

163 3106 222 3152 nec
242 3085 336 3148 luisse
358 3093 513 3164 autequam
534 3083 629 3144 lautus
652 3081 720 3144 esti
741 3083 787 3144 rel
808 3085 875 3160 quis
897 3093 955 3156 est
977 3083 1026 3161 qui
1051 3083 1089 3154 ei,
1112 3099 1199 3160 ‹puem
1214 3081 1306 3142 licum
1322 3099 1390 3142 cre-

161 3187 250 3260 didit,
272 3186 360 3248 tidem
383 3186 505 3264 deroget
527 3184 653 3246 dicenti:
678 3184 724 3246 lue
746 3195 790 3245 eat
811 3183 896 3264 filius
917 3201 1000 3246 meus
1023 3183 1158 3252 dilectus,
1182 3199 1308 3258 eumque
1329 3197 1390 3242 non

163 3290 255 3352 lilium
278 3288 330 3350 sed
353 3305 416 3348 rem
438 3287 543 3347 laetam
566 3303 635 3346 esse
657 3282 751 3346 uelit?
793 3285 905 3363 Nempe
928 3283 992 3346 fleri
1015 3301 1075 3346 non
1098 3291 1207 3361 potest,
1230 3282 1301 3361 quin
1323 3301 1390 3344 ont·

163 3408 218 3452 nes
240 3390 383 3452 aduersus
411 3387 478 3448 illus
507 3387 582 3448 adeo
610 3385 793 3448 insanientes
826 3386 922 3448 aerius
950 3385 1149 3463 indignentur.
1202 3383 1307 3446 Verum
1335 3401 1392 3446 nec

162 3491 252 3552 etiem
274 3488 499 3568 adscripturus
523 3487 682 3566 coningere
704 3485 762 3548 illis
785 3487 933 3566 integrum
954 3487 1055 3548 luerit:
1086 3487 1143 3548 iam
1166 3484 1244 3548 enim
1268 3475 1387 3566 saepius

164 3597 320 3654 ostensum
341 3598 387 3652 est
407 3607 533 3668 mosque
556 3587 749 3660 ostendetur,
777 3606 865 3650 voces
892 3587 1063 3650 huiusmodi
1092 3585 1238 3650 adiriuis
1261 3587 1388 3650 oraculis

165 3709 233 3754 esse
254 3691 371 3770 penitus
394 3690 515 3752 alienos.
559 3689 659 3768 ltaque
686 3689 804 3770 mando
832 3689 889 3750 illis
917 3697 1010 3750 restat
1038 3688 1210 3763 dicendum,
1241 3707 1274 3750 sc
1302 3689 1387 3752 hieu

164 3791 288 3854 lliabulu
310 3792 437 3869 acceptis
459 3790 608 3854 insanisse
631 3791 668 3865 (si
691 3791 810 3870 quidem
831 3799 981 3853 tantorum
1002 3790 1145 3852 malorum
1168 3789 1252 3852 solus
1274 3789 1322 3850 ille
1336 3808 1387 3852 su-

164 3901 212 3954 tur
234 3901 304 3969 est),
327 3910 380 3974 age
403 3891 430 3954 ei
452 3891 633 3954 obsistamus
657 3895 794 3972 (namque
810 3911 876 3955 cum
891 3891 941 3952 illo
961 3891 1049 3952 nubis
1072 3889 1216 3970 perillus
1238 3895 1388 3952 certemus

199 4061 219 4095 c.
239 4044 335 4094 Gubler.
355 4052 378 4093 st
396 4042 536 4092 Felelm.t.
555 4037 677 4094 θαλείαν.
705 4047 750 4094 Se·
837 4045 859 4092 lr.
879 4045 1018 4106 Sagirerian.
1045 4027 1093 4089 οὖν
1117 4041 1211 4090 emittit.
1248 4041 1299 4092 llos
1324 4043 1388 4090 idem

163 4113 269 4174 guerino.
290 4121 312 4160 et
331 4113 370 4160 alii
388 4105 498 4158 delier.
803 4120 825 4160 et
844 4110 940 4159 neuter.
960 4109 1141 4160 asteterunt.
1161 4099 1291 4166 ri‘Etlpu.
1326 4107 1387 4156 nutu

196 4181 219 4228 d.
244 4181 285 4229 Sic
309 4181 407 4242 chuer.
433 4179 530 4227 Gubler.
557 4187 579 4227 el
604 4177 708 4227 Felrluu.
727 4178 749 4226 l.
802 4187 824 4227 et
844 4177 884 4226 ulii
903 4168 920 4236 ἦ
938 4178 1058 4226 emittunt.

162 4248 264 4298 euentu
284 4256 307 4296 ct
326 4248 366 4296 olii
383 4240 480 4296 λαλεῖν.
517 4245 569 4296 llos
587 4259 646 4296 ross.
664 4259 751 4295 omnes
837 4245 851 4296 i.
871 4235 1387 4308 Simlltasnpralrubanturpag.ild.[pili.

162 4305 212 4362 ἰόν
230 4306 334 4379 τεγάρ,
354 4303 554 4364 nutrtvarodtt'
574 4303 624 4361 tntu
641 4325 670 4362 τε
686 4305 751 4378 γάρ.
803 4309 955 4372 iminundis]
1334 4369 1338 4380 ι

196 4398 218 4430 n.
236 4371 749 4444 Sego.noll.tetclrn.t.1otednltutu,
838 4381 859 4427 l.
879 4367 922 4424 ὅτι
939 4380 1008 4428 deest
1026 4379 1048 4428 iu
1068 4375 1223 4438 Seguerirnu.
1243 4369 1388 4420 Golrlertunc

196 4451 212 4498 l.
232 4450 292 4498 liditi
313 4449 428 4498 mendose
446 4443 614 4516 dunupincrr.
806 4455 828 4496 et
842 4446 947 4496 l'elclm.
960 4445 982 4494 l.
1145 4496 1152 4513 ,

195 4531 218 4577 g.
238 4515 342 4566 l'elsltm.
361 4517 384 4566 5.
405 4507 620 4581 uuusustippeur.
842 4511 856 4561 l.
876 4511 1015 4572 Segestica.
1034 4501 1071 4561 uin
1088 4497 1226 4563 inceptu.
