<?xml version="1.0" encoding="UTF-8"?>
<!DOCTYPE html PUBLIC "-//W3C//DTD XHTML 1.0 Transitional//EN"
    "http://www.w3.org/TR/xhtml1/DTD/xhtml1-transitional.dtd">
<html xmlns="http://www.w3.org/1999/xhtml" xml:lang="en" lang="en">
 <head>
  <title>
</title>
<meta http-equiv="Content-Type" content="text/html;charset=utf-8" />
  <meta name='ocr-system' content='tesseract 3.04.00' />
  <meta name='ocr-capabilities' content='ocr_page ocr_carea ocr_par ocr_line ocrx_word'/>
</head>
<body>
  <div class='ocr_page' id='page_1' title='image "./sanctiathanasii03athagoog_0188.png"; bbox 0 0 3176 5058; ppageno 0'>
   <div class='ocr_carea' id='block_1_1' title="bbox 426 1075 1216 1446">
    <p class='ocr_par' dir='ltr' id='par_1_1' title="bbox 426 1075 1216 1446">
     <span class='ocr_line' id='line_1_1' title="bbox 426 1075 1216 1176; baseline 0.003 -10"><span class='ocrx_word' id='word_1_1' title='bbox 426 1075 468 1166; x_wconf 88' lang='lat' dir='ltr'><em>S.</em></span> <span class='ocrx_word' id='word_1_2' title='bbox 499 1075 784 1168; x_wconf 76' lang='lat' dir='ltr'><em>srflsnnstl</em></span> <span class='ocrx_word' id='word_1_3' title='bbox 813 1077 1216 1176; x_wconf 79' lang='lat' dir='ltr'><strong>ARCHIEPISCOPI</strong></span> 
     </span>
     <span class='ocr_line' id='line_1_2' title="bbox 674 1232 970 1307; baseline 0 -1"><span class='ocrx_word' id='word_1_4' title='bbox 674 1232 970 1307; x_wconf 81' lang='lat' dir='ltr'><strong>ORATIONES</strong></span> 
     </span>
     <span class='ocr_line' id='line_1_3' title="bbox 604 1381 1030 1446; baseline -0.005 0"><span class='ocrx_word' id='word_1_5' title='bbox 604 1383 788 1446; x_wconf 79' lang='lat' dir='ltr'><em>oonrss</em></span> <span class='ocrx_word' id='word_1_6' title='bbox 815 1381 1030 1446; x_wconf 65' lang='lat' dir='ltr'><em>somnos,</em></span> 
     </span>
    </p>
   </div>
   <div class='ocr_carea' id='block_1_2' title="bbox 639 1772 995 1830">
    <p class='ocr_par' dir='ltr' id='par_1_2' title="bbox 639 1772 995 1830">
     <span class='ocr_line' id='line_1_4' title="bbox 639 1772 995 1830; baseline 0.003 -2"><span class='ocrx_word' id='word_1_7' title='bbox 639 1772 995 1830; x_wconf 67' lang='lat' dir='ltr'><em>totostoto.</em></span> 
     </span>
    </p>
   </div>
   <div class='ocr_carea' id='block_1_3' title="bbox 119 1919 1429 4114">
    <p class='ocr_par' dir='ltr' id='par_1_3' title="bbox 119 1919 1429 2706">
     <span class='ocr_line' id='line_1_5' title="bbox 119 1919 1429 1995; baseline 0.002 -13"><span class='ocrx_word' id='word_1_8' title='bbox 119 1950 195 1995; x_wconf 63' lang='grc' dir='ltr'><em>Μω,</em></span> <span class='ocrx_word' id='word_1_9' title='bbox 288 1921 311 1982; x_wconf 91' lang='lat'><em>1.</em></span> <span class='ocrx_word' id='word_1_10' title='bbox 355 1920 511 1984; x_wconf 73' lang='lat' dir='ltr'><em>Historiae</em></span> <span class='ocrx_word' id='word_1_11' title='bbox 538 1920 725 1983; x_wconf 79' lang='lat' dir='ltr'><em>Arionaram</em></span> <span class='ocrx_word' id='word_1_12' title='bbox 755 1923 795 1984; x_wconf 82' lang='lat' dir='ltr'><em>ad</em></span> <span class='ocrx_word' id='word_1_13' title='bbox 823 1920 986 1984; x_wconf 79' lang='lat' dir='ltr'><em>Manaenos</em></span> <span class='ocrx_word' id='word_1_14' title='bbox 1015 1940 1034 1982; x_wconf 95' lang='lat' dir='ltr'><em>a</em></span> <span class='ocrx_word' id='word_1_15' title='bbox 1061 1919 1094 1982; x_wconf 88' lang='lat' dir='ltr'><em>S.</em></span> <span class='ocrx_word' id='word_1_16' title='bbox 1124 1920 1290 1984; x_wconf 74' lang='lat' dir='ltr'><em>Athanasio</em></span> <span class='ocrx_word' id='word_1_17' title='bbox 1319 1925 1429 1984; x_wconf 84' lang='lat' dir='ltr'><em>missae</em></span> 
     </span>
     <span class='ocr_line' id='line_1_6' title="bbox 203 2005 1426 2104; baseline -0.001 -18"><span class='ocrx_word' id='word_1_18' title='bbox 203 2023 384 2104; x_wconf 79' lang='lat' dir='ltr'><em>sabinnpere</em></span> <span class='ocrx_word' id='word_1_19' title='bbox 407 2026 506 2084; x_wconf 86' lang='lat' dir='ltr'><em>visam</em></span> <span class='ocrx_word' id='word_1_20' title='bbox 519 2005 574 2086; x_wconf 77' lang='lat' dir='ltr'><em>3est</em></span> <span class='ocrx_word' id='word_1_21' title='bbox 595 2031 727 2103; x_wconf 77' lang='lat' dir='ltr'><em>qnotnar</em></span> <span class='ocrx_word' id='word_1_22' title='bbox 752 2021 912 2085; x_wconf 79' lang='lat' dir='ltr'><em>Orationes</em></span> <span class='ocrx_word' id='word_1_23' title='bbox 935 2034 1044 2085; x_wconf 88' lang='lat' dir='ltr'><em>eontra</em></span> <span class='ocrx_word' id='word_1_24' title='bbox 1065 2021 1206 2085; x_wconf 78' lang='lat' dir='ltr'><em>Arianos.</em></span> <span class='ocrx_word' id='word_1_25' title='bbox 1242 2021 1426 2103; x_wconf 70' lang='lat' dir='ltr'><em>Nemorosi,</em></span> 
     </span>
     <span class='ocr_line' id='line_1_7' title="bbox 202 2122 1427 2204; baseline 0 -18"><span class='ocrx_word' id='word_1_26' title='bbox 202 2133 237 2186; x_wconf 83' lang='lat' dir='ltr'><em>nt</em></span> <span class='ocrx_word' id='word_1_27' title='bbox 259 2123 480 2186; x_wconf 78' lang='lat' dir='ltr'><em>nonnullorum</em></span> <span class='ocrx_word' id='word_1_28' title='bbox 502 2133 548 2184; x_wconf 87' lang='lat' dir='ltr'><em>est</em></span> <span class='ocrx_word' id='word_1_29' title='bbox 570 2127 733 2195; x_wconf 88' lang='lat' dir='ltr'><em>sententia,</em></span> <span class='ocrx_word' id='word_1_30' title='bbox 767 2123 820 2185; x_wconf 79' lang='lat' dir='ltr'><em>hoe</em></span> <span class='ocrx_word' id='word_1_31' title='bbox 843 2127 941 2204; x_wconf 77' lang='lat' dir='ltr'><em>spsnrn</em></span> <span class='ocrx_word' id='word_1_32' title='bbox 966 2122 1049 2203; x_wconf 86' lang='lat' dir='ltr'><em>Opas</em></span> <span class='ocrx_word' id='word_1_33' title='bbox 1078 2133 1137 2196; x_wconf 85' lang='lat' dir='ltr'><em>est,</em></span> <span class='ocrx_word' id='word_1_34' title='bbox 1171 2123 1250 2204; x_wconf 77' lang='lat' dir='ltr'><em>qnod</em></span> <span class='ocrx_word' id='word_1_35' title='bbox 1276 2143 1427 2186; x_wconf 83' lang='lat' dir='ltr'><em>aaaron</em></span> 
     </span>
     <span class='ocr_line' id='line_1_8' title="bbox 201 2223 1428 2308; baseline 0.002 -24"><span class='ocrx_word' id='word_1_36' title='bbox 201 2225 388 2287; x_wconf 78' lang='lat' dir='ltr'><em>,trianaram</em></span> <span class='ocrx_word' id='word_1_37' title='bbox 412 2225 542 2287; x_wconf 74' lang='lat' dir='ltr'><em>historio</em></span> <span class='ocrx_word' id='word_1_38' title='bbox 563 2225 603 2285; x_wconf 80' lang='lat' dir='ltr'><em>ai</em></span> <span class='ocrx_word' id='word_1_39' title='bbox 624 2223 787 2286; x_wconf 81' lang='lat' dir='ltr'><em>Monasitos</em></span> <span class='ocrx_word' id='word_1_40' title='bbox 809 2229 893 2287; x_wconf 87' lang='lat' dir='ltr'><em>misit</em></span> <span class='ocrx_word' id='word_1_41' title='bbox 914 2223 946 2284; x_wconf 90' lang='lat' dir='ltr'><em>S.</em></span> <span class='ocrx_word' id='word_1_42' title='bbox 971 2223 1170 2295; x_wconf 77' lang='lat' dir='ltr'><em>Athanasius,</em></span> <span class='ocrx_word' id='word_1_43' title='bbox 1184 2229 1348 2308; x_wconf 70' lang='lat' dir='ltr'><em>¹proprias</em></span> <span class='ocrx_word' id='word_1_44' title='bbox 1381 2225 1428 2287; x_wconf 76' lang='lat' dir='ltr'><em>isio</em></span> 
     </span>
     <span class='ocr_line' id='line_1_9' title="bbox 202 2313 1426 2405; baseline 0.001 -17"><span class='ocrx_word' id='word_1_45' title='bbox 202 2313 372 2388; x_wconf 77' lang='lat' dir='ltr'><em>eins&#39;loens</em></span> <span class='ocrx_word' id='word_1_46' title='bbox 401 2335 457 2388; x_wconf 87' lang='lat' dir='ltr'><em>est.</em></span> <span class='ocrx_word' id='word_1_47' title='bbox 501 2323 561 2389; x_wconf 83' lang='lat' dir='ltr'><em>Sea</em></span> <span class='ocrx_word' id='word_1_48' title='bbox 589 2329 618 2387; x_wconf 91' lang='lat' dir='ltr'><em>si</em></span> <span class='ocrx_word' id='word_1_49' title='bbox 643 2324 700 2386; x_wconf 81' lang='lat' dir='ltr'><em>alii</em></span> <span class='ocrx_word' id='word_1_50' title='bbox 721 2325 913 2405; x_wconf 75' lang='lat' dir='ltr'><em>probabilius</em></span> <span class='ocrx_word' id='word_1_51' title='bbox 943 2327 1128 2396; x_wconf 74' lang='lat' dir='ltr'><em>existiment,</em></span> <span class='ocrx_word' id='word_1_52' title='bbox 1163 2325 1234 2386; x_wconf 86' lang='lat' dir='ltr'><em>illas</em></span> <span class='ocrx_word' id='word_1_53' title='bbox 1265 2325 1426 2389; x_wconf 80' lang='lat' dir='ltr'><em>Orationes</em></span> 
     </span>
     <span class='ocr_line' id='line_1_10' title="bbox 200 2425 1427 2507; baseline 0 -19"><span class='ocrx_word' id='word_1_54' title='bbox 200 2425 279 2488; x_wconf 89' lang='lat' dir='ltr'><em>alios</em></span> <span class='ocrx_word' id='word_1_55' title='bbox 297 2427 392 2507; x_wconf 88' lang='lat' dir='ltr'><em>plane</em></span> <span class='ocrx_word' id='word_1_56' title='bbox 414 2446 479 2489; x_wconf 88' lang='lat' dir='ltr'><em>esse</em></span> <span class='ocrx_word' id='word_1_57' title='bbox 501 2427 537 2489; x_wconf 79' lang='lat' dir='ltr'><em>ab</em></span> <span class='ocrx_word' id='word_1_58' title='bbox 558 2426 657 2507; x_wconf 87' lang='lat' dir='ltr'><em>Opere</em></span> <span class='ocrx_word' id='word_1_59' title='bbox 679 2427 718 2488; x_wconf 81' lang='lat' dir='ltr'><em>od</em></span> <span class='ocrx_word' id='word_1_60' title='bbox 732 2426 895 2489; x_wconf 81' lang='lat' dir='ltr'><em>Maaaoitos</em></span> <span class='ocrx_word' id='word_1_61' title='bbox 917 2429 1019 2502; x_wconf 84' lang='lat' dir='ltr'><em>otissa,</em></span> <span class='ocrx_word' id='word_1_62' title='bbox 1042 2443 1095 2488; x_wconf 87' lang='lat' dir='ltr'><em>nes</em></span> <span class='ocrx_word' id='word_1_63' title='bbox 1116 2427 1229 2489; x_wconf 80' lang='lat' dir='ltr'><em>idcireo</em></span> <span class='ocrx_word' id='word_1_64' title='bbox 1244 2427 1427 2488; x_wconf 80' lang='lat' dir='ltr'><em>incommode</em></span> 
     </span>
     <span class='ocr_line' id='line_1_11' title="bbox 202 2515 1427 2607; baseline 0.001 -20"><span class='ocrx_word' id='word_1_65' title='bbox 202 2527 249 2589; x_wconf 84' lang='lat' dir='ltr'><em>ia&#39;a</em></span> <span class='ocrx_word' id='word_1_66' title='bbox 272 2527 470 2590; x_wconf 85' lang='lat' dir='ltr'><em>sailoaantar.</em></span> <span class='ocrx_word' id='word_1_67' title='bbox 518 2527 591 2590; x_wconf 81' lang='lat' dir='ltr'><em>Goon</em></span> <span class='ocrx_word' id='word_1_68' title='bbox 612 2531 689 2588; x_wconf 75' lang='lat' dir='ltr'><em>enin</em></span> <span class='ocrx_word' id='word_1_69' title='bbox 712 2535 841 2598; x_wconf 80' lang='lat' dir='ltr'><em>constet,</em></span> <span class='ocrx_word' id='word_1_70' title='bbox 871 2545 921 2587; x_wconf 89' lang='lat' dir='ltr'><em>eos</em></span> <span class='ocrx_word' id='word_1_71' title='bbox 948 2539 1022 2606; x_wconf 88' lang='lat' dir='ltr'><em>past</em></span> <span class='ocrx_word' id='word_1_72' title='bbox 1048 2531 1204 2590; x_wconf 83' lang='lat' dir='ltr'><em>intrnsaen</em></span> <span class='ocrx_word' id='word_1_73' title='bbox 1226 2515 1386 2607; x_wconf 81' lang='lat' dir='ltr'><em>Gearpinm</em></span> <span class='ocrx_word' id='word_1_74' title='bbox 1408 2545 1427 2588; x_wconf 92' lang='lat' dir='ltr'><em>a</em></span> 
     </span>
     <span class='ocr_line' id='line_1_12' title="bbox 202 2626 1427 2706; baseline 0 -18"><span class='ocrx_word' id='word_1_75' title='bbox 202 2637 307 2688; x_wconf 87' lang='lat' dir='ltr'><em>sanata</em></span> <span class='ocrx_word' id='word_1_76' title='bbox 330 2626 495 2688; x_wconf 71' lang='lat' dir='ltr'><em>Athanasio</em></span> <span class='ocrx_word' id='word_1_77' title='bbox 525 2629 558 2686; x_wconf 86' lang='lat' dir='ltr'><em>in</em></span> <span class='ocrx_word' id='word_1_78' title='bbox 587 2628 750 2690; x_wconf 84' lang='lat' dir='ltr'><em>satitndine</em></span> <span class='ocrx_word' id='word_1_79' title='bbox 778 2637 842 2689; x_wconf 88' lang='lat' dir='ltr'><em>tam</em></span> <span class='ocrx_word' id='word_1_80' title='bbox 864 2628 985 2706; x_wconf 69' lang='lat' dir='ltr'><em>(tepente</em></span> <span class='ocrx_word' id='word_1_81' title='bbox 1007 2646 1071 2690; x_wconf 88' lang='lat' dir='ltr'><em>esse</em></span> <span class='ocrx_word' id='word_1_82' title='bbox 1099 2631 1294 2706; x_wconf 85' lang='lat' dir='ltr'><em>compositos,</em></span> <span class='ocrx_word' id='word_1_83' title='bbox 1324 2635 1427 2705; x_wconf 88' lang='lat' dir='ltr'><em>potest</em></span> 
     </span>
    </p>

    <p class='ocr_par' dir='ltr' id='par_1_4' title="bbox 120 2725 1428 3210">
     <span class='ocr_line' id='line_1_13' title="bbox 120 2725 1424 2810; baseline 0 -22"><span class='ocrx_word' id='word_1_84' title='bbox 120 2797 132 2810; x_wconf 38' lang='lat'><em>⁶</em></span> <span class='ocrx_word' id='word_1_85' title='bbox 200 2730 303 2806; x_wconf 76' lang='lat' dir='ltr'><em>atione</em></span> <span class='ocrx_word' id='word_1_86' title='bbox 331 2727 403 2806; x_wconf 83' lang='lat' dir='ltr'><em>fieri</em></span> <span class='ocrx_word' id='word_1_87' title='bbox 427 2739 462 2790; x_wconf 87' lang='lat' dir='ltr'><em>at</em></span> <span class='ocrx_word' id='word_1_88' title='bbox 489 2725 560 2788; x_wconf 83' lang='lat' dir='ltr'><em>ilias</em></span> <span class='ocrx_word' id='word_1_89' title='bbox 588 2731 713 2790; x_wconf 87' lang='lat' dir='ltr'><em>nonnisi</em></span> <span class='ocrx_word' id='word_1_90' title='bbox 729 2739 803 2808; x_wconf 88' lang='lat' dir='ltr'><em>past</em></span> <span class='ocrx_word' id='word_1_91' title='bbox 823 2727 993 2807; x_wconf 81' lang='lat' dir='ltr'><em>Epistoianr</em></span> <span class='ocrx_word' id='word_1_92' title='bbox 1019 2737 1173 2809; x_wconf 83' lang='lat' dir='ltr'><em>eeteraqne</em></span> <span class='ocrx_word' id='word_1_93' title='bbox 1200 2726 1239 2786; x_wconf 83' lang='lat' dir='ltr'><em>ad</em></span> <span class='ocrx_word' id='word_1_94' title='bbox 1261 2725 1424 2788; x_wconf 78' lang='lat' dir='ltr'><em>Manasieos</em></span> 
     </span>
     <span class='ocr_line' id='line_1_14' title="bbox 200 2826 1423 2911; baseline 0 -23"><span class='ocrx_word' id='word_1_95' title='bbox 200 2830 294 2888; x_wconf 81' lang='lat' dir='ltr'><em>missa</em></span> <span class='ocrx_word' id='word_1_96' title='bbox 319 2826 420 2907; x_wconf 89' lang='lat' dir='ltr'><em>Opera</em></span> <span class='ocrx_word' id='word_1_97' title='bbox 443 2831 621 2908; x_wconf 55' lang='lat' dir='ltr'><em>scripserim</em></span> <span class='ocrx_word' id='word_1_98' title='bbox 653 2848 723 2890; x_wconf 89' lang='lat' dir='ltr'><em>nam</em></span> <span class='ocrx_word' id='word_1_99' title='bbox 745 2847 802 2910; x_wconf 77' lang='lat' dir='ltr'><em>aaa</em></span> <span class='ocrx_word' id='word_1_100' title='bbox 826 2830 946 2911; x_wconf 81' lang='lat' dir='ltr'><em>definite</em></span> <span class='ocrx_word' id='word_1_101' title='bbox 975 2847 1055 2892; x_wconf 86' lang='lat' dir='ltr'><em>anno</em></span> <span class='ocrx_word' id='word_1_102' title='bbox 1084 2830 1273 2908; x_wconf 80' lang='lat' dir='ltr'><em>conscriptae</em></span> <span class='ocrx_word' id='word_1_103' title='bbox 1294 2828 1423 2908; x_wconf 77' lang='lat' dir='ltr'><em>suerint,</em></span> 
     </span>
     <span class='ocr_line' id='line_1_15' title="bbox 203 2927 1428 3010; baseline 0 -20"><span class='ocrx_word' id='word_1_104' title='bbox 203 2937 286 2990; x_wconf 78' lang='lat' dir='ltr'><em>aerto&#39;</em></span> <span class='ocrx_word' id='word_1_105' title='bbox 319 2929 378 2990; x_wconf 81' lang='lat' dir='ltr'><em>ties·</em></span> <span class='ocrx_word' id='word_1_106' title='bbox 403 2947 467 2991; x_wconf 91' lang='lat' dir='ltr'><em>non</em></span> <span class='ocrx_word' id='word_1_107' title='bbox 491 2940 602 3010; x_wconf 90' lang='lat' dir='ltr'><em>potest.</em></span> <span class='ocrx_word' id='word_1_108' title='bbox 648 2929 708 2992; x_wconf 81' lang='lat' dir='ltr'><em>Sed</em></span> <span class='ocrx_word' id='word_1_109' title='bbox 736 2930 770 2992; x_wconf 83' lang='lat' dir='ltr'><em>ds</em></span> <span class='ocrx_word' id='word_1_110' title='bbox 798 2929 844 2992; x_wconf 80' lang='lat' dir='ltr'><em>itis</em></span> <span class='ocrx_word' id='word_1_111' title='bbox 871 2931 975 3008; x_wconf 73' lang='lat' dir='ltr'><em>[asim</em></span> <span class='ocrx_word' id='word_1_112' title='bbox 1005 2932 1039 2990; x_wconf 86' lang='lat' dir='ltr'><em>in</em></span> <span class='ocrx_word' id='word_1_113' title='bbox 1066 2927 1262 3008; x_wconf 76' lang='lat' dir='ltr'><em>Praefatione</em></span> <span class='ocrx_word' id='word_1_114' title='bbox 1289 2927 1428 3007; x_wconf 80' lang='lat' dir='ltr'><em>penerali</em></span> 
     </span>
     <span class='ocr_line' id='line_1_16' title="bbox 202 3027 1425 3112; baseline 0 -22"><span class='ocrx_word' id='word_1_115' title='bbox 202 3027 242 3108; x_wconf 87' lang='lat' dir='ltr'><em>[p.</em></span> <span class='ocrx_word' id='word_1_116' title='bbox 259 3027 402 3106; x_wconf 85' lang='lat' dir='ltr'><strong>XXXV.];</strong></span> <span class='ocrx_word' id='word_1_117' title='bbox 432 3040 531 3092; x_wconf 84' lang='lat' dir='ltr'><em>cetero</em></span> <span class='ocrx_word' id='word_1_118' title='bbox 552 3050 648 3103; x_wconf 79' lang='lat' dir='ltr'><em>noane,</em></span> <span class='ocrx_word' id='word_1_119' title='bbox 680 3049 755 3112; x_wconf 81' lang='lat' dir='ltr'><em>qaae</em></span> <span class='ocrx_word' id='word_1_120' title='bbox 784 3031 823 3091; x_wconf 78' lang='lat' dir='ltr'><em>aa</em></span> <span class='ocrx_word' id='word_1_121' title='bbox 843 3034 925 3110; x_wconf 91' lang='lat' dir='ltr'><em>ipsas</em></span> <span class='ocrx_word' id='word_1_122' title='bbox 948 3031 1084 3092; x_wconf 82' lang='lat' dir='ltr'><em>adtinent</em></span> <span class='ocrx_word' id='word_1_123' title='bbox 1109 3030 1286 3098; x_wconf 85' lang='lat' dir='ltr'><em>Orationes,</em></span> <span class='ocrx_word' id='word_1_124' title='bbox 1311 3047 1425 3109; x_wconf 87' lang='lat' dir='ltr'><em>prase-</em></span> 
     </span>
     <span class='ocr_line' id='line_1_17' title="bbox 199 3149 1005 3210; baseline 0 -19"><span class='ocrx_word' id='word_1_125' title='bbox 199 3149 339 3210; x_wconf 78' lang='lat' dir='ltr'><em>qoarnor.</em></span> <span class='ocrx_word' id='word_1_126' title='bbox 1001 3193 1005 3200; x_wconf 82' lang='grc'><em>,</em></span> 
     </span>
    </p>

    <p class='ocr_par' dir='ltr' id='par_1_5' title="bbox 284 3229 1424 3312">
     <span class='ocr_line' id='line_1_18' title="bbox 284 3229 1424 3312; baseline -0.001 -21"><span class='ocrx_word' id='word_1_127' title='bbox 284 3229 320 3292; x_wconf 89' lang='lat'><em>11.</em></span> <span class='ocrx_word' id='word_1_128' title='bbox 364 3231 469 3311; x_wconf 85' lang='lat' dir='ltr'><em>Sapra</em></span> <span class='ocrx_word' id='word_1_129' title='bbox 486 3236 602 3312; x_wconf 79' lang='lat' dir='ltr'><em>popina</em></span> <span class='ocrx_word' id='word_1_130' title='bbox 616 3234 689 3296; x_wconf 79' lang='lat'><strong>269.</strong></span> <span class='ocrx_word' id='word_1_131' title='bbox 711 3235 745 3291; x_wconf 93' lang='lat' dir='ltr'><em>in</em></span> <span class='ocrx_word' id='word_1_132' title='bbox 766 3230 974 3294; x_wconf 78' lang='lat' dir='ltr'><em>Admonitiane</em></span> <span class='ocrx_word' id='word_1_133' title='bbox 996 3235 1028 3292; x_wconf 90' lang='lat' dir='ltr'><em>in</em></span> <span class='ocrx_word' id='word_1_134' title='bbox 1049 3230 1216 3310; x_wconf 77' lang='lat' dir='ltr'><em>Epistolanr</em></span> <span class='ocrx_word' id='word_1_135' title='bbox 1235 3229 1424 3308; x_wconf 78' lang='lat' dir='ltr'><em>Enapoiiaam</em></span> 
     </span>
    </p>

    <p class='ocr_par' dir='ltr' id='par_1_6' title="bbox 199 3330 1424 3413">
     <span class='ocr_line' id='line_1_19' title="bbox 199 3330 1424 3413; baseline 0.002 -23"><span class='ocrx_word' id='word_1_136' title='bbox 199 3332 240 3391; x_wconf 85' lang='lat' dir='ltr'><em>ad</em></span> <span class='ocrx_word' id='word_1_137' title='bbox 261 3330 427 3411; x_wconf 76' lang='lat' dir='ltr'><em>Episcopos</em></span> <span class='ocrx_word' id='word_1_138' title='bbox 449 3334 575 3410; x_wconf 76' lang='lat' dir='ltr'><em>Aepppti</em></span> <span class='ocrx_word' id='word_1_139' title='bbox 594 3343 623 3394; x_wconf 90' lang='lat' dir='ltr'><em>et</em></span> <span class='ocrx_word' id='word_1_140' title='bbox 644 3331 751 3408; x_wconf 78' lang='lat' dir='ltr'><em>Libyas</em></span> <span class='ocrx_word' id='word_1_141' title='bbox 773 3335 833 3393; x_wconf 78' lang='lat' dir='ltr'><em>iarn</em></span> <span class='ocrx_word' id='word_1_142' title='bbox 856 3333 1092 3407; x_wconf 76' lang='lat' dir='ltr'><em>observavimus,</em></span> <span class='ocrx_word' id='word_1_143' title='bbox 1120 3343 1252 3413; x_wconf 81' lang='lat' dir='ltr'><em>qnatnar</em></span> <span class='ocrx_word' id='word_1_144' title='bbox 1273 3331 1424 3392; x_wconf 80' lang='lat' dir='ltr'><em>duntonat</em></span> 
     </span>
    </p>

    <p class='ocr_par' dir='ltr' id='par_1_7' title="bbox 199 3429 1422 3512">
     <span class='ocr_line' id='line_1_20' title="bbox 199 3429 1422 3512; baseline 0.002 -22"><span class='ocrx_word' id='word_1_145' title='bbox 199 3448 266 3491; x_wconf 88' lang='lat' dir='ltr'><em>esse</em></span> <span class='ocrx_word' id='word_1_146' title='bbox 290 3429 452 3492; x_wconf 87' lang='lat' dir='ltr'><em>Orationes</em></span> <span class='ocrx_word' id='word_1_147' title='bbox 485 3440 592 3492; x_wconf 82' lang='lat' dir='ltr'><em>eontra</em></span> <span class='ocrx_word' id='word_1_148' title='bbox 613 3430 761 3506; x_wconf 79' lang='lat' dir='ltr'><em>Arianos,</em></span> <span class='ocrx_word' id='word_1_149' title='bbox 795 3449 858 3493; x_wconf 93' lang='lat' dir='ltr'><em>non</em></span> <span class='ocrx_word' id='word_1_150' title='bbox 885 3435 1027 3512; x_wconf 80' lang='lat' dir='ltr'><em>quinque,</em></span> <span class='ocrx_word' id='word_1_151' title='bbox 1060 3443 1096 3494; x_wconf 87' lang='lat' dir='ltr'><em>at</em></span> <span class='ocrx_word' id='word_1_152' title='bbox 1124 3432 1180 3494; x_wconf 88' lang='lat' dir='ltr'><em>olii</em></span> <span class='ocrx_word' id='word_1_153' title='bbox 1205 3431 1279 3494; x_wconf 87' lang='lat' dir='ltr'><em>editi</em></span> <span class='ocrx_word' id='word_1_154' title='bbox 1305 3430 1422 3501; x_wconf 75' lang='lat' dir='ltr'><em>nabent,</em></span> 
     </span>
    </p>

    <p class='ocr_par' dir='ltr' id='par_1_8' title="bbox 199 3525 1424 3612">
     <span class='ocr_line' id='line_1_21' title="bbox 199 3525 1424 3612; baseline -0.001 -19"><span class='ocrx_word' id='word_1_155' title='bbox 199 3537 352 3610; x_wconf 73' lang='lat' dir='ltr'><em>ipsamque</em></span> <span class='ocrx_word' id='word_1_156' title='bbox 375 3528 562 3608; x_wconf 80' lang='lat' dir='ltr'><em>Bnapoiioam</em></span> <span class='ocrx_word' id='word_1_157' title='bbox 583 3525 752 3611; x_wconf 78' lang='lat' dir='ltr'><em>Epistalorn</em></span> <span class='ocrx_word' id='word_1_158' title='bbox 779 3531 816 3593; x_wconf 80' lang='lat' dir='ltr'><em>ao</em></span> <span class='ocrx_word' id='word_1_159' title='bbox 838 3531 900 3594; x_wconf 84' lang='lat' dir='ltr'><em>iltis</em></span> <span class='ocrx_word' id='word_1_160' title='bbox 926 3531 1124 3594; x_wconf 80' lang='lat' dir='ltr'><em>Orationibus</em></span> <span class='ocrx_word' id='word_1_161' title='bbox 1143 3537 1267 3612; x_wconf 77' lang='lat' dir='ltr'><em>pensitas</em></span> <span class='ocrx_word' id='word_1_162' title='bbox 1289 3549 1354 3594; x_wconf 89' lang='lat' dir='ltr'><em>esse</em></span> <span class='ocrx_word' id='word_1_163' title='bbox 1376 3532 1424 3593; x_wconf 83' lang='lat' dir='ltr'><em>di-</em></span> 
     </span>
    </p>

    <p class='ocr_par' dir='ltr' id='par_1_9' title="bbox 198 3632 1423 3712">
     <span class='ocr_line' id='line_1_22' title="bbox 198 3632 1423 3712; baseline 0.002 -20"><span class='ocrx_word' id='word_1_164' title='bbox 198 3635 358 3702; x_wconf 78' lang='lat' dir='ltr'><em>stinotam3</em></span> <span class='ocrx_word' id='word_1_165' title='bbox 387 3647 493 3690; x_wconf 73' lang='lat' dir='ltr'><em>aenam</em></span> <span class='ocrx_word' id='word_1_166' title='bbox 522 3648 630 3709; x_wconf 79' lang='lat' dir='ltr'><em>operae</em></span> <span class='ocrx_word' id='word_1_167' title='bbox 660 3635 792 3712; x_wconf 78' lang='lat' dir='ltr'><em>pretimn</em></span> <span class='ocrx_word' id='word_1_168' title='bbox 814 3642 860 3694; x_wconf 91' lang='lat' dir='ltr'><em>est</em></span> <span class='ocrx_word' id='word_1_169' title='bbox 877 3632 1000 3712; x_wconf 81' lang='lat' dir='ltr'><em>pionias</em></span> <span class='ocrx_word' id='word_1_170' title='bbox 1024 3633 1070 3694; x_wconf 81' lang='lat' dir='ltr'><em>itia</em></span> <span class='ocrx_word' id='word_1_171' title='bbox 1092 3651 1127 3694; x_wconf 90' lang='lat' dir='ltr'><em>ea</em></span> <span class='ocrx_word' id='word_1_172' title='bbox 1149 3634 1184 3696; x_wconf 80' lang='lat' dir='ltr'><em>de</em></span> <span class='ocrx_word' id='word_1_173' title='bbox 1206 3651 1240 3694; x_wconf 87' lang='lat' dir='ltr'><em>re</em></span> <span class='ocrx_word' id='word_1_174' title='bbox 1264 3633 1423 3694; x_wconf 82' lang='lat' dir='ltr'><em>disserere.</em></span> 
     </span>
    </p>

    <p class='ocr_par' dir='ltr' id='par_1_10' title="bbox 199 3729 1423 3815">
     <span class='ocr_line' id='line_1_23' title="bbox 199 3729 1423 3815; baseline 0.002 -23"><span class='ocrx_word' id='word_1_175' title='bbox 199 3729 286 3792; x_wconf 84' lang='lat' dir='ltr'><em>inter</em></span> <span class='ocrx_word' id='word_1_176' title='bbox 307 3749 339 3791; x_wconf 89' lang='lat' dir='ltr'><em>se</em></span> <span class='ocrx_word' id='word_1_177' title='bbox 371 3748 434 3793; x_wconf 93' lang='lat' dir='ltr'><em>nan</em></span> <span class='ocrx_word' id='word_1_178' title='bbox 457 3736 649 3794; x_wconf 78' lang='lat' dir='ltr'><em>coessentiam</em></span> <span class='ocrx_word' id='word_1_179' title='bbox 670 3737 874 3815; x_wconf 78' lang='lat' dir='ltr'><em>manuscripti</em></span> <span class='ocrx_word' id='word_1_180' title='bbox 895 3735 1014 3796; x_wconf 82' lang='lat' dir='ltr'><em>Caiioes</em></span> <span class='ocrx_word' id='word_1_181' title='bbox 1037 3738 1070 3796; x_wconf 93' lang='lat' dir='ltr'><em>in</em></span> <span class='ocrx_word' id='word_1_182' title='bbox 1092 3735 1273 3812; x_wconf 80' lang='lat' dir='ltr'><em>assipnanio</em></span> <span class='ocrx_word' id='word_1_183' title='bbox 1295 3750 1423 3795; x_wconf 81' lang='lat' dir='ltr'><em>namara</em></span> 
     </span>
    </p>

    <p class='ocr_par' dir='ltr' id='par_1_11' title="bbox 201 3830 1424 3915">
     <span class='ocr_line' id='line_1_24' title="bbox 201 3830 1424 3915; baseline 0.002 -23"><span class='ocrx_word' id='word_1_184' title='bbox 201 3830 382 3892; x_wconf 82' lang='lat' dir='ltr'><em>Oratiannon</em></span> <span class='ocrx_word' id='word_1_185' title='bbox 406 3841 512 3893; x_wconf 85' lang='lat' dir='ltr'><em>rantra</em></span> <span class='ocrx_word' id='word_1_186' title='bbox 532 3832 674 3896; x_wconf 78' lang='lat' dir='ltr'><em>Arianos.</em></span> <span class='ocrx_word' id='word_1_187' title='bbox 719 3833 921 3913; x_wconf 78' lang='lat' dir='ltr'><em>Sepaerionas</em></span> <span class='ocrx_word' id='word_1_188' title='bbox 945 3837 1074 3915; x_wconf 85' lang='lat' dir='ltr'><em>optimae</em></span> <span class='ocrx_word' id='word_1_189' title='bbox 1095 3846 1186 3898; x_wconf 89' lang='lat' dir='ltr'><em>natae</em></span> <span class='ocrx_word' id='word_1_190' title='bbox 1209 3834 1309 3895; x_wconf 76' lang='lat' dir='ltr'><em>Codes</em></span> <span class='ocrx_word' id='word_1_191' title='bbox 1334 3837 1424 3914; x_wconf 79' lang='lat' dir='ltr'><em>qain-</em></span> 
     </span>
    </p>

    <p class='ocr_par' dir='ltr' id='par_1_12' title="bbox 197 3932 1421 4016">
     <span class='ocr_line' id='line_1_25' title="bbox 197 3932 1421 4016; baseline 0.001 -25"><span class='ocrx_word' id='word_1_192' title='bbox 197 3949 254 4011; x_wconf 82' lang='lat' dir='ltr'><em>qae</em></span> <span class='ocrx_word' id='word_1_193' title='bbox 280 3944 437 4003; x_wconf 80' lang='lat' dir='ltr'><em>numerat,</em></span> <span class='ocrx_word' id='word_1_194' title='bbox 472 3951 601 4012; x_wconf 78' lang='lat' dir='ltr'><em>qaorum</em></span> <span class='ocrx_word' id='word_1_195' title='bbox 623 3938 727 4014; x_wconf 83' lang='lat' dir='ltr'><em>priano</em></span> <span class='ocrx_word' id='word_1_196' title='bbox 754 3945 799 3997; x_wconf 88' lang='lat' dir='ltr'><em>est</em></span> <span class='ocrx_word' id='word_1_197' title='bbox 826 3935 965 4016; x_wconf 78' lang='lat' dir='ltr'><em>Epistola</em></span> <span class='ocrx_word' id='word_1_198' title='bbox 995 3933 1153 4013; x_wconf 79' lang='lat' dir='ltr'><em>Bneyaiioa</em></span> <span class='ocrx_word' id='word_1_199' title='bbox 1185 3934 1225 3996; x_wconf 82' lang='lat' dir='ltr'><em>ad</em></span> <span class='ocrx_word' id='word_1_200' title='bbox 1256 3932 1421 4014; x_wconf 79' lang='lat' dir='ltr'><em>Episcopas</em></span> 
     </span>
    </p>

    <p class='ocr_par' dir='ltr' id='par_1_13' title="bbox 198 4031 1422 4114">
     <span class='ocr_line' id='line_1_26' title="bbox 198 4031 1422 4114; baseline 0 -21"><span class='ocrx_word' id='word_1_201' title='bbox 198 4032 325 4113; x_wconf 76' lang='lat' dir='ltr'><em>Aepppti</em></span> <span class='ocrx_word' id='word_1_202' title='bbox 343 4042 372 4094; x_wconf 89' lang='lat' dir='ltr'><em>et</em></span> <span class='ocrx_word' id='word_1_203' title='bbox 393 4031 517 4112; x_wconf 73' lang='lat' dir='ltr'><em>Libyae,</em></span> <span class='ocrx_word' id='word_1_204' title='bbox 550 4035 590 4095; x_wconf 80' lang='lat' dir='ltr'><em>ai</em></span> <span class='ocrx_word' id='word_1_205' title='bbox 617 4039 702 4098; x_wconf 70' lang='lat' dir='ltr'><em>sarias</em></span> <span class='ocrx_word' id='word_1_206' title='bbox 730 4039 850 4099; x_wconf 85' lang='lat' dir='ltr'><em>initiam</em></span> <span class='ocrx_word' id='word_1_207' title='bbox 879 4040 912 4097; x_wconf 92' lang='lat' dir='ltr'><em>in</em></span> <span class='ocrx_word' id='word_1_208' title='bbox 938 4038 1074 4114; x_wconf 78' lang='lat' dir='ltr'><em>marpine</em></span> <span class='ocrx_word' id='word_1_209' title='bbox 1102 4035 1174 4096; x_wconf 75' lang='lat' dir='ltr'><em>iaec</em></span> <span class='ocrx_word' id='word_1_210' title='bbox 1206 4046 1280 4098; x_wconf 87' lang='lat' dir='ltr'><em>nato</em></span> <span class='ocrx_word' id='word_1_211' title='bbox 1302 4033 1422 4113; x_wconf 77' lang='lat' dir='ltr'><em>lapiton,</em></span> 
     </span>
    </p>
   </div>
   <div class='ocr_carea' id='block_1_4' title="bbox 195 4121 1508 4520">
    <p class='ocr_par' dir='ltr' id='par_1_14' title="bbox 195 4121 1508 4520">
     <span class='ocr_line' id='line_1_27' title="bbox 198 4121 1508 4217; baseline 0.002 -23"><span class='ocrx_word' id='word_1_212' title='bbox 198 4152 287 4216; x_wconf 78' lang='lat' dir='ltr'><em>qoam</em></span> <span class='ocrx_word' id='word_1_213' title='bbox 308 4132 462 4196; x_wconf 84' lang='lat' dir='ltr'><em>nolainoas</em></span> <span class='ocrx_word' id='word_1_214' title='bbox 486 4138 637 4198; x_wconf 86' lang='lat' dir='ltr'><em>amittere:</em></span> <span class='ocrx_word' id='word_1_215' title='bbox 662 4121 758 4211; x_wconf 83' lang='grc' dir='ltr'><strong><em>οὗτος</em></strong></span> <span class='ocrx_word' id='word_1_216' title='bbox 780 4129 799 4197; x_wconf 91' lang='grc' dir='ltr'><strong><em>ό</em></strong></span> <span class='ocrx_word' id='word_1_217' title='bbox 822 4131 969 4199; x_wconf 69' lang='grc' dir='ltr'><strong><em>ἐνταῦθα</em></strong></span> <span class='ocrx_word' id='word_1_218' title='bbox 990 4135 1124 4217; x_wconf 79' lang='grc' dir='ltr'><strong><em>πρῶτος</em></strong></span> <span class='ocrx_word' id='word_1_219' title='bbox 1139 4129 1236 4216; x_wconf 79' lang='grc' dir='ltr'><strong><em>λόγος</em></strong></span> <span class='ocrx_word' id='word_1_220' title='bbox 1250 4133 1309 4197; x_wconf 83' lang='grc' dir='ltr'><strong><em>τοῦ</em></strong></span> <span class='ocrx_word' id='word_1_221' title='bbox 1327 4126 1421 4217; x_wconf 77' lang='grc' dir='ltr'><strong><em>ἁγίου</em></strong></span> <span class='ocrx_word' id='word_1_222' title='bbox 1501 4205 1508 4212; x_wconf 85' lang='lat'>.</span> 
     </span>
     <span class='ocr_line' id='line_1_28' title="bbox 195 4226 1424 4322; baseline -0.001 -24"><span class='ocrx_word' id='word_1_223' title='bbox 195 4226 402 4298; x_wconf 76' lang='grc' dir='ltr'><strong><em>Ἀθανασίου</em></strong></span> <span class='ocrx_word' id='word_1_224' title='bbox 419 4232 452 4298; x_wconf 72' lang='grc' dir='ltr'><em>όν</em></span> <span class='ocrx_word' id='word_1_225' title='bbox 467 4255 537 4299; x_wconf 89' lang='grc' dir='ltr'><strong><em>τισι</em></strong></span> <span class='ocrx_word' id='word_1_226' title='bbox 550 4236 616 4300; x_wconf 83' lang='grc' dir='ltr'><strong><em>τῶν</em></strong></span> <span class='ocrx_word' id='word_1_227' title='bbox 639 4228 850 4321; x_wconf 76' lang='grc' dir='ltr'><em>ἀντιγράφων</em></span> <span class='ocrx_word' id='word_1_228' title='bbox 862 4237 1016 4319; x_wconf 80' lang='grc' dir='ltr'><strong><em>τέταρτος</em></strong></span> <span class='ocrx_word' id='word_1_229' title='bbox 1033 4238 1178 4322; x_wconf 77' lang='grc' dir='ltr'><strong><em>φέρεται.</em></strong></span> <span class='ocrx_word' id='word_1_230' title='bbox 1201 4229 1258 4299; x_wconf 82' lang='grc' dir='ltr'><em>καὶ</em></span> <span class='ocrx_word' id='word_1_231' title='bbox 1278 4234 1424 4318; x_wconf 81' lang='grc' dir='ltr'><strong><em>Σεβῆρος</em></strong></span> 
     </span>
     <span class='ocr_line' id='line_1_29' title="bbox 198 4325 1421 4422; baseline -0.002 -23"><span class='ocrx_word' id='word_1_232' title='bbox 198 4333 235 4399; x_wconf 78' lang='grc' dir='ltr'><em>δὲ</em></span> <span class='ocrx_word' id='word_1_233' title='bbox 258 4325 275 4398; x_wconf 86' lang='grc' dir='ltr'><strong><em>ό</em></strong></span> <span class='ocrx_word' id='word_1_234' title='bbox 298 4331 453 4420; x_wconf 82' lang='grc' dir='ltr'><strong><em>όοςσεβὴς</em></strong></span> <span class='ocrx_word' id='word_1_235' title='bbox 474 4331 508 4400; x_wconf 77' lang='grc' dir='ltr'><em>ἒν</em></span> <span class='ocrx_word' id='word_1_236' title='bbox 529 4336 577 4421; x_wconf 78' lang='grc' dir='ltr'><strong><em>τῷ</em></strong></span> <span class='ocrx_word' id='word_1_237' title='bbox 606 4333 743 4419; x_wconf 77' lang='grc' dir='ltr'><strong><em>εἰκοστῷ</em></strong></span> <span class='ocrx_word' id='word_1_238' title='bbox 764 4337 865 4420; x_wconf 85' lang='grc' dir='ltr'><strong><em>τρίτῳ</em></strong></span> <span class='ocrx_word' id='word_1_239' title='bbox 893 4332 1063 4422; x_wconf 81' lang='grc' dir='ltr'><strong><em>κεφαλαίῳ</em></strong></span> <span class='ocrx_word' id='word_1_240' title='bbox 1092 4337 1151 4400; x_wconf 80' lang='grc' dir='ltr'><strong><em>τοῦ</em></strong></span> <span class='ocrx_word' id='word_1_241' title='bbox 1180 4338 1293 4420; x_wconf 81' lang='grc' dir='ltr'><strong><em>τρίτου</em></strong></span> <span class='ocrx_word' id='word_1_242' title='bbox 1322 4329 1421 4416; x_wconf 78' lang='grc' dir='ltr'><strong><em>λόγου</em></strong></span> 
     </span>
     <span class='ocr_line' id='line_1_30' title="bbox 197 4427 1423 4520; baseline 0 -22"><span class='ocrx_word' id='word_1_243' title='bbox 197 4435 264 4500; x_wconf 78' lang='grc' dir='ltr'><strong><em>τῶν</em></strong></span> <span class='ocrx_word' id='word_1_244' title='bbox 291 4433 374 4502; x_wconf 87' lang='grc' dir='ltr'><strong><em>κατὰ</em></strong></span> <span class='ocrx_word' id='word_1_245' title='bbox 394 4437 454 4502; x_wconf 82' lang='grc' dir='ltr'><strong><em>τοῦ</em></strong></span> <span class='ocrx_word' id='word_1_246' title='bbox 474 4439 638 4520; x_wconf 78' lang='grc' dir='ltr'><strong><em>μακαρίου</em></strong></span> <span class='ocrx_word' id='word_1_247' title='bbox 656 4427 806 4502; x_wconf 80' lang='grc' dir='ltr'><strong><em>Ἰωάννου</em></strong></span> <span class='ocrx_word' id='word_1_248' title='bbox 828 4437 887 4501; x_wconf 82' lang='grc' dir='ltr'><strong><em>τοῦ</em></strong></span> <span class='ocrx_word' id='word_1_249' title='bbox 911 4432 1098 4502; x_wconf 72' lang='grc' dir='ltr'><strong><em>ἐπισκόπου</em></strong></span> <span class='ocrx_word' id='word_1_250' title='bbox 1119 4438 1324 4520; x_wconf 83' lang='grc' dir='ltr'><strong><em>Καισαρείας</em></strong></span> <span class='ocrx_word' id='word_1_251' title='bbox 1345 4436 1423 4499; x_wconf 88' lang='grc' dir='ltr'><em>Πα·</em></span> 
     </span>
    </p>
   </div>
   <div class='ocr_carea' id='block_1_5' title="bbox 0 0 1592 5058">
    <p class='ocr_par' dir='ltr' id='par_1_15' title="bbox 0 0 1592 5058">
     <span class='ocr_line' id='line_1_31' title="bbox 0 0 1592 5058; baseline 0 2"><span class='ocrx_word' id='word_1_252' title='bbox 0 0 1592 5058; x_wconf 95' lang='lat' dir='ltr'><em> </em></span> 
     </span>
    </p>
   </div>
  </div>
 </body>
</html>
