3220 5046
583 289 693 334 orario
707 289 729 334 r.
743 289 862 336 utitem
874 289 1012 336 ιιιιιιιαι.
1128 307 1135 316 ·
1340 283 1400 348 tes

174 445 228 508 sed
249 452 370 508 aeterna
391 449 481 521 atque
502 458 562 502 una
583 449 629 502 est
648 441 680 526 in
702 439 848 504 Trinitate
869 441 1017 516 divinitas,
1046 457 1106 504 una
1126 442 1240 523 pariter
1261 453 1309 508 est
1330 465 1490 514 san-rma.

173 555 237 610 ctae
258 535 414 610 Trinitatis
438 541 546 622 gloria:
575 560 629 602 vos
657 551 756 606 umen
785 559 851 606 eam
878 543 910 604 in
937 543 1069 620 dvorsus
1097 553 1220 610 naturas
1248 547 1404 612 diffindere

172 649 300 720 audetis,
323 663 450 725 eumque
464 644 581 704 Patrem
596 650 748 706 aeternum
765 663 833 706 esse
855 645 1035 720 concedatis,
1056 646 1115 726 ipsi
1137 647 1175 710 de
1190 648 1299 725 Verbo,
1322 651 1405 731 quod

172 749 215 812 iili
238 748 359 820 assidet,
383 745 496 808 dicitis:
517 745 585 806 Fuit
607 744 764 823 aliquando
788 763 854 806 erun
875 764 937 808 uon
959 756 1049 820 esset,
1070 747 1327 831 Filiumquei'atri
1348 772 1402 816 as-

174 850 324 912 sidentem
353 831 389 908 aii
417 847 523 910 eodem
552 863 707 926 removere
734 863 796 907 nou
823 845 978 908 dubitatis!
1023 849 1154 912 erecti
1175 861 1224 914 est
1251 862 1282 915 et
1303 855 1402 936 opifex

176 949 326 1022 Trinitasa
347 947 427 1010 baad
449 956 547 1010 umen
569 945 779 1019 reformidatis,
803 965 867 1008 eam
888 947 966 1008 inter
985 965 1036 1010 res
1058 968 1075 1010 e
1096 949 1188 1014 nihilo
1209 955 1302 1020 iactas
1323 955 1401 1020 deii·

176 1069 255 1124 cere,
277 1068 332 1112 nec
351 1051 496 1112 veremini
518 1067 621 1112 servos
637 1050 835 1128 paresiaoere
850 1047 1054 1110 nobilissimae
1066 1049 1211 1128 Trinitati,
1234 1073 1401 1122 summum.
1448 1047 1453 1056 “

176 1169 234 1229 que
259 1153 362 1231 'regem
389 1150 547 1214 Domiucun
570 1149 700 1212 Sabaoth
729 1149 808 1212 inter
835 1149 972 1214 subditos
1000 1148 1162 1214 collocaret
1204 1153 1334 1220 Desinite
1354 1177 1401 1236 ee,

174 1271 250 1332 prce
273 1253 459 1314 commisceri
481 1271 541 1314 uon
565 1260 691 1332 queunt,
721 1251 781 1314 imo
801 1269 855 1326 ea,
883 1269 960 1331 quae
982 1271 1043 1316 non
1065 1239 1152 1326 sunt,
1181 1271 1250 1316 mim
1275 1255 1325 1316 illo
1352 1259 1402 1336 qui

175 1363 230 1429 est,
254 1355 343 1416 simui
363 1352 560 1432 permiscere!
606 1353 665 1426 Qui
687 1353 744 1414 iste
765 1356 940 1433 proterunt,
963 1371 1024 1416 non
1046 1353 1139 1433 gioria
1162 1355 1329 1418 ethonore
1349 1357 1404 1418 sed

173 1455 335 1536 ignominia
358 1465 388 1517 et
410 1456 586 1524 contumelia
608 1453 766 1520 Dominum
788 1455 930 1518 afficiunt.
973 1453 1047 1517 Nam
1070 1455 1122 1535 qui
1140 1455 1219 1518 Filio
1242 1455 1333 1518 insert
1352 1457 1403 1518 in·

173 1557 297 1632 iuriam,
318 1557 410 1618 interi
432 1565 462 1616 ct
483 1557 574 1618 Patri.
619 1556 651 1619 Si
674 1556 753 1618 enirn
775 1573 854 1618 nunc
874 1556 1005 1636 perfecta
1027 1563 1073 1618 ost
1094 1556 1126 1618 in
1147 1556 1292 1620 Trinitate
1314 1559 1403 1620 theo·

172 1659 261 1742 logia,
283 1659 407 1738 eiusque
428 1657 539 1736 agnitio
561 1677 630 1720 vera
651 1658 768 1722 etsole
790 1666 837 1720 est
857 1657 974 1737 religio,
997 1666 1085 1738 atque
1106 1658 1164 1721 hoc
1184 1655 1250 1732 eat,
1272 1660 1352 1738 quod
1373 1667 1405 1723 et

172 1770 286 1824 rectum
309 1769 339 1822 et
359 1759 426 1839 ipsa
447 1759 556 1821 veritas
579 1767 642 1834 esta
663 1760 694 1822 id
715 1767 795 1822 certe
817 1777 937 1839 semper
957 1758 999 1820 ita
1021 1759 1116 1822 tuisse
1138 1759 1281 1839 oportuit,
1303 1777 1343 1822 ne
1360 1761 1402 1834 id,

97 1911 102 1922 .
174 1861 253 1942 quod
275 1869 390 1924 rectum
411 1869 441 1921 et
461 1861 569 1922 veritas
592 1870 649 1934 est,
672 1859 742 1939 quid
764 1859 956 1950 adventitium
979 1879 1049 1923 esse
1063 1859 1295 1940 auttheologiae
1314 1879 1400 1924 com-

172 1963 355 2042 piamentum
377 1980 413 2024 ex
434 1961 607 2024 accessione
627 1959 780 2024 constituti
802 1969 933 2041 putettu.
974 1961 1011 2024 ta
1031 1961 1150 2042 inquam
1182 1979 1312 2024 necesse
1331 1981 1399 2049 om-

172 2065 244 2126 nino
267 2065 323 2126 suit
344 2083 414 2126 esse
435 2063 472 2126 ab
493 2064 685 2136 aeternitate3
713 2081 780 2124 nam
803 2061 830 2122 si
851 2061 888 2124 ab
911 2061 1084 2126 aeternitate
1105 2081 1168 2124 non
1189 2063 1315 2138 suisset,
1343 2083 1400 2126 nec

172 2181 252 2228 nunc
275 2166 352 2228 haec
379 2165 444 2244 ipsa
476 2163 623 2244 theologia
651 2163 713 2243 site
742 2163 901 2226 divinitatio
931 2163 1013 2225 notio
1044 2163 1110 2226 tatis
1138 2181 1208 2226 esse
1236 2171 1399 2244 oporteret,

174 2268 228 2329 sed
255 2267 372 2346 quatem
399 2266 436 2328 ab
464 2265 549 2328 initio
577 2265 673 2328 tuisse
700 2264 828 2344 tingitis,
861 2272 895 2326 ut
921 2283 1017 2344 neque
1044 2283 1125 2328 nunc
1152 2273 1233 2327 esset
1259 2265 1398 2328 Trinitas.
1409 2281 1486 2330 ιιιιι.

173 2367 284 2428 Verum
304 2385 394 2426 nemo
417 2365 601 2428 Christianus
630 2374 690 2428 tam
716 2361 884 2446 petulantes
913 2365 1070 2444 pertuterit
1095 2364 1271 2428 haereticos.
1321 2365 1403 2428 Haec

177 2466 257 2528 enim
284 2463 443 2526 Gentilium
469 2467 592 2546 proprie
619 2477 706 2542 sunt,
734 2477 767 2530 ut
793 2469 898 2530 domm
920 2466 1061 2530 inducant
1082 2465 1256 2528 Trinitatem
1278 2485 1403 2548 eamque

177 2584 244 2628 cum
266 2564 357 2628 rebus
379 2565 464 2628 sactis
484 2567 671 2648 coniungant.
715 2568 867 2648 Siquidem
895 2587 996 2630 rerum
1012 2569 1160 2656 ‚tactuum
1189 2573 1236 2628 est
1256 2567 1401 2630 detectio·

174 2685 230 2728 nes
254 2674 285 2728 et
305 2667 493 2730 accessiones
517 2671 677 2750 suscipere.
720 2673 758 2732 Aa
780 2670 1016 2732 Christianorum
1038 2669 1112 2730 fides
1134 2665 1346 2730 immutabilem
1368 2685 1403 2732 ae

174 2769 336 2848 perfectam
351 2767 457 2848 suique
472 2787 591 2849 semper
611 2771 740 2834 similem
757 2771 873 2834 besum
888 2770 1022 2850 agnoscit
1037 2769 1224 2843 Trinitatem,
1246 2787 1301 2832 uec
1315 2768 1400 2848 quic·

176 2887 263 2947 quam
292 2869 418 2948 amplius
446 2869 583 2932 Trinitati
611 2870 708 2945 addit,
741 2891 837 2950 oeque
864 2890 928 2934 cam
957 2889 1086 2950 unquam
1117 2870 1261 2932 defecisse
1282 2869 1400 2949 cogitat.

175 2967 251 3032 Nam
274 2975 430 3049 utrumque
452 2970 531 3034 dictu
552 2972 676 3052 impium
698 2980 754 3036 est.
798 2972 874 3034 iiiuc
896 2989 961 3034 eam
988 2991 1050 3034 nou
1082 2971 1201 3051 ignorat
1222 2989 1289 3034 cam
1308 2969 1400 3034 rebus

175 3070 260 3133 iactis
282 3089 467 3151 nequaquam
488 3091 559 3136 esse
580 3073 770 3153 permixtam,
800 3071 1038 3152 individuamque
1059 3073 1124 3135 eius
1147 3071 1308 3134 divinitatis
1331 3069 1401 3132 uni·

175 3179 267 3234 tatem
287 3181 318 3234 et
338 3181 436 3236 serrat
457 3181 486 3236 et
507 3175 631 3250 adorat,
653 3173 691 3237 ab
710 3175 888 3236 Arianorum
910 3173 1051 3238 abhorret
1071 3173 1283 3254 impietatibus,
1305 3171 1401 3234 conii·

175 3279 312 3353 teturque
335 3281 365 3336 et
385 3275 467 3338 novit
489 3293 609 3358 semper
629 3277 726 3338 tuisse
746 3275 863 3338 Filium.
906 3275 1053 3338 tedanus
1080 3276 1160 3338 enim
1182 3284 1229 3338 est
1248 3283 1282 3336 ut
1302 3274 1400 3350 Pater,

175 3371 259 3436 cuius
282 3385 328 3436 est
349 3376 477 3439 Verbum
498 3387 662 3440 aeternum,
706 3378 740 3440 ld
761 3377 840 3440 enim
860 3379 969 3442 iterum
989 3375 1079 3440 libeat
1101 3377 1259 3457 dispicere.

263 3479 312 3541 19.
358 3477 390 3538 Si
413 3478 576 3568 supientiae
598 3489 628 3541 ει
648 3481 727 3543 vitae
747 3481 816 3542 tons
839 3488 885 3542 est
905 3487 936 3542 et
957 3479 1065 3542 dicitur
1085 3478 1182 3552 lieus,
1211 3475 1254 3540 uti
1276 3495 1331 3557 per
1350 3478 1400 3540 ie-

175 3577 300 3640 remie'm
321 3577 377 3642 ait:
400 3579 447 3642 Me
468 3581 696 3663 dereliquerunt
716 3583 834 3662 [oomni
853 3599 950 3663 opace
970 3586 1072 3654 otooe,
1095 3588 1126 3642 et
1145 3597 1269 3642 rursus:
1303 3578 1402 3642 Tiro-

176 3696 235 3742 oate
256 3679 373 3760 pieriae
395 3680 541 3756 meeieua,
564 3683 766 3764 sanctificatio
788 3693 908 3758 oestro,
932 3686 1101 3764 expectatio
1123 3680 1241 3754 Isrodi,
1264 3679 1400 3754 ecee«,

212 3845 233 3881 e.
251 3831 323 3881 Forte
342 3831 512 3884 σενιστᾱται.
814 3835 888 3884 editio
903 3835 1020 3887 Comeret.
1039 3831 1133 3884 πλεῖον
1150 3832 1190 3900 τῇ.
1229 3833 1288 3884 ibid.
1299 3833 1400 3896 Segcer.

210 3899 227 3948 1.
246 3899 287 3948 Sic
304 3899 376 3950 Basti.
395 3903 486 3962 tngtic.
504 3903 561 3963 neg.
581 3903 684 3954 Fotetm.
696 3903 719 3952 2.
739 3911 763 3954 et
813 3891 876 3952 οὔτε
899 3893 975 3960 ἐνδεῆ
999 3915 1066 3951 ποτε
1088 3893 1197 3961 ταύτην.
1235 3901 1297 3951 Editi
1316 3901 1398 3953 statii

177 3965 201 4016 5.
236 3967 266 4016 1ι
278 3966 377 4047 Segeer.
388 3974 412 4018 et
422 3969 526 4018 Fetcim.
536 3971 557 4019 t.
569 3963 616 4018 otc
627 3961 761 4034 ἀνέχοιτο.
813 3959 877 4019 οὐδὲ
894 3961 971 4029 ἐνδεῆ
989 3965 1099 4029 ταύτην.

178 4033 277 4084 Gobler.
296 4047 346 4083 ove
363 4025 515 4103 ἅνέσχοιτε.
552 4037 604 4087 iton
623 4035 761 4087 Fetctm.2.
846 4039 862 4087 t.
882 4038 937 4098 aeg.
957 4045 981 4088 et
998 4038 1103 4088 Feteim.
1124 4037 1148 4086 5.
1172 4035 1230 4086 retr
1246 4034 1397 4102 γεννητῶν.

178 4108 202 4150 ει
220 4102 292 4152 editio
311 4103 429 4155 Commet.
443 4095 576 4162 Ἑλλήνων
591 4096 648 4172 γὰρ
665 4103 761 4156 ταῦτα.
846 4105 868 4154 i.
888 4105 928 4156 Sic
946 4106 1002 4166 fleg.
1027 4113 1050 4155 et
1068 4107 1169 4166 Seguer.
1209 4105 1236 4156 in
1264 4107 1334 4156 editis
1363 4091 1401 4157 cic

176 4168 496 4233 intemperiarum.
514 4165 628 4238 γενετὴν
644 4164 761 4237 eiceret»
812 4172 888 4222 deest.
923 4171 977 4222 idox
999 4173 1098 4235 Seguer.
1116 4166 1163 4222 seri
1178 4164 1235 4250 yde
1251 4165 1299 4220 arai
1314 4168 1398 4219 τεῦτι

177 4243 202 4286 ει
220 4251 274 4287 mox
291 4239 434 4303 γεννητοῖς
451 4247 474 4290 ει
490 4237 638 4305 γεννητῶν.
811 4233 901 4289 πάλιν.
936 4240 998 4292 Editi
1009 4249 1033 4291 et
1044 4241 1084 4292 atii
1094 4234 1140 4288 xci
1155 4253 1210 4305 γαρ
1227 4232 1275 4288 acri
1289 4231 1322 4290 tr
1336 4229 1400 4285 ree·

211 4317 233 4368 g.
251 4305 293 4356 Sic
310 4308 410 4370 Segusr.
429 4307 485 4370 tteg.
504 4309 577 4358 desit.
597 4316 620 4358 et
637 4308 761 4371 dngiiean.
811 4319 852 4372 τῳ
869 4301 958 4356 πάλιν.
997 4298 1400 4371 Ιὴίᾶ.1ιιεΙιειιι.ἡπηγὴτῆι

176 4371 205 4421 At
222 4373 296 4424 editio
314 4375 432 4425 Commei.
446 4374 613 4444 χριστιανεῦ
630 4368 668 4424 δέ.
813 4375 924 4442 σοφίας.

210 4441 236 4490 h.
254 4441 295 4492 ste
312 4443 411 4504 Segoer.
431 4444 528 4495 Gobter.
548 4453 572 4494 ει
588 4443 718 4493 Feteirnao
738 4442 761 4492 1.
845 4439 864 4492 t.
883 4443 924 4494 Sic
940 4445 1040 4506 Segoer.
1059 4450 1083 4493 et
1099 4442 1185 4492 ierem.
1206 4440 1247 4500 tr,
1266 4437 1298 4489 12
1335 4437 1399 4488 natet

177 4505 234 4571 aea.
258 4523 314 4562 aero
338 4503 433 4560 πλεῖόν
448 4523 477 4561 τι
494 4507 535 4578 τῇ.
572 4509 678 4562 Fetdn.
696 4509 720 4562 2
739 4517 764 4560 et
812 4523 869 4562 rere
888 4519 912 4562 et
929 4510 970 4561 atii
987 4501 1152 4576 accepere,
1172 4499 1298 4572 ἇνὸασμα
1311 4497 1399 4570 Mt·
