3174 5082
156 282 161 294 ¹
259 304 300 366 tu
594 347 602 354 .
770 317 941 362 emersere.

259 421 400 548 temporis
422 466 594 530 Christianis
617 467 789 546 praesertim
810 467 842 528 in
856 468 985 554 Aegypto
1008 468 1103 547 magni
1126 453 1362 541 aestimabantur,
1384 467 1464 530 sicut

257 580 285 633 ct
306 569 451 649 Origenes
483 569 548 648 ipse
582 576 650 630 tunc
682 568 757 648 apud
785 569 945 651 plerosque
972 571 1082 650 optima
1112 580 1140 632 et
1167 569 1356 632 meritissima
1384 570 1463 631 lama

149 725 154 732 .
256 672 452 748 fruebatur*).
496 669 675 732 Confirmant
697 669 724 731 id
746 669 859 742 laudes,
882 670 987 749 quibus
1010 671 1045 732 ab
1061 671 1219 734 hmanasio
1241 670 1278 732 de
1300 669 1379 732 decr.
1396 688 1462 749 syn.

179 847 184 858 ι
257 773 320 836 Nic.
343 793 368 835 c.
383 776 435 836 Ἠ.
461 777 490 834 et
513 771 565 852 hp.
589 768 625 831 ad
647 769 810 850 Serap.·lV.
833 789 858 832 c.
877 773 908 836 9.
930 772 1131 850 praedicatur,
1159 781 1189 836 et
1216 771 1403 852 reperiuntur
1429 771 1461 834 in

256 874 341 936 libris
363 872 511 936 Athanasii
544 871 620 934 haud
652 889 757 951 praeca,
790 889 826 933 ex
857 871 964 950 quibus
993 882 1142 936 auctorem
1166 874 1293 953 Origene
1321 873 1463 952 magistro

257 995 343 1040 usum
371 993 439 1038 esse
466 993 521 1036 nec
548 973 654 1054 scripta
677 971 885 1052 discipulorum
909 961 1056 1048 eiusdem,
1084 975 1162 1038 reiut
1183 973 1314 1054 Dionysii
1335 974 1463 1038 atexan-
1572 1014 1576 1027 .

257 1077 334 1141 drini
355 1085 386 1139 et
399 1073 590 1155 theognosti,
613 1072 799 1154 improbasse
821 1074 1016 1153 cognoscitur.
1046 1077 1146 1155 deque
1168 1083 1279 1138 certum
1301 1083 1357 1148 est,
1381 1076 1462 1138 illum

255 1178 439 1260 philosophia
462 1176 609 1262 Platonica
631 1175 820 1260 Alexandriae
843 1177 968 1255 rigente,
992 1176 1039 1238 cui
1061 1177 1204 1256 Origenes
1226 1175 1382 1258 plurimum
1405 1177 1460 1238 tri-

255 1281 374 1354 buerat,
406 1277 549 1344 imbutum
583 1276 674 1338 luisse
705 1286 734 1338 et
763 1275 879 1356 quidem
909 1295 943 1338 ex
971 1277 1090 1357 puriore
1113 1277 1237 1340 formula
1258 1280 1386 1340 tortasse
1408 1296 1463 1356 per

255 1383 351 1446 studia
366 1381 473 1443 Plotini
495 1387 641 1450 resecata,
664 1377 746 1440 cuius
769 1378 889 1457 vestigia
911 1378 999 1441 etiam
1022 1378 1053 1442 iu
1067 1378 1166 1440 Basilii
1189 1379 1370 1459 aliorumque
1393 1399 1461 1440 sae-

255 1484 311 1546 culi
333 1483 428 1564 quarti
450 1482 606 1543 doctorum
629 1479 747 1560 scriptis
770 1480 1038 1559 deprehenduntur.
1056 1480 1100 1544 'Si
1122 1481 1188 1560 quis
1211 1481 1307 1542 animo
1330 1481 1365 1542 ad
1388 1482 1462 1544 lranc

254 1604 317 1647 rem
345 1567 627 1645 attentosshthanasii
653 1581 744 1642 lihros
772 1591 939 1660 percurrat,
968 1582 994 1644 is
1017 1582 1106 1644 multa
1128 1582 1200 1644 satis
1224 1582 1353 1643 offendet
1374 1601 1460 1661 prae·

256 1686 359 1748 sertim
382 1684 412 1745 in
434 1682 549 1744 dnobus
571 1682 777 1762 apologeticis,
806 1701 880 1762 quae
902 1693 1002 1764 aperte
1027 1683 1223 1765 eloquentiam
1246 1691 1277 1744 et
1298 1683 1454 1746 docuinam

255 1785 431 1850 Platonicam
453 1785 578 1864 sapiunt.

339 2089 417 2151 llaec
443 2089 585 2151 hactenus
611 2089 739 2151 loannes
763 2087 897 2150 Qunam
920 2089 1031 2164 Turno,
1060 2105 1149 2169 quum
1178 2097 1245 2150 ante
1274 2089 1351 2152 diem
1374 2090 1459 2152 xvtt.

255 2192 368 2254 mensis
397 2192 465 2254 maii
494 2192 523 2252 h.
552 2210 577 2252 a.
601 2209 709 2253 annum
737 2207 826 2269 agens
855 2190 1148 2270 undesexagesimum
1178 2192 1256 2262 suis,
1285 2191 1459 2264 academiae,

254 2293 305 2356 eui
329 2303 409 2356 tunm
439 2301 612 2356 ornamento
636 2293 698 2365 luit,
721 2301 806 2370 atque
829 2291 993 2370 theologiae
1016 2294 1189 2372 eriperetur.
1233 2292 1320 2354 llulta
1342 2303 1460 2371 praeter

253 2396 325 2458 haee
346 2395 553 2475 disputaturus
570 2395 640 2465 luit,
668 2393 734 2472 plus
757 2392 835 2454 enirn
858 2395 949 2455 semel
970 2394 1007 2454 de
1028 2393 1186 2456 Athanasio
1209 2403 1239 2454 et
1260 2393 1324 2456 eius
1347 2394 1460 2456 ductri-
1510 2395 1514 2400 “

253 2515 289 2557 na
312 2496 512 2576 librorumque
533 2496 590 2556 boc
610 2492 756 2554 volumine
778 2493 969 2571 repetiturum
993 2501 1094 2558 natura
1117 2505 1148 2556 et
1167 2501 1317 2556 momento
1339 2494 1460 2558 uberius

253 2597 448 2676 subtiliusque
481 2595 645 2674 expositum
677 2593 712 2654 irr'
746 2593 816 2654 mihi
847 2593 1037 2672 significarim
1068 2604 1098 2660 at
1123 2596 1200 2675 proh
1228 2595 1314 2656 dolor
1340 2602 1457 2673 praeter

254 2697 443 2758 brevissimas
473 2695 611 2776 quasdam
641 2693 755 2756 notulas
784 2695 906 2772 fugitivo
929 2695 1039 2756 calamo
1061 2697 1090 2757 in
1114 2697 1272 2759 memoriae
1293 2694 1453 2756 sebsidium

253 2805 383 2859 exaratos
400 2797 460 2858 ¹sel
492 2797 591 2874 potius
613 2793 758 2876 proiectas
781 2794 972 2875 locorumque
994 2796 1103 2876 aliquot
1124 2800 1285 2864 accuratius
1307 2793 1451 2875 explican-

254 2899 358 2961 dorum
381 2898 597 2960 adnotationem
618 2895 691 2960 nihil
712 2895 742 2958 in
765 2895 829 2960 eius
851 2897 967 2960 schedis
989 2898 1137 2962 inventurn
1160 2907 1214 2972 est,
1237 2898 1316 2979 quod
1335 2895 1370 2958 ad
1384 2897 1455 2958 illud

253 3001 404 3065 exordium
432 2999 600 3081 pertineret.
643 2999 675 3061 ld
703 3000 781 3080 quod
804 3017 838 3061 eo
860 2999 952 3080 magis
976 3000 1150 3073 dolendum,
1180 3019 1237 3080 qno
1259 3001 1398 3062 maiorem
1420 2997 1457 3060 de
1578 3027 1579 3030 ¹

251 3105 306 3167 hac
336 3103 518 3184 praelatione
546 3101 793 3183 exspectationem
821 3104 921 3164 lovere
947 3103 1037 3166 licuit
1082 3103 1148 3166 Fuit
1176 3103 1254 3164 enim
1282 3102 1355 3163 haec
1382 3099 1458 3162 heati

251 3206 304 3266 riri
332 3207 459 3270 eruditio
488 3216 518 3268 et
545 3206 701 3284 singularis
730 3205 881 3266 doctrinae
902 3205 1096 3280 praestantia,
1125 3210 1158 3262 ut
1178 3201 1209 3261 in
1230 3203 1288 3264 hoc
1308 3202 1455 3264 literarum

252 3324 358 3386 genere
385 3317 415 3368 et
442 3307 584 3366 habitaret
610 3315 640 3366 et
660 3311 811 3382 regnaret,
842 3319 936 3379 neque
958 3301 1040 3363 facile
1061 3305 1138 3362 inter
1160 3309 1277 3362 nosuae
1299 3302 1454 3368 memoriae

251 3406 406 3482 theologos
428 3403 575 3464 inveneris
597 3420 684 3481 quem
706 3401 840 3462 Patribus
863 3400 1079 3462 familiariorem
1102 3399 1320 3487 historicaeque¹
1339 3406 1453 3468 theolo-

252 3504 316 3582 giae
347 3503 519 3584 peritiorem
546 3501 635 3564 dicas.
679 3501 715 3564 llt
743 3502 800 3562 hoc
826 3501 942 3580 quidem
970 3519 1030 3562 non
1058 3519 1093 3562 eo
1121 3519 1206 3564 arne
1227 3502 1325 3568 animo
1348 3506 1454 3569 dicturo

254 3613 316 3676 est,
338 3612 372 3666 ut
393 3602 560 3682 theologum
582 3602 696 3666 laudem
718 3615 791 3665 mea'
804 3610 883 3664 certe
903 3601 992 3664 laude·
1010 3603 1098 3681 longe
1119 3605 1320 3684 superiorem,
1350 3608 1403 3668 sed
1425 3618 1464 3690 ut*

252 3715 390 3786 appareat
411 3712 549 3784 quantum
573 3703 608 3766 ab
630 3703 678 3766 his
699 3703 917 3785 prolegomenis
941 3705 1117 3785 sperandum
1139 3708 1243 3782 luerit,
1273 3726 1363 3788 quum
1386 3707 1457 3770 hirec

251 3807 430 3870 Bibliotheca
458 3806 543 3868 heato
573 3805 684 3869 auctori
712 3813 866 3885 tantopere
887 3806 969 3868 cordi
992 3816 1088 3881 esset,
1110 3817 1143 3872 ut
1164 3829 1244 3882 eam,
1267 3810 1303 3872 de
1325 3828 1380 3889 qua
1403 3827 1478 3889 pers

319 4025 344 4088 *l
363 4028 483 4080 Credibile
501 4043 548 4078 non
567 4035 603 4077 est
620 4041 632 4075 a
651 4025 719 4076 l'etro
733 4025 890 4076 Alexandrino
908 4028 1022 4092 episeopo
1041 4029 1076 4079 sie
1094 4029 1123 4078 de
1133 4029 1234 4091 Origene
1253 4031 1456 4086 indicatumesse‚

253 4113 452 4177 quemadmodum
478 4115 501 4162 in
520 4129 557 4177 ep.
578 4112 699 4162 lastiniani
718 4113 746 4161 ad
765 4110 872 4160 hennam
892 4111 1002 4172 (Concill.
1022 4113 1059 4164 ed.
1078 4113 1151 4164 hacsi
1170 4115 1234 4164 Tem.
1250 4116 1287 4164 lll.
1306 4132 1328 4178 p.
1340 4113 1409 4173 aut.)
1428 4129 1455 4164 ex

252 4197 314 4256 dctis
333 4197 394 4248 Petri
408 4198 472 4246 Alex.
491 4197 552 4254 ute,
570 4205 595 4246 ut
612 4198 718 4256 ridetur,
743 4196 803 4244 haud
823 4195 899 4257 dignis
917 4199 1027 4247 retertur.
1063 4199 1132 4248 Ccnl.
1151 4198 1318 4249 tillemontius
1335 4199 1454 4250 llemcirca

252 4283 319 4332 Tem.
332 4283 372 4331 lll.
392 4298 414 4345 p.
427 4281 523 4345 bSSsq.
560 4282 647 4331 Contra
666 4280 799 4331 verosimile
818 4288 861 4340 est,
879 4279 1049 4342 alexandrum,
1069 4283 1131 4332 Petri
1150 4294 1204 4346 post
1222 4285 1337 4333 schillam
1356 4297 1457 4332 sereres-

251 4381 345 4426 sorem,
364 4366 403 4430 qui
421 4365 573 4415 htlranasiurn
593 4367 615 4414 in
635 4362 728 4414 diaconi
747 4365 854 4414 ordinem
872 4365 990 4429 promovit
1008 4375 1030 4415 et
1048 4367 1071 4416 in
1091 4367 1271 4416 contubernium
1290 4369 1386 4427 aseivit,
1404 4375 1456 4416 stn-

251 4451 297 4501 diis
320 4451 454 4513 theologiae
473 4451 629 4512 Origenianee
654 4449 752 4508 lauisse,
777 4465 848 4514 quarn
873 4449 924 4512 ipse
943 4448 965 4498 in
985 4449 1122 4515 explicanda
1142 4459 1164 4500 et
1181 4451 1328 4502 defendenda
1347 4453 1455 4502 doctriua

251 4535 281 4587 de
299 4543 395 4586 aeterna
412 4535 453 4584 lllli
472 4543 625 4599 generatione
643 4535 751 4597 Origenis
769 4536 864 4598 vestigia
882 4537 1005 4596 presserit.
