<?xml version="1.0" encoding="UTF-8"?>
<!DOCTYPE html PUBLIC "-//W3C//DTD XHTML 1.0 Transitional//EN"
    "http://www.w3.org/TR/xhtml1/DTD/xhtml1-transitional.dtd">
<html xmlns="http://www.w3.org/1999/xhtml" xml:lang="en" lang="en">
 <head>
  <title>
</title>
<meta http-equiv="Content-Type" content="text/html;charset=utf-8" />
  <meta name='ocr-system' content='tesseract 3.04.00' />
  <meta name='ocr-capabilities' content='ocr_page ocr_carea ocr_par ocr_line ocrx_word'/>
</head>
<body>
  <div class='ocr_page' id='page_1' title='image "./sanctiathanasii03athagoog_0950.png"; bbox 0 0 2872 5046; ppageno 0'>
   <div class='ocr_carea' id='block_1_1' title="bbox 236 927 992 1018">
    <p class='ocr_par' dir='ltr' id='par_1_1' title="bbox 236 927 992 1018">
     <span class='ocr_line' id='line_1_1' title="bbox 236 927 992 1018; baseline 0.021 -16"><span class='ocrx_word' id='word_1_1' title='bbox 236 927 464 1004; x_wconf 80' lang='lat' dir='ltr'>SANC&#39;l&#39;l</span> <span class='ocrx_word' id='word_1_2' title='bbox 498 933 725 1011; x_wconf 79' lang='lat' dir='ltr'>PATRIS</span> <span class='ocrx_word' id='word_1_3' title='bbox 759 937 992 1018; x_wconf 79' lang='lat' dir='ltr'>ttostttt</span> 
     </span>
    </p>
   </div>
   <div class='ocr_carea' id='block_1_2' title="bbox 26 1049 842 1260">
    <p class='ocr_par' dir='ltr' id='par_1_2' title="bbox 26 1049 842 1260">
     <span class='ocr_line' id='line_1_2' title="bbox 26 1049 842 1260; baseline 0.006 -50"><span class='ocrx_word' id='word_1_4' title='bbox 26 1145 45 1260; x_wconf 57' lang='lat' dir='ltr'>‚J</span> <span class='ocrx_word' id='word_1_5' title='bbox 329 1049 842 1215; x_wconf 74' lang='lat' dir='ltr'>&#39;lnnlnlsn</span> 
     </span>
    </p>
   </div>
   <div class='ocr_carea' id='block_1_3' title="bbox 260 1247 938 1312">
    <p class='ocr_par' dir='ltr' id='par_1_3' title="bbox 260 1247 938 1312">
     <span class='ocr_line' id='line_1_3' title="bbox 260 1247 938 1312; baseline 0.016 -11"><span class='ocrx_word' id='word_1_6' title='bbox 260 1247 615 1307; x_wconf 74' lang='lat' dir='ltr'>&#39;tnctttttrtscort</span> <span class='ocrx_word' id='word_1_7' title='bbox 633 1255 938 1312; x_wconf 74' lang='lat' dir='ltr'><strong>ALEXANDRIAR</strong></span> 
     </span>
    </p>
   </div>
   <div class='ocr_carea' id='block_1_4' title="bbox 25 1309 1066 1566">
    <p class='ocr_par' dir='ltr' id='par_1_4' title="bbox 25 1309 1066 1566">
     <span class='ocr_line' id='line_1_4' title="bbox 25 1309 1066 1445; baseline 0.018 -19"><span class='ocrx_word' id='word_1_8' title='bbox 25 1309 42 1358; x_wconf 35' lang='lat'>‘³</span> <span class='ocrx_word' id='word_1_9' title='bbox 159 1367 216 1429; x_wconf 86' lang='lat' dir='ltr'>nn</span> <span class='ocrx_word' id='word_1_10' title='bbox 243 1369 473 1436; x_wconf 72' lang='lat' dir='ltr'>sonentur</span> <span class='ocrx_word' id='word_1_11' title='bbox 501 1373 716 1440; x_wconf 79' lang='lat' dir='ltr'>lnvnnrn</span> <span class='ocrx_word' id='word_1_12' title='bbox 744 1377 853 1441; x_wconf 80' lang='lat' dir='ltr'>nese</span> <span class='ocrx_word' id='word_1_13' title='bbox 874 1361 1066 1445; x_wconf 82' lang='lat' dir='ltr'>ennt&#39;snt</span> 
     </span>
     <span class='ocr_line' id='line_1_5' title="bbox 273 1503 842 1566; baseline 0.016 -10"><span class='ocrx_word' id='word_1_14' title='bbox 273 1503 277 1512; x_wconf 63' lang='grc'>’</span> <span class='ocrx_word' id='word_1_15' title='bbox 381 1509 421 1558; x_wconf 78' lang='grc' dir='ltr'>ΕΤ</span> <span class='ocrx_word' id='word_1_16' title='bbox 438 1507 591 1562; x_wconf 73' lang='lat' dir='ltr'>ADVERSUS</span> <span class='ocrx_word' id='word_1_17' title='bbox 608 1511 842 1566; x_wconf 67' lang='lat' dir='ltr'>APOLUNARIUU.</span> 
     </span>
    </p>
   </div>
   <div class='ocr_carea' id='block_1_5' title="bbox 478 1813 734 1862">
    <p class='ocr_par' dir='ltr' id='par_1_5' title="bbox 478 1813 734 1862">
     <span class='ocr_line' id='line_1_6' title="bbox 478 1813 734 1862; baseline 0.012 -5"><span class='ocrx_word' id='word_1_18' title='bbox 478 1813 562 1859; x_wconf 73' lang='lat' dir='ltr'>imit</span> <span class='ocrx_word' id='word_1_19' title='bbox 579 1814 734 1862; x_wconf 76' lang='lat' dir='ltr'>SECUNDUS.</span> 
     </span>
    </p>
   </div>
   <div class='ocr_carea' id='block_1_6' title="bbox 12 1913 1308 2506">
    <p class='ocr_par' dir='ltr' id='par_1_6' title="bbox 12 1913 1308 2506">
     <span class='ocr_line' id='line_1_7' title="bbox 64 1913 1308 1988; baseline 0.013 -16"><span class='ocrx_word' id='word_1_20' title='bbox 64 1924 97 1982; x_wconf 82' lang='lat'>1.</span> <span class='ocrx_word' id='word_1_21' title='bbox 150 1915 210 1988; x_wconf 83' lang='lat' dir='ltr'>Qui</span> <span class='ocrx_word' id='word_1_22' title='bbox 232 1914 392 1976; x_wconf 87' lang='lat' dir='ltr'>Dominum</span> <span class='ocrx_word' id='word_1_23' title='bbox 425 1921 564 1976; x_wconf 86' lang='lat' dir='ltr'>nostrum</span> <span class='ocrx_word' id='word_1_24' title='bbox 586 1913 686 1978; x_wconf 87' lang='lat' dir='ltr'>lesum</span> <span class='ocrx_word' id='word_1_25' title='bbox 710 1915 862 1980; x_wconf 77' lang='lat' dir='ltr'><strong>Christum</strong></span> <span class='ocrx_word' id='word_1_26' title='bbox 885 1937 946 1981; x_wconf 91' lang='lat' dir='ltr'>non</span> <span class='ocrx_word' id='word_1_27' title='bbox 969 1938 1006 1982; x_wconf 86' lang='lat' dir='ltr'>ex</span> <span class='ocrx_word' id='word_1_28' title='bbox 1026 1920 1089 1983; x_wconf 89' lang='lat' dir='ltr'>lleo</span> <span class='ocrx_word' id='word_1_29' title='bbox 1112 1929 1143 1986; x_wconf 89' lang='lat' dir='ltr'>et</span> <span class='ocrx_word' id='word_1_30' title='bbox 1163 1923 1308 1988; x_wconf 70' lang='lat' dir='ltr'>tao-eme</span> 
     </span>
     <span class='ocr_line' id='line_1_8' title="bbox 26 2015 1221 2102; baseline 0.005 -20"><span class='ocrx_word' id='word_1_31' title='bbox 26 2041 54 2082; x_wconf 77' lang='lat' dir='ltr'>te</span> <span class='ocrx_word' id='word_1_32' title='bbox 80 2035 182 2080; x_wconf 91' lang='lat' dir='ltr'>unum</span> <span class='ocrx_word' id='word_1_33' title='bbox 205 2017 395 2087; x_wconf 84' lang='lat' dir='ltr'>eonlltentur,</span> <span class='ocrx_word' id='word_1_34' title='bbox 417 2023 452 2076; x_wconf 89' lang='lat' dir='ltr'>ut</span> <span class='ocrx_word' id='word_1_35' title='bbox 473 2015 616 2094; x_wconf 87' lang='lat' dir='ltr'>seriptum</span> <span class='ocrx_word' id='word_1_36' title='bbox 639 2026 688 2078; x_wconf 87' lang='lat' dir='ltr'>est</span> <span class='ocrx_word' id='word_1_37' title='bbox 708 2017 738 2078; x_wconf 90' lang='lat' dir='ltr'>in</span> <span class='ocrx_word' id='word_1_38' title='bbox 761 2017 935 2098; x_wconf 81' lang='lat' dir='ltr'>Evangelio:</span> <span class='ocrx_word' id='word_1_39' title='bbox 962 2021 1025 2094; x_wconf 78' lang='lat' dir='ltr'>Qut</span> <span class='ocrx_word' id='word_1_40' title='bbox 1040 2023 1104 2102; x_wconf 82' lang='lat' dir='ltr'>soit</span> <span class='ocrx_word' id='word_1_41' title='bbox 1118 2023 1221 2098; x_wconf 78' lang='lat' dir='ltr'>Adnue,</span> 
     </span>
     <span class='ocr_line' id='line_1_9' title="bbox 15 2115 1220 2204; baseline 0.003 -21"><span class='ocrx_word' id='word_1_42' title='bbox 15 2185 16 2190; x_wconf 63' lang='grc'>,</span> <span class='ocrx_word' id='word_1_43' title='bbox 43 2125 114 2204; x_wconf 81' lang='lat' dir='ltr'>suit</span> <span class='ocrx_word' id='word_1_44' title='bbox 140 2119 215 2190; x_wconf 67' lang='grc' dir='ltr'>θεὶς</span> <span class='ocrx_word' id='word_1_45' title='bbox 243 2117 358 2188; x_wconf 83' lang='lat' dir='ltr'>disant,</span> <span class='ocrx_word' id='word_1_46' title='bbox 387 2115 457 2193; x_wconf 90' lang='lat' dir='ltr'>quid</span> <span class='ocrx_word' id='word_1_47' title='bbox 481 2115 518 2176; x_wconf 89' lang='lat' dir='ltr'>de</span> <span class='ocrx_word' id='word_1_48' title='bbox 541 2133 594 2189; x_wconf 91' lang='lat' dir='ltr'>eo,</span> <span class='ocrx_word' id='word_1_49' title='bbox 624 2117 674 2196; x_wconf 88' lang='lat' dir='ltr'>qui</span> <span class='ocrx_word' id='word_1_50' title='bbox 697 2115 728 2178; x_wconf 90' lang='lat' dir='ltr'>in</span> <span class='ocrx_word' id='word_1_51' title='bbox 749 2119 845 2181; x_wconf 89' lang='lat' dir='ltr'>lorma</span> <span class='ocrx_word' id='word_1_52' title='bbox 866 2119 922 2181; x_wconf 85' lang='lat' dir='ltr'>[lei</span> <span class='ocrx_word' id='word_1_53' title='bbox 945 2130 1008 2183; x_wconf 89' lang='lat' dir='ltr'>erat</span> <span class='ocrx_word' id='word_1_54' title='bbox 1031 2131 1059 2184; x_wconf 91' lang='lat' dir='ltr'>et</span> <span class='ocrx_word' id='word_1_55' title='bbox 1082 2125 1133 2204; x_wconf 89' lang='lat' dir='ltr'>qui</span> <span class='ocrx_word' id='word_1_56' title='bbox 1155 2127 1220 2187; x_wconf 90' lang='lat' dir='ltr'>lor-</span> 
     </span>
     <span class='ocr_line' id='line_1_10' title="bbox 23 2215 1222 2296; baseline 0.003 -10"><span class='ocrx_word' id='word_1_57' title='bbox 23 2243 49 2286; x_wconf 87' lang='lat' dir='ltr'>n</span> <span class='ocrx_word' id='word_1_58' title='bbox 75 2219 165 2284; x_wconf 83' lang='lat' dir='ltr'>servi</span> <span class='ocrx_word' id='word_1_59' title='bbox 188 2216 315 2295; x_wconf 83' lang='lat' dir='ltr'>aceepit,</span> <span class='ocrx_word' id='word_1_60' title='bbox 346 2215 532 2288; x_wconf 69' lang='lat' dir='ltr'>existiment,</span> <span class='ocrx_word' id='word_1_61' title='bbox 561 2224 612 2279; x_wconf 88' lang='lat' dir='ltr'>aut</span> <span class='ocrx_word' id='word_1_62' title='bbox 640 2218 792 2296; x_wconf 91' lang='lat' dir='ltr'>quomodo</span> <span class='ocrx_word' id='word_1_63' title='bbox 814 2219 902 2282; x_wconf 90' lang='lat' dir='ltr'>illud:</span> <span class='ocrx_word' id='word_1_64' title='bbox 933 2221 972 2285; x_wconf 82' lang='lat' dir='ltr'>Bt</span> <span class='ocrx_word' id='word_1_65' title='bbox 998 2221 1125 2286; x_wconf 80' lang='lat' dir='ltr'>Verium</span> <span class='ocrx_word' id='word_1_66' title='bbox 1147 2243 1222 2289; x_wconf 83' lang='lat' dir='ltr'>earo</span> 
     </span>
     <span class='ocr_line' id='line_1_11' title="bbox 13 2315 1221 2399; baseline -0.002 -9"><span class='ocrx_word' id='word_1_67' title='bbox 13 2337 93 2390; x_wconf 73' lang='lat' dir='ltr'>&#39;tum</span> <span class='ocrx_word' id='word_1_68' title='bbox 119 2328 217 2386; x_wconf 80' lang='lat' dir='ltr'>estet</span> <span class='ocrx_word' id='word_1_69' title='bbox 240 2318 389 2381; x_wconf 76' lang='lat' dir='ltr'>loddooit</span> <span class='ocrx_word' id='word_1_70' title='bbox 410 2319 444 2378; x_wconf 80' lang='lat' dir='ltr'>io</span> <span class='ocrx_word' id='word_1_71' title='bbox 464 2315 567 2388; x_wconf 81' lang='lat' dir='ltr'>nodie,</span> <span class='ocrx_word' id='word_1_72' title='bbox 590 2317 757 2398; x_wconf 77' lang='lat' dir='ltr'>intelligant</span> <span class='ocrx_word' id='word_1_73' title='bbox 786 2319 848 2399; x_wconf 82' lang='lat' dir='ltr'>(qui</span> <span class='ocrx_word' id='word_1_74' title='bbox 870 2319 950 2384; x_wconf 91' lang='lat' dir='ltr'>enim</span> <span class='ocrx_word' id='word_1_75' title='bbox 973 2322 1061 2384; x_wconf 83' lang='lat' dir='ltr'>dixit:</span> <span class='ocrx_word' id='word_1_76' title='bbox 1094 2323 1221 2390; x_wconf 74' lang='lat' dir='ltr'>tertam</span> 
     </span>
     <span class='ocr_line' id='line_1_12' title="bbox 12 2410 1220 2506; baseline 0.004 -21"><span class='ocrx_word' id='word_1_77' title='bbox 12 2410 46 2492; x_wconf 63' lang='lat'>2⁰</span> <span class='ocrx_word' id='word_1_78' title='bbox 71 2427 199 2506; x_wconf 79' lang='lat' dir='ltr'>[netum</span> <span class='ocrx_word' id='word_1_79' title='bbox 221 2427 283 2491; x_wconf 86' lang='lat' dir='ltr'>eet,</span> <span class='ocrx_word' id='word_1_80' title='bbox 315 2419 394 2484; x_wconf 86' lang='lat' dir='ltr'>idern</span> <span class='ocrx_word' id='word_1_81' title='bbox 428 2418 469 2482; x_wconf 86' lang='lat' dir='ltr'>ait</span> <span class='ocrx_word' id='word_1_82' title='bbox 489 2419 589 2498; x_wconf 90' lang='lat' dir='ltr'>ipsum</span> <span class='ocrx_word' id='word_1_83' title='bbox 609 2437 666 2500; x_wconf 90' lang='lat' dir='ltr'>pro</span> <span class='ocrx_word' id='word_1_84' title='bbox 688 2419 776 2483; x_wconf 88' lang='lat' dir='ltr'>nobis</span> <span class='ocrx_word' id='word_1_85' title='bbox 798 2422 927 2486; x_wconf 85' lang='lat' dir='ltr'>animam</span> <span class='ocrx_word' id='word_1_86' title='bbox 948 2423 1089 2504; x_wconf 80' lang='lat' dir='ltr'>posuisse</span> <span class='ocrx_word' id='word_1_87' title='bbox 1110 2435 1220 2506; x_wconf 81' lang='lat' dir='ltr'>suam),</span> 
     </span>
    </p>
   </div>
   <div class='ocr_carea' id='block_1_7' title="bbox 11 2521 1219 3614">
    <p class='ocr_par' dir='ltr' id='par_1_7' title="bbox 11 2521 1219 3614">
     <span class='ocr_line' id='line_1_13' title="bbox 14 2521 1219 2600; baseline 0.002 -8"><span class='ocrx_word' id='word_1_88' title='bbox 14 2549 41 2592; x_wconf 81' lang='lat' dir='ltr'>n</span> <span class='ocrx_word' id='word_1_89' title='bbox 66 2528 110 2589; x_wconf 89' lang='lat' dir='ltr'>ita</span> <span class='ocrx_word' id='word_1_90' title='bbox 147 2530 181 2586; x_wconf 90' lang='lat' dir='ltr'>ut</span> <span class='ocrx_word' id='word_1_91' title='bbox 202 2521 330 2584; x_wconf 84' lang='lat' dir='ltr'>Verbum</span> <span class='ocrx_word' id='word_1_92' title='bbox 360 2521 554 2584; x_wconf 86' lang='lat' dir='ltr'>mutationem</span> <span class='ocrx_word' id='word_1_93' title='bbox 584 2539 707 2600; x_wconf 82' lang='lat' dir='ltr'>passum</span> <span class='ocrx_word' id='word_1_94' title='bbox 729 2531 761 2586; x_wconf 91' lang='lat' dir='ltr'>et</span> <span class='ocrx_word' id='word_1_95' title='bbox 781 2522 811 2585; x_wconf 89' lang='lat' dir='ltr'>in</span> <span class='ocrx_word' id='word_1_96' title='bbox 834 2543 952 2588; x_wconf 82' lang='lat' dir='ltr'>earnem</span> <span class='ocrx_word' id='word_1_97' title='bbox 975 2527 1219 2594; x_wconf 80' lang='lat' dir='ltr'>transformatum</span> 
     </span>
     <span class='ocr_line' id='line_1_14' title="bbox 11 2623 1219 2705; baseline -0.002 -11"><span class='ocrx_word' id='word_1_98' title='bbox 11 2661 14 2694; x_wconf 73' lang='lat' dir='ltr'>t</span> <span class='ocrx_word' id='word_1_99' title='bbox 40 2630 167 2692; x_wconf 88' lang='lat' dir='ltr'>animae</span> <span class='ocrx_word' id='word_1_100' title='bbox 190 2625 287 2688; x_wconf 89' lang='lat' dir='ltr'>simile</span> <span class='ocrx_word' id='word_1_101' title='bbox 310 2626 417 2686; x_wconf 86' lang='lat' dir='ltr'>lactum</span> <span class='ocrx_word' id='word_1_102' title='bbox 441 2623 496 2696; x_wconf 85' lang='lat' dir='ltr'>sit,</span> <span class='ocrx_word' id='word_1_103' title='bbox 525 2641 562 2685; x_wconf 89' lang='lat' dir='ltr'>an</span> <span class='ocrx_word' id='word_1_104' title='bbox 592 2623 671 2701; x_wconf 85' lang='lat' dir='ltr'>quod</span> <span class='ocrx_word' id='word_1_105' title='bbox 693 2623 896 2704; x_wconf 73' lang='lat' dir='ltr'>imaginariam</span> <span class='ocrx_word' id='word_1_106' title='bbox 919 2626 1051 2705; x_wconf 86' lang='lat' dir='ltr'>speeiem</span> <span class='ocrx_word' id='word_1_107' title='bbox 1072 2627 1219 2692; x_wconf 84' lang='lat' dir='ltr'>humanae</span> 
     </span>
     <span class='ocr_line' id='line_1_15' title="bbox 11 2723 1218 2808; baseline -0.003 -13"><span class='ocrx_word' id='word_1_108' title='bbox 11 2751 90 2795; x_wconf 86' lang='lat' dir='ltr'>mae</span> <span class='ocrx_word' id='word_1_109' title='bbox 114 2745 190 2808; x_wconf 83' lang='lat' dir='ltr'>pree</span> <span class='ocrx_word' id='word_1_110' title='bbox 212 2747 245 2790; x_wconf 86' lang='lat' dir='ltr'>se</span> <span class='ocrx_word' id='word_1_111' title='bbox 267 2728 369 2798; x_wconf 83' lang='lat' dir='ltr'>terret,</span> <span class='ocrx_word' id='word_1_112' title='bbox 398 2734 432 2786; x_wconf 90' lang='lat' dir='ltr'>ut</span> <span class='ocrx_word' id='word_1_113' title='bbox 454 2725 503 2787; x_wconf 87' lang='lat' dir='ltr'>alii</span> <span class='ocrx_word' id='word_1_114' title='bbox 525 2723 667 2786; x_wconf 85' lang='lat' dir='ltr'>haeretici</span> <span class='ocrx_word' id='word_1_115' title='bbox 690 2735 824 2788; x_wconf 77' lang='lat' dir='ltr'>errantes</span> <span class='ocrx_word' id='word_1_116' title='bbox 847 2727 959 2788; x_wconf 85' lang='lat' dir='ltr'>dieunt.</span> <span class='ocrx_word' id='word_1_117' title='bbox 1003 2728 1062 2790; x_wconf 86' lang='lat' dir='ltr'>Sed</span> <span class='ocrx_word' id='word_1_118' title='bbox 1079 2729 1138 2790; x_wconf 81' lang='lat' dir='ltr'>lroe</span> <span class='ocrx_word' id='word_1_119' title='bbox 1157 2747 1218 2792; x_wconf 94' lang='lat' dir='ltr'>non</span> 
     </span>
     <span class='ocr_line' id='line_1_16' title="bbox 11 2825 1215 2907; baseline -0.002 -13"><span class='ocrx_word' id='word_1_120' title='bbox 11 2831 123 2896; x_wconf 90' lang='lat' dir='ltr'>needet</span> <span class='ocrx_word' id='word_1_121' title='bbox 145 2826 325 2907; x_wconf 77' lang='lat' dir='ltr'>Apostolus,</span> <span class='ocrx_word' id='word_1_122' title='bbox 355 2825 405 2905; x_wconf 89' lang='lat' dir='ltr'>qni</span> <span class='ocrx_word' id='word_1_123' title='bbox 426 2825 538 2905; x_wconf 86' lang='lat' dir='ltr'>liquido</span> <span class='ocrx_word' id='word_1_124' title='bbox 561 2825 652 2900; x_wconf 84' lang='lat' dir='ltr'>dixit,</span> <span class='ocrx_word' id='word_1_125' title='bbox 676 2825 822 2898; x_wconf 82' lang='lat' dir='ltr'>Quisnam</span> <span class='ocrx_word' id='word_1_126' title='bbox 843 2845 909 2890; x_wconf 87' lang='lat' dir='ltr'>oum</span> <span class='ocrx_word' id='word_1_127' title='bbox 934 2835 1014 2890; x_wconf 87' lang='lat' dir='ltr'>esset</span> <span class='ocrx_word' id='word_1_128' title='bbox 1036 2829 1107 2907; x_wconf 82' lang='lat' dir='ltr'>quid</span> <span class='ocrx_word' id='word_1_129' title='bbox 1129 2849 1215 2892; x_wconf 84' lang='lat' dir='ltr'>aoce-</span> 
     </span>
     <span class='ocr_line' id='line_1_17' title="bbox 11 2925 1216 3008; baseline -0.004 -11"><span class='ocrx_word' id='word_1_130' title='bbox 11 2937 60 2996; x_wconf 90' lang='lat' dir='ltr'>rit.</span> <span class='ocrx_word' id='word_1_131' title='bbox 109 2927 197 2990; x_wconf 91' lang='lat' dir='ltr'>Siout</span> <span class='ocrx_word' id='word_1_132' title='bbox 219 2927 297 2988; x_wconf 89' lang='lat' dir='ltr'>enim</span> <span class='ocrx_word' id='word_1_133' title='bbox 320 2929 415 2988; x_wconf 89' lang='lat' dir='ltr'>torma</span> <span class='ocrx_word' id='word_1_134' title='bbox 430 2926 483 2988; x_wconf 89' lang='lat' dir='ltr'>llei</span> <span class='ocrx_word' id='word_1_135' title='bbox 505 2926 659 3007; x_wconf 81' lang='lat' dir='ltr'>plenitudo</span> <span class='ocrx_word' id='word_1_136' title='bbox 681 2925 843 2989; x_wconf 83' lang='lat' dir='ltr'>divinitatis</span> <span class='ocrx_word' id='word_1_137' title='bbox 859 2926 950 2989; x_wconf 81' lang='lat' dir='ltr'>Verbi</span> <span class='ocrx_word' id='word_1_138' title='bbox 964 2928 1147 3008; x_wconf 80' lang='lat' dir='ltr'>intelligitur,</span> <span class='ocrx_word' id='word_1_139' title='bbox 1171 2927 1216 2992; x_wconf 87' lang='lat' dir='ltr'>sie</span> 
     </span>
     <span class='ocr_line' id='line_1_18' title="bbox 11 3027 1213 3109; baseline 0 -13"><span class='ocrx_word' id='word_1_140' title='bbox 11 3053 66 3096; x_wconf 50' lang='lat' dir='ltr'>*ma</span> <span class='ocrx_word' id='word_1_141' title='bbox 94 3029 176 3092; x_wconf 83' lang='lat' dir='ltr'>servi</span> <span class='ocrx_word' id='word_1_142' title='bbox 200 3029 345 3090; x_wconf 81' lang='lat' dir='ltr'>humanae</span> <span class='ocrx_word' id='word_1_143' title='bbox 367 3027 552 3091; x_wconf 83' lang='lat' dir='ltr'>substantiae</span> <span class='ocrx_word' id='word_1_144' title='bbox 574 3028 741 3108; x_wconf 86' lang='lat' dir='ltr'>intelligens</span> <span class='ocrx_word' id='word_1_145' title='bbox 762 3037 867 3090; x_wconf 86' lang='lat' dir='ltr'>natura</span> <span class='ocrx_word' id='word_1_146' title='bbox 890 3047 956 3091; x_wconf 87' lang='lat' dir='ltr'>oum</span> <span class='ocrx_word' id='word_1_147' title='bbox 976 3029 1113 3109; x_wconf 82' lang='lat' dir='ltr'>organica</span> <span class='ocrx_word' id='word_1_148' title='bbox 1128 3049 1213 3096; x_wconf 88' lang='lat' dir='ltr'>com·</span> 
     </span>
     <span class='ocr_line' id='line_1_19' title="bbox 11 3129 1213 3211; baseline -0.004 -12"><span class='ocrx_word' id='word_1_149' title='bbox 11 3136 127 3199; x_wconf 83' lang='lat' dir='ltr'>sitione</span> <span class='ocrx_word' id='word_1_150' title='bbox 156 3129 344 3210; x_wconf 83' lang='lat' dir='ltr'>agnoscitur,</span> <span class='ocrx_word' id='word_1_151' title='bbox 372 3137 405 3191; x_wconf 93' lang='lat' dir='ltr'>ut</span> <span class='ocrx_word' id='word_1_152' title='bbox 425 3129 473 3190; x_wconf 85' lang='lat' dir='ltr'>ille</span> <span class='ocrx_word' id='word_1_153' title='bbox 496 3129 615 3208; x_wconf 91' lang='lat' dir='ltr'>quidem</span> <span class='ocrx_word' id='word_1_154' title='bbox 637 3129 768 3193; x_wconf 81' lang='lat' dir='ltr'>dictione</span> <span class='ocrx_word' id='word_1_155' title='bbox 790 3143 858 3193; x_wconf 86' lang='lat' dir='ltr'>eret</span> <span class='ocrx_word' id='word_1_156' title='bbox 880 3129 1008 3192; x_wconf 70' lang='lat' dir='ltr'>Verbum</span> <span class='ocrx_word' id='word_1_157' title='bbox 1030 3130 1213 3211; x_wconf 88' lang='lat' dir='ltr'>intelligere-</span> 
     </span>
     <span class='ocr_line' id='line_1_20' title="bbox 11 3231 1211 3312; baseline 0 -14"><span class='ocrx_word' id='word_1_158' title='bbox 11 3260 24 3312; x_wconf 94' lang='lat'>·,</span> <span class='ocrx_word' id='word_1_159' title='bbox 51 3236 103 3298; x_wconf 82' lang='lat' dir='ltr'>illu</span> <span class='ocrx_word' id='word_1_160' title='bbox 128 3243 229 3294; x_wconf 82' lang='lat' dir='ltr'>antem</span> <span class='ocrx_word' id='word_1_161' title='bbox 252 3233 369 3311; x_wconf 77' lang='lat' dir='ltr'>foetum</span> <span class='ocrx_word' id='word_1_162' title='bbox 392 3241 437 3294; x_wconf 80' lang='lat' dir='ltr'>ert</span> <span class='ocrx_word' id='word_1_163' title='bbox 458 3249 526 3293; x_wconf 87' lang='lat' dir='ltr'>caro</span> <span class='ocrx_word' id='word_1_164' title='bbox 551 3249 617 3293; x_wconf 87' lang='lat' dir='ltr'>oum</span> <span class='ocrx_word' id='word_1_165' title='bbox 640 3231 738 3293; x_wconf 85' lang='lat' dir='ltr'>anima</span> <span class='ocrx_word' id='word_1_166' title='bbox 761 3239 989 3310; x_wconf 83' lang='lat' dir='ltr'>agnosceretur,</span> <span class='ocrx_word' id='word_1_167' title='bbox 1019 3249 1094 3312; x_wconf 87' lang='lat' dir='ltr'>quae</span> <span class='ocrx_word' id='word_1_168' title='bbox 1115 3233 1211 3298; x_wconf 85' lang='lat' dir='ltr'>lormo</span> 
     </span>
     <span class='ocr_line' id='line_1_21' title="bbox 11 3331 1210 3412; baseline -0.004 -11"><span class='ocrx_word' id='word_1_169' title='bbox 11 3341 47 3401; x_wconf 89' lang='lat' dir='ltr'>·vi</span> <span class='ocrx_word' id='word_1_170' title='bbox 72 3335 184 3399; x_wconf 89' lang='lat' dir='ltr'>dieitur</span> <span class='ocrx_word' id='word_1_171' title='bbox 206 3352 240 3396; x_wconf 87' lang='lat' dir='ltr'>ee</span> <span class='ocrx_word' id='word_1_172' title='bbox 254 3331 462 3408; x_wconf 82' lang='lat' dir='ltr'>intellectualis</span> <span class='ocrx_word' id='word_1_173' title='bbox 478 3333 621 3412; x_wconf 77' lang='lat' dir='ltr'>quaedam</span> <span class='ocrx_word' id='word_1_174' title='bbox 637 3331 802 3394; x_wconf 87' lang='lat' dir='ltr'>substantia</span> <span class='ocrx_word' id='word_1_175' title='bbox 818 3350 887 3393; x_wconf 89' lang='lat' dir='ltr'>esse</span> <span class='ocrx_word' id='word_1_176' title='bbox 902 3331 1083 3412; x_wconf 88' lang='lat' dir='ltr'>intelligitur.</span> <span class='ocrx_word' id='word_1_177' title='bbox 1115 3333 1210 3396; x_wconf 87' lang='lat' dir='ltr'>Hine·</span> 
     </span>
     <span class='ocr_line' id='line_1_22' title="bbox 11 3433 1208 3514; baseline -0.004 -12"><span class='ocrx_word' id='word_1_178' title='bbox 11 3463 22 3503; x_wconf 83' lang='lat' dir='ltr'>e</span> <span class='ocrx_word' id='word_1_179' title='bbox 45 3439 82 3500; x_wconf 84' lang='lat' dir='ltr'>lit</span> <span class='ocrx_word' id='word_1_180' title='bbox 104 3445 139 3498; x_wconf 92' lang='lat' dir='ltr'>ut</span> <span class='ocrx_word' id='word_1_181' title='bbox 159 3436 251 3497; x_wconf 90' lang='lat' dir='ltr'>homo</span> <span class='ocrx_word' id='word_1_182' title='bbox 273 3443 409 3496; x_wconf 88' lang='lat' dir='ltr'>mortuus</span> <span class='ocrx_word' id='word_1_183' title='bbox 435 3433 573 3495; x_wconf 77' lang='lat' dir='ltr'>informis</span> <span class='ocrx_word' id='word_1_184' title='bbox 597 3433 729 3508; x_wconf 80' lang='lat' dir='ltr'>dicatur,</span> <span class='ocrx_word' id='word_1_185' title='bbox 752 3443 781 3496; x_wconf 91' lang='lat' dir='ltr'>et</span> <span class='ocrx_word' id='word_1_186' title='bbox 802 3433 915 3504; x_wconf 89' lang='lat' dir='ltr'>anima,</span> <span class='ocrx_word' id='word_1_187' title='bbox 945 3453 1020 3514; x_wconf 85' lang='lat' dir='ltr'>quae</span> <span class='ocrx_word' id='word_1_188' title='bbox 1042 3433 1208 3498; x_wconf 87' lang='lat' dir='ltr'>indissolu-</span> 
     </span>
     <span class='ocr_line' id='line_1_23' title="bbox 11 3533 1207 3614; baseline -0.006 -11"><span class='ocrx_word' id='word_1_189' title='bbox 11 3560 58 3603; x_wconf 92' lang='lat' dir='ltr'>em</span> <span class='ocrx_word' id='word_1_190' title='bbox 84 3545 221 3600; x_wconf 84' lang='lat' dir='ltr'>naturam</span> <span class='ocrx_word' id='word_1_191' title='bbox 244 3535 343 3608; x_wconf 88' lang='lat' dir='ltr'>habet,</span> <span class='ocrx_word' id='word_1_192' title='bbox 366 3553 382 3596; x_wconf 86' lang='lat' dir='ltr'>e</span> <span class='ocrx_word' id='word_1_193' title='bbox 406 3553 533 3614; x_wconf 82' lang='lat' dir='ltr'>corpore</span> <span class='ocrx_word' id='word_1_194' title='bbox 555 3535 713 3598; x_wconf 79' lang='lat' dir='ltr'>resedente</span> <span class='ocrx_word' id='word_1_195' title='bbox 734 3543 815 3598; x_wconf 90' lang='lat' dir='ltr'>totus</span> <span class='ocrx_word' id='word_1_196' title='bbox 837 3535 978 3598; x_wconf 85' lang='lat' dir='ltr'>solvatur.</span> <span class='ocrx_word' id='word_1_197' title='bbox 1022 3533 1106 3597; x_wconf 91' lang='lat' dir='ltr'>Unde</span> <span class='ocrx_word' id='word_1_198' title='bbox 1127 3535 1207 3598; x_wconf 83' lang='lat' dir='ltr'>Pou-</span> 
     </span>
    </p>
   </div>
   <div class='ocr_carea' id='block_1_8' title="bbox 1411 3391 1414 3422">
    <p class='ocr_par' dir='ltr' id='par_1_8' title="bbox 1411 3391 1414 3422">
     <span class='ocr_line' id='line_1_24' title="bbox 1411 3391 1414 3422; baseline 0 0"><span class='ocrx_word' id='word_1_199' title='bbox 1411 3391 1414 3422; x_wconf 91' lang='lat' dir='ltr'>l</span> 
     </span>
    </p>
   </div>
   <div class='ocr_carea' id='block_1_9' title="bbox 11 3744 1207 3895">
    <p class='ocr_par' dir='ltr' id='par_1_9' title="bbox 11 3744 1207 3895">
     <span class='ocr_line' id='line_1_25' title="bbox 11 3744 1207 3816; baseline -0.004 -5"><span class='ocrx_word' id='word_1_200' title='bbox 11 3763 61 3810; x_wconf 89' lang='lat' dir='ltr'>lum</span> <span class='ocrx_word' id='word_1_201' title='bbox 83 3757 200 3813; x_wconf 76' lang='lat' dir='ltr'>heberet,</span> <span class='ocrx_word' id='word_1_202' title='bbox 230 3769 260 3802; x_wconf 86' lang='lat' dir='ltr'>ne</span> <span class='ocrx_word' id='word_1_203' title='bbox 284 3753 361 3804; x_wconf 79' lang='lat' dir='ltr'>oratio</span> <span class='ocrx_word' id='word_1_204' title='bbox 387 3761 454 3812; x_wconf 70' lang='lat' dir='ltr'>esset</span> <span class='ocrx_word' id='word_1_205' title='bbox 471 3744 563 3802; x_wconf 75' lang='lat' dir='ltr'>dveni-</span> <span class='ocrx_word' id='word_1_206' title='bbox 648 3770 669 3805; x_wconf 84' lang='lat' dir='ltr'>e.</span> <span class='ocrx_word' id='word_1_207' title='bbox 688 3753 714 3804; x_wconf 92' lang='lat' dir='ltr'>lu</span> <span class='ocrx_word' id='word_1_208' title='bbox 733 3755 833 3816; x_wconf 82' lang='lat' dir='ltr'>Segoer.</span> <span class='ocrx_word' id='word_1_209' title='bbox 852 3755 949 3806; x_wconf 81' lang='lat' dir='ltr'>Gobler.</span> <span class='ocrx_word' id='word_1_210' title='bbox 969 3747 1207 3806; x_wconf 75' lang='lat' dir='ltr'>etl&#39;eletm.l.du</span> 
     </span>
     <span class='ocr_line' id='line_1_26' title="bbox 11 3813 1174 3895; baseline -0.005 -19"><span class='ocrx_word' id='word_1_211' title='bbox 11 3841 90 3895; x_wconf 78' lang='grc' dir='ltr'><strong>ιφος,</strong></span> <span class='ocrx_word' id='word_1_212' title='bbox 111 3837 177 3882; x_wconf 86' lang='lat' dir='ltr'>enm,</span> <span class='ocrx_word' id='word_1_213' title='bbox 196 3822 235 3885; x_wconf 85' lang='lat' dir='ltr'>qni</span> <span class='ocrx_word' id='word_1_214' title='bbox 255 3829 291 3872; x_wconf 85' lang='lat' dir='ltr'>est</span> <span class='ocrx_word' id='word_1_215' title='bbox 309 3821 332 3870; x_wconf 91' lang='lat' dir='ltr'>in</span> <span class='ocrx_word' id='word_1_216' title='bbox 352 3821 439 3880; x_wconf 84' lang='lat' dir='ltr'>editis,</span> <span class='ocrx_word' id='word_1_217' title='bbox 459 3835 562 3886; x_wconf 82' lang='lat' dir='ltr'>querno·</span> <span class='ocrx_word' id='word_1_218' title='bbox 613 3821 690 3872; x_wconf 81' lang='lat' dir='ltr'>deest.</span> <span class='ocrx_word' id='word_1_219' title='bbox 726 3821 777 3872; x_wconf 84' lang='lat' dir='ltr'>ltor</span> <span class='ocrx_word' id='word_1_220' title='bbox 796 3813 983 3882; x_wconf 71' lang='lat' dir='ltr'>lidemidpsrer</span> <span class='ocrx_word' id='word_1_221' title='bbox 1001 3814 1068 3890; x_wconf 72' lang='lat' dir='ltr'>desig</span> <span class='ocrx_word' id='word_1_222' title='bbox 1086 3815 1174 3890; x_wconf 70' lang='lat' dir='ltr'>ripule.</span> 
     </span>
    </p>
   </div>
   <div class='ocr_carea' id='block_1_10' title="bbox 11 3889 1204 4056">
    <p class='ocr_par' dir='ltr' id='par_1_10' title="bbox 11 3889 1204 4056">
     <span class='ocr_line' id='line_1_27' title="bbox 14 3889 1204 3983; baseline -0.014 -36"><span class='ocrx_word' id='word_1_223' title='bbox 14 3909 106 3961; x_wconf 86' lang='lat' dir='ltr'>umque</span> <span class='ocrx_word' id='word_1_224' title='bbox 132 3905 159 3941; x_wconf 81' lang='lat' dir='ltr'>ex</span> <span class='ocrx_word' id='word_1_225' title='bbox 185 3889 267 3938; x_wconf 79' lang='lat' dir='ltr'>letina</span> <span class='ocrx_word' id='word_1_226' title='bbox 295 3889 492 3968; x_wconf 75' lang='lat' dir='ltr'>interpretatione</span> <span class='ocrx_word' id='word_1_227' title='bbox 520 3903 561 3938; x_wconf 80' lang='lat' dir='ltr'>ex·</span> <span class='ocrx_word' id='word_1_228' title='bbox 646 3923 670 3972; x_wconf 41' lang='lat' dir='ltr'>d·</span> <span class='ocrx_word' id='word_1_229' title='bbox 688 3923 789 3983; x_wconf 42' lang='lat' dir='ltr'>Smer.</span> <span class='ocrx_word' id='word_1_230' title='bbox 820 3923 918 3974; x_wconf 42' lang='lat' dir='ltr'>Gob&#39;er·</span> <span class='ocrx_word' id='word_1_231' title='bbox 946 3931 970 3974; x_wconf 47' lang='lat' dir='ltr'><em>a</em></span> <span class='ocrx_word' id='word_1_232' title='bbox 995 3923 1100 3977; x_wconf 58' lang='lat' dir='ltr'>mem</span> <span class='ocrx_word' id='word_1_233' title='bbox 1121 3924 1144 3976; x_wconf 45' lang='lat'>¹·</span> <span class='ocrx_word' id='word_1_234' title='bbox 1171 3915 1204 3974; x_wconf 56' lang='grc' dir='ltr'>οὗ</span> 
     </span>
     <span class='ocr_line' id='line_1_28' title="bbox 11 3957 1202 4056; baseline -0.013 -42"><span class='ocrx_word' id='word_1_235' title='bbox 11 3967 65 4014; x_wconf 85' lang='lat' dir='ltr'>ssit.</span> <span class='ocrx_word' id='word_1_236' title='bbox 103 3959 154 4010; x_wconf 82' lang='lat' dir='ltr'>Nos</span> <span class='ocrx_word' id='word_1_237' title='bbox 173 3957 272 4020; x_wconf 82' lang='lat' dir='ltr'>Segrrer.</span> <span class='ocrx_word' id='word_1_238' title='bbox 292 3970 426 4021; x_wconf 72' lang='lat' dir='ltr'>aequumne,</span> <span class='ocrx_word' id='word_1_239' title='bbox 445 3971 482 4005; x_wconf 84' lang='lat' dir='ltr'>eur</span> <span class='ocrx_word' id='word_1_240' title='bbox 501 3971 561 4006; x_wconf 87' lang='lat' dir='ltr'>eon·</span> <span class='ocrx_word' id='word_1_241' title='bbox 612 3985 794 4056; x_wconf 52' lang='lat' dir='ltr'>WWW‘&amp;</span> <span class='ocrx_word' id='word_1_242' title='bbox 1197 4007 1202 4014; x_wconf 30' lang='lat'>¹</span> 
     </span>
    </p>
   </div>
   <div class='ocr_carea' id='block_1_11' title="bbox 11 4021 1269 4430">
    <p class='ocr_par' dir='ltr' id='par_1_11' title="bbox 12 4021 1203 4156">
     <span class='ocr_line' id='line_1_29' title="bbox 12 4021 1002 4101; baseline -0.017 -19"><span class='ocrx_word' id='word_1_243' title='bbox 12 4040 54 4081; x_wconf 86' lang='lat' dir='ltr'>ant</span> <span class='ocrx_word' id='word_1_244' title='bbox 73 4029 176 4081; x_wconf 84' lang='lat' dir='ltr'>Gobler.</span> <span class='ocrx_word' id='word_1_245' title='bbox 195 4035 215 4074; x_wconf 84' lang='lat' dir='ltr'>et</span> <span class='ocrx_word' id='word_1_246' title='bbox 237 4025 340 4074; x_wconf 83' lang='lat' dir='ltr'>Felcltm.</span> <span class='ocrx_word' id='word_1_247' title='bbox 354 4023 376 4072; x_wconf 85' lang='lat' dir='ltr'>l.</span> <span class='ocrx_word' id='word_1_248' title='bbox 395 4024 489 4073; x_wconf 81' lang='lat' dir='ltr'>omisso</span> <span class='ocrx_word' id='word_1_249' title='bbox 513 4021 561 4072; x_wconf 76' lang='grc' dir='ltr'>τοῦ</span> <span class='ocrx_word' id='word_1_250' title='bbox 996 4091 1002 4101; x_wconf 90' lang='lat'>.</span> 
     </span>
     <span class='ocr_line' id='line_1_30' title="bbox 14 4089 1203 4156; baseline -0.016 0"><span class='ocrx_word' id='word_1_251' title='bbox 14 4095 103 4154; x_wconf 75' lang='lat' dir='ltr'>sorori,</span> <span class='ocrx_word' id='word_1_252' title='bbox 124 4093 248 4150; x_wconf 77' lang='lat' dir='ltr'>ettngtic.</span> <span class='ocrx_word' id='word_1_253' title='bbox 262 4093 299 4142; x_wconf 81' lang='lat' dir='ltr'>hia</span> <span class='ocrx_word' id='word_1_254' title='bbox 313 4093 416 4142; x_wconf 70' lang='lat' dir='ltr'>additia:</span> <span class='ocrx_word' id='word_1_255' title='bbox 433 4089 483 4139; x_wconf 68' lang='grc' dir='ltr'>1οὕ</span> <span class='ocrx_word' id='word_1_256' title='bbox 492 4091 561 4156; x_wconf 78' lang='grc' dir='ltr'><strong>Χρι-</strong></span> <span class='ocrx_word' id='word_1_257' title='bbox 648 4107 669 4142; x_wconf 86' lang='lat' dir='ltr'>e.</span> <span class='ocrx_word' id='word_1_258' title='bbox 688 4092 722 4142; x_wconf 88' lang='lat' dir='ltr'>lta</span> <span class='ocrx_word' id='word_1_259' title='bbox 741 4105 826 4141; x_wconf 87' lang='lat' dir='ltr'>omnes</span> <span class='ocrx_word' id='word_1_260' title='bbox 845 4092 1010 4156; x_wconf 81' lang='lat' dir='ltr'>manuscripts.</span> <span class='ocrx_word' id='word_1_261' title='bbox 1045 4092 1108 4142; x_wconf 84' lang='lat' dir='ltr'>Editi</span> <span class='ocrx_word' id='word_1_262' title='bbox 1124 4103 1203 4138; x_wconf 79' lang='lat' dir='ltr'>roeo·</span> 
     </span>
    </p>

    <p class='ocr_par' dir='ltr' id='par_1_12' title="bbox 11 4153 1202 4306">
     <span class='ocr_line' id='line_1_31' title="bbox 11 4153 1202 4236; baseline -0.005 -23"><span class='ocrx_word' id='word_1_263' title='bbox 11 4167 34 4217; x_wconf 73' lang='grc' dir='ltr'><strong><em>ιῦ</em></strong></span> <span class='ocrx_word' id='word_1_264' title='bbox 52 4161 100 4216; x_wconf 76' lang='grc' dir='ltr'>καὶ</span> <span class='ocrx_word' id='word_1_265' title='bbox 117 4160 188 4214; x_wconf 73' lang='grc' dir='ltr'>θεοῦ</span> <span class='ocrx_word' id='word_1_266' title='bbox 206 4153 291 4228; x_wconf 74' lang='grc' dir='ltr'><strong><em>ἡμῶν.</em></strong></span> <span class='ocrx_word' id='word_1_267' title='bbox 330 4161 400 4208; x_wconf 71' lang='lat' dir='ltr'>Basti.</span> <span class='ocrx_word' id='word_1_268' title='bbox 421 4161 562 4209; x_wconf 80' lang='lat' dir='ltr'>traletslm·</span> <span class='ocrx_word' id='word_1_269' title='bbox 611 4154 705 4226; x_wconf 79' lang='grc' dir='ltr'><strong><em>μένου.</em></strong></span> <span class='ocrx_word' id='word_1_270' title='bbox 742 4159 808 4210; x_wconf 81' lang='lat' dir='ltr'>lnlra</span> <span class='ocrx_word' id='word_1_271' title='bbox 832 4159 930 4218; x_wconf 76' lang='lat' dir='ltr'>Segner.</span> <span class='ocrx_word' id='word_1_272' title='bbox 950 4159 1047 4210; x_wconf 82' lang='lat' dir='ltr'>Gobler.</span> <span class='ocrx_word' id='word_1_273' title='bbox 1075 4158 1202 4236; x_wconf 64' lang='lat' dir='ltr'>⁰i.F⁰¹⁰&#39;¹‘</span> 
     </span>
     <span class='ocr_line' id='line_1_32' title="bbox 11 4218 1202 4306; baseline -0.013 -20"><span class='ocrx_word' id='word_1_274' title='bbox 11 4239 62 4286; x_wconf 84' lang='lat' dir='ltr'>:lter</span> <span class='ocrx_word' id='word_1_275' title='bbox 79 4229 166 4299; x_wconf 69' lang='grc' dir='ltr'><strong><em>λόγος</em></strong></span> <span class='ocrx_word' id='word_1_276' title='bbox 177 4221 248 4286; x_wconf 62' lang='grc' dir='ltr'>κατὰ</span> <span class='ocrx_word' id='word_1_277' title='bbox 259 4219 457 4293; x_wconf 66' lang='grc' dir='ltr'>Ἆπῡλίναρῖον·</span> <span class='ocrx_word' id='word_1_278' title='bbox 613 4228 729 4306; x_wconf 24' lang='lat' dir='ltr'>mounisl.</span> <span class='ocrx_word' id='word_1_279' title='bbox 740 4219 854 4306; x_wconf 50' lang='grc' dir='ltr'>ἐχούσης</span> <span class='ocrx_word' id='word_1_280' title='bbox 870 4220 921 4286; x_wconf 74' lang='grc' dir='ltr'>τὴν</span> <span class='ocrx_word' id='word_1_281' title='bbox 933 4221 1027 4306; x_wconf 60' lang='grc' dir='ltr'><strong>φύσιν.</strong></span> <span class='ocrx_word' id='word_1_282' title='bbox 1053 4225 1116 4276; x_wconf 79' lang='lat' dir='ltr'>Edrtr</span> <span class='ocrx_word' id='word_1_283' title='bbox 1126 4218 1202 4291; x_wconf 58' lang='lat' dir='ltr'>dyod-</span> 
     </span>
    </p>

    <p class='ocr_par' dir='ltr' id='par_1_13' title="bbox 11 4294 1269 4430">
     <span class='ocr_line' id='line_1_33' title="bbox 11 4294 1269 4376; baseline -0.017 -26"><span class='ocrx_word' id='word_1_284' title='bbox 11 4321 25 4352; x_wconf 89' lang='lat' dir='ltr'>t.</span> <span class='ocrx_word' id='word_1_285' title='bbox 46 4305 79 4352; x_wconf 88' lang='lat' dir='ltr'>lto</span> <span class='ocrx_word' id='word_1_286' title='bbox 98 4303 192 4362; x_wconf 81' lang='lat' dir='ltr'>tnglro.</span> <span class='ocrx_word' id='word_1_287' title='bbox 211 4300 310 4360; x_wconf 87' lang='lat' dir='ltr'>Seguer.</span> <span class='ocrx_word' id='word_1_288' title='bbox 330 4298 428 4347; x_wconf 84' lang='lat' dir='ltr'>Gohter.</span> <span class='ocrx_word' id='word_1_289' title='bbox 443 4303 466 4345; x_wconf 86' lang='lat' dir='ltr'>et</span> <span class='ocrx_word' id='word_1_290' title='bbox 477 4294 562 4345; x_wconf 81' lang='lat' dir='ltr'>Felel-</span> <span class='ocrx_word' id='word_1_291' title='bbox 613 4305 870 4362; x_wconf 74' lang='grc' dir='ltr'><strong><em>σηςτηνμορφην.</em></strong></span> <span class='ocrx_word' id='word_1_292' title='bbox 904 4294 1201 4374; x_wconf 54' lang='lat' dir='ltr'>,M0310s0gu01,G0.</span> <span class='ocrx_word' id='word_1_293' title='bbox 1266 4369 1269 4376; x_wconf 34' lang='grc' dir='ltr'>Ι</span> 
     </span>
     <span class='ocr_line' id='line_1_34' title="bbox 11 4357 1047 4430; baseline -0.013 -12"><span class='ocrx_word' id='word_1_294' title='bbox 11 4372 52 4418; x_wconf 89' lang='lat' dir='ltr'>nni</span> <span class='ocrx_word' id='word_1_295' title='bbox 74 4371 95 4418; x_wconf 91' lang='lat' dir='ltr'>l.</span> <span class='ocrx_word' id='word_1_296' title='bbox 130 4369 195 4420; x_wconf 77' lang='lat' dir='ltr'>Editi</span> <span class='ocrx_word' id='word_1_297' title='bbox 213 4377 237 4418; x_wconf 87' lang='lat' dir='ltr'>et</span> <span class='ocrx_word' id='word_1_298' title='bbox 254 4367 294 4418; x_wconf 86' lang='lat' dir='ltr'>alti</span> <span class='ocrx_word' id='word_1_299' title='bbox 311 4357 431 4430; x_wconf 68' lang='grc' dir='ltr'>λαβόντα</span> <span class='ocrx_word' id='word_1_300' title='bbox 452 4357 560 4413; x_wconf 72' lang='lat' dir='ltr'>dodino.</span> <span class='ocrx_word' id='word_1_301' title='bbox 612 4364 674 4416; x_wconf 79' lang='lat' dir='ltr'>lrler.</span> <span class='ocrx_word' id='word_1_302' title='bbox 693 4373 717 4416; x_wconf 82' lang='lat' dir='ltr'>et</span> <span class='ocrx_word' id='word_1_303' title='bbox 733 4365 840 4416; x_wconf 77' lang='lat' dir='ltr'>leletm.</span> <span class='ocrx_word' id='word_1_304' title='bbox 856 4361 878 4412; x_wconf 90' lang='lat' dir='ltr'>l.</span> <span class='ocrx_word' id='word_1_305' title='bbox 898 4373 952 4408; x_wconf 79' lang='lat' dir='ltr'>ono</span> <span class='ocrx_word' id='word_1_306' title='bbox 971 4361 1047 4412; x_wconf 74' lang='lat' dir='ltr'>deest.</span> 
     </span>
    </p>
   </div>
   <div class='ocr_carea' id='block_1_12' title="bbox 0 0 1440 5046">
    <p class='ocr_par' dir='ltr' id='par_1_14' title="bbox 0 0 1440 5046">
     <span class='ocr_line' id='line_1_35' title="bbox 0 0 1440 5046; baseline 0 3"><span class='ocrx_word' id='word_1_307' title='bbox 0 0 1440 5046; x_wconf 95' lang='lat' dir='ltr'> </span> 
     </span>
    </p>
   </div>
  </div>
 </body>
</html>
