3176 5058
281 267 322 330 52
679 281 705 324 s.
720 277 1105 324 ιττιιιιειιικεειεειεεοει

194 418 337 510 νινε-οῦν
359 432 582 516 προειρημένα
603 427 669 492 τῶν
688 425 916 511 χριστομόχων
936 425 1120 512 χαμαίζηλα
1143 423 1286 510 ῥημάτια
1297 425 1507 511 προαπέδει-

279 532 331 610 ξεν
359 525 377 596 ὁ
399 528 496 614 λόγος
517 530 571 594 καί
593 526 668 596 τότε
689 527 746 594 καί
766 531 821 594 νῦν
844 526 955 615 πάσης
977 523 1130 612 ἀσεβείας
1152 524 1233 594 όντα
1252 525 1374 611 μεστά·
1402 523 1445 594 τὰ
1467 528 1504 594 δὲ

279 629 375 716 παρὰ
407 633 466 716 τῆς
488 628 626 696 συνόδου
648 634 814 718 γραφέντα
834 631 888 708 καί
912 625 1092 715 ὁρισθέντα
1112 613 1180 694 κατ’
1205 621 1312 694 αὐτῶν
1335 626 1392 695 ἐὰν
1414 625 1503 712 έρευ-

277 730 360 817 νήσῃ
389 754 441 808 τις
470 723 627 815 όκριβῶς,
657 726 785 816 εὑρήσει
813 728 947 809 πάντως
975 729 1009 796 ἐν
1039 724 1153 810 αὐτοῖς
1179 728 1238 796 τὸν
1258 731 1316 816 τῆς
1338 723 1501 816 όληθείας

278 831 356 896 νοῦν
385 829 631 918 περιεχόμενον,
661 825 701 897 όν
730 830 875 914 μάλιστα
902 833 956 898 καί
977 829 1036 916 τήν
1058 829 1232 918 πρόφασιν
1254 831 1319 895 τῶν
1340 828 1503 896 τοιούτων·

279 930 398 1008 λέξεων
427 931 561 1014 ἔχουσαν
589 931 628 999 τὸ
656 929 805 1018 εόλογον,
836 933 1038 1020 φιλομαθοῦς
1060 929 1236 1018 ἐρωτήσας,
1259 926 1399 1022 ᾇκοόσῃ·
1431 931 1502 997 ἔστι

278 1029 340 1117 νὰε
363 1027 452 1120 αὕτη·
1432 1109 1442 1135 ,

366 1122 413 1184 19.
457 1119 544 1206 ’Τῆς
566 1116 705 1184 συνόδου
726 1119 928 1204 βουλομένης
949 1111 1502 1204 τὰςμὲντῶνἈρειανῶντήςασε·

276 1221 369 1302 βείας
397 1219 500 1298 λέξεις
529 1213 671 1299 ἀνελεῖν,
699 1219 760 1298 τὰς
788 1219 824 1286 δὲ
853 1222 920 1284 τῶν
942 1222 1077 1306 γραφῶν
1102 1214 1365 1303 ὁμολογουμένας
1386 1215 1500 1303 φωνὰς

276 1317 419 1406 γράψαι,
449 1316 503 1386 ὁτι
530 1346 566 1387 τε
594 1319 666 1400 οίός
689 1319 778 1386 ἐστιν
808 1315 866 1386 οῦκ
888 1319 924 1400 ἐξ
945 1315 1002 1386 οόκ
1025 1318 1143 1398 όντων,
1175 1313 1243 1386 ἀλλ’
1268 1318 1303 1386 ἐκ
1324 1320 1382 1384 τοῦ
1404 1322 1498 1396 θεοῦ,

275 1422 329 1486 καὶ
351 1419 448 1506 λόγος
470 1420 540 1488 ἐστὶ
562 1424 615 1490 καί
639 1427 759 1508 σοφία,
784 1415 853 1487 ἀλλ’
879 1417 916 1487 οὐ
938 1428 1059 1505 κτίσμα
1081 1416 1157 1488 οῦδὲ
1179 1427 1330 1508 ποίημα,Ι
1353 1420 1441 1485 ίδιον
1463 1421 1499 1486 δὲ

276 1519 311 1588 ἐκ
339 1523 398 1587 τοῦ
425 1522 554 1607 πατρὸς
581 1527 737 1608 γέννημα·
768 1522 800 1588 οί
830 1525 906 1611 περί
929 1517 1089 1607 Εὗσέβιον
1112 1518 1179 1588 ὁπὸ
1201 1524 1260 1606 τῆς
1281 1523 1499 1606 πολυχρονίου

200 1611 201 1616 ¹
275 1623 471 1699 κακοδοξίας
494 1621 618 1688 ἑαυτῶν
641 1621 810 1705 ἑλκόμενοι
833 1622 1007 1710 ἐβούλοντο
1029 1622 1068 1688 τό
1091 1623 1126 1690 έκ
1147 1626 1205 1690 τοῦ
1228 1625 1312 1689 θεοῦ
1327 1620 1438 1688 κοινόν
1454 1617 1500 1690 εἷ-

277 1745 333 1786 ναι
355 1719 440 1806 πρὸς
461 1717 547 1806 ἡμᾶς
569 1723 622 1788 καί
644 1719 701 1788 τὸν
723 1725 783 1789 τοῦ
804 1727 887 1790 θεοῦ
917 1724 1028 1810 λόγον,
1060 1725 1162 1812 μηδέν
1183 1751 1219 1792 τε
1242 1723 1275 1791 ἐν
1298 1723 1403 1809 τούτῳ
1427 1725 1500 1790 δια-

277 1825 391 1908 φέρειν
413 1818 504 1906 ήμῶν
527 1818 635 1901 αὐτόν,
660 1822 716 1889 διὰ
736 1822 774 1889 τὸ
796 1824 1002 1912 γεγράφθαι·
1026 1821 1073 1904 είς
1094 1823 1176 1905 θεὸς
1198 1825 1234 1908 ἐξ
1248 1813 1286 1890 οὸ
1297 1823 1339 1891 τὰ
1349 1824 1498 1905 πάντῶ).

275 1923 330 1986 καὶ
353 1921 471 1987 πόλιν·
494 1922 536 1990 τὰ
558 1917 677 2007 ἀρχαῖα
699 1927 882 2010 παρῆλθεν,
907 1925 979 1991 ίδοὺ
1001 1932 1111 2012 γέγονε
1132 1926 1174 1992 τὰ
1196 1925 1307 1992 πάντα
1321 1926 1433 1992 καινά·
1456 1923 1497 1992 ’τὰ

212 2025 215 2033 “
277 2021 313 2088 δὲ
343 2020 453 2088 πάντα
481 2021 515 2090 έκ
537 2026 601 2090 τοῦ
623 2027 746 2106 θεοῦἿ.
792 2019 861 2092 ἄλλ’
887 2026 919 2092 ol
947 2033 1088 2111 πατέρες
1114 2025 1346 2113 θεωρήσαντες
1369 2027 1497 2094 ἐκείνων
1531 2053 1536 2060 ’

220 2159 227 2171 ·
274 2119 332 2206 τήν
355 2121 557 2210 πανουργίαν
580 2128 632 2192 καί
655 2125 713 2213 τήν
735 2129 792 2214 τῆς
815 2121 968 2212 ἀσεβείας
989 2136 1212 2212 κακοτεχνίαν,
1242 2123 1496 2216 ἠναγκάσθησαν

275 2222 395 2290 λοιπὸν
418 2225 607 2314 λευκότερον
630 2227 735 2295 εἰπεῖν
757 2226 796 2294 τὸ
819 2227 853 2296 ἐκ
874 2233 932 2296 τοῦ
955 2233 1038 2296 θεοῦ
1061 2232 1114 2296 καί
1130 2230 1259 2315 γράψαι
1270 2228 1304 2296 έκ
1315 2233 1373 2318 τῆς
1383 2225 1498 2309 οῦσίας

272 2328 332 2390 τοῦ
354 2329 438 2394 θεοῦ
461 2321 546 2396 είναι
568 2328 625 2394 τὸν
648 2297 728 2408 υίόδ,
754 2324 837 2416 ὑπὲρ
859 2332 918 2395 τοῦ
940 2329 984 2416 μή
1007 2329 1046 2395 τὸ
1069 2330 1102 2396 έκ
1124 2335 1182 2396 τοῦ
1204 2334 1288 2398 θεοῦ
1311 2330 1422 2398 κοινόν
1443 2336 1495 2398 καί

275 2417 348 2492 ἴσον
370 2431 429 2492 τοῦ
451 2455 486 2495 τε
510 2430 582 2495 υἱοῦ
603 2432 658 2496 καί
680 2433 746 2496 τῶν
768 2434 910 2518 γενητῶν
932 2432 1140 2516 νομίζεσθαι,
1163 2427 1247 2499 ἀλλὰ
1269 2430 1391 2515 τὰμὲν
1413 2431 1497 2499 δι’λλα

272 2525 384 2590 πάντα
412 2534 548 2611 κτίσμα,
577 2528 634 2595 τόν
663 2531 699 2595 δὲ
729 2529 825 2616 λόγον
852 2531 954 2614 μόνον
977 2531 1011 2598 ἐκ
1032 2536 1090 2598 τοῦ
1113 2532 1241 2619 πατρὸς
1262 2529 1496 2626 πιστεῦεσθαι.

272 2619 332 2710 κᾷν
354 2625 415 2711 γὰρ
439 2625 473 2692 ίκ
494 2630 552 2692 τοῦ
576 2631 658 2693 θεοῦ
681 2628 722 2696 τὰ
744 2630 854 2697 πάντα
876 2634 1036 2718 1λέγηται,
1061 2629 1129 2700 ἀλλ’
1156 2633 1273 2715 ἄλλως,
1297 2629 1318 2723 ἢ
1340 2630 1384 2713 ῶς
1406 2635 1499 2702 ἔστιν

276 2718 293 2788 ὁ
317 2721 397 2803 υίός,
422 2726 558 2812 ε’ίρηται.
603 2727 644 2794 τὰ
666 2731 725 2812 μὲν
747 2729 808 2817 γὰρ
831 2739 1008 2816 κτίσματα,
1039 2735 1095 2802 διὰ
1116 2735 1155 2801 τό
1176 2735 1220 2823 μή
1245 2731 1330 2803 εἶναι
1348 2735 1415 2820 είκή
1437 2737 1498 2802 καὶ

275 2821 309 2889 ἔκ
331 2825 547 2910 ταυτομότου,
569 2829 653 2916 μηδὲ
674 2830 758 2899 κατὰ
779 2831 875 2920 τύχην
898 2833 981 2916 ἔχειν
1003 2834 1060 2923 τήν
1075 2842 1210 2922 γένεσιν,
1234 2838 1336 2904 “κατὰ
1349 2834 1425 2916 τοὺς
1442 2838 1501 2904 λε’-

273 2948 391 3009 γον-τας
420 2925 457 3006 ἐξ
483 2922 615 3014 ότόμων
643 2935 834 3022 συμπλοκῆς
861 2937 915 3001 καί
946 2931 1168 3022 ὁμοιομερῶν,
1192 2933 1233 3023 ’ἢ
1254 2935 1300 3017 ῶς
1322 2963 1409 3018 τινες
1429 2942 1496 3004 τῶν

273 3025 445 3116 αἱρετικῶν
468 3026 568 3100 όλλον
591 3033 787 3123 δημιουργὸν
803 3037 962 3122 λέγουσιν,
987 3031 1008 3124 ἢ
1023 3033 1068 3116 ῶς
1083 3038 1186 3106 πόλιν
1198 3038 1295 3106 ἄλλοι
1311 3035 1379 3106 ὁπό
1389 3065 1496 3108 τινων

185 3148 262 3196 νοτε.
273 3123 416 3215 ἀγγέλων
444 3133 594 3218 λέγουσιν
623 3129 708 3204 εἶναι
736 3138 794 3224 τήν
816 3140 882 3204 τῶν
904 3138 1040 3204 πάντων
1063 3137 1239 3221 σῦστασιν,
1268 3136 1336 3207 ἀλλ’
1362 3137 1416 3208 ὁτι
1436 3145 1498 3206 τοῦ

270 3233 355 3296 θεοῦ
379 3229 474 3313 όντος
495 3235 537 3303 τὰ
558 3237 669 3303 πάντα
691 3233 768 3323 παρ’
794 3233 894 3302 αὐτοῦ
918 3238 974 3304 διὰ
995 3243 1054 3304 τοῦ
1077 3239 1175 3326 λόγου
1197 3235 1256 3308 οῦκ
1278 3239 1358 3308 ὄντα
1373 3242 1494 3327 πρότε-

271 3353 327 3413 ρον
351 3331 397 3410 είς
419 3334 458 3397 τὸ
482 3329 567 3400 εἶναι
588 3339 707 3419 γέγονε,
731 3337 788 3401 διδι
809 3341 907 3402 τοῦτο
931 3338 1058 3425 ε’ίρηται
1078 3341 1117 3407 τὸ
1142 3341 1175 3409 ἐκ
1196 3345 1254 3408 τοῦ
1276 3347 1371 3410 θεοῦ.
1418 3339 1435 3408 ὁ
1460 3345 1495 3410 δὲ

271 3427 382 3512 λόγος,
412 3429 488 3496 ἐπεὶ
508 3431 552 3516 μὴ
575 3438 696 3515 κτίσμα
717 3433 822 3516 ἐστίν,
852 3437 1053 3524 εἴρηταικαὶ
1077 3443 1148 3510 έστι
1168 3443 1270 3527 μόνος
1292 3443 1326 3511 έκ
1347 3447 1406 3512 τοῦ
1428 3469 1497 3510 πα-

270 3527 360 3612 τρός,
384 3531 460 3613 ’τῆς
489 3530 524 3596 δὲ
551 3529 705 3619 τοιαύτης
732 3535 880 3617 διανοίας
901 3539 1084 3628 γνώρισμα,
1115 3544 1153 3609 τὸ
1177 3539 1263 3612 εἶναι
1284 3546 1341 3611 τὸν
1365 3544 1438 3611 υἱὸν
1461 3543 1498 3612 ἐκ

269 3630 327 3714 τῆς
357 3621 472 3708 οδσίας
499 3634 557 3698 τοῦ
587 3633 730 3719 πατρός·
759 3629 865 3704 οὐδενί
887 3638 948 3725 γὰρ
971 3644 1037 3708 τῶν
1058 3649 1200 3732 γενητῶν
1222 3642 1364 3732 ὑπάρχει
1384 3648 1494 3712 τοῦτο.

271 3721 385 3812 ὁμίλει
410 3730 453 3796 τὰ
479 3731 590 3801 πάντα
617 3735 718 3820 λέγων
748 3731 765 3802 ὁ
787 3740 923 3819 Παῦλος
944 3741 979 3809 ίκ
1000 3747 1059 3810 τοῦ
1081 3750 1182 3827 θεοῦ,
1211 3743 1312 3826 εὐθὺς
1334 3746 1497 3832 ἐπήγαγε·

268 3832 322 3896 καί
347 3825 394 3910 εἷς
416 3831 526 3918 κύριος
544 3828 666 3922 Ἰησοῦς
686 3837 842 3925 Χριστός,
867 3836 914 3908 δι’
940 3834 978 3910 οὗ
992 3845 1034 3911 τὰ
1049 3845 1176 3927 πάντα,
1200 3849 1256 3914 ἵνα
1271 3849 1359 3935 δείξη
1375 3850 1495 3926 πᾶσιν,

189 3963 194 3968 ·
270 3925 323 3997 ὁτι
344 3930 444 4012 ἄλλος
464 3940 524 4017 μέν
547 3935 636 4002 έστιν
660 3931 677 4002 ὁ
699 3939 770 4020 υίὸς
791 3942 857 4009 τῶν
878 3943 1013 4013 πάντων
1035 3951 1102 4014 τῶν
1124 3948 1158 4015 έκ
1180 3952 1238 4016 τοῦ
1260 3951 1344 4016 θεοῦ
1360 3955 1499 4035 γενομέ-

268 4053 350 4126 νων·
371 4031 415 4100 τὰ
435 4033 497 4120 γὰρ
519 4034 553 4102 ἐκ
574 4038 634 4102 τοῦ
656 4043 740 4106 θεοῦ
761 4041 997 4128 γενόμεναδιδι
1019 4049 1091 4114 υίοῦ
1113 4054 1241 4134 γέγονε·
1264 4052 1323 4136 τῆς
1345 4050 1381 4115 δὲ
1397 4049 1499 4136 δημι-

339 4205 362 4264 1)
383 4185 404 4258 ι’.
423 4206 479 4258 cor.
498 4207 521 4268 ε,
540 4208 563 4260 ο.
633 4210 658 4272 ι)
677 4211 700 4264 2.
719 4213 774 4264 cor.
794 4215 818 4274 ε,
839 4216 932 4268 ιτιε.

303 4322 851 4392 mvfflmsspm.fflAfflmmsstn5.
939 4332 1499 4402 οῶεὴςλῶνωοωωῶλὴπω.

268 4387 851 4461 Οψωθωὶλῆθμωὼωί
939 4401 1287 4467 αψωωωωωω

267 4455 494 4511 mmmmm
