3220 5046
623 249 734 296 omaro
749 251 782 296 n.
798 250 915 298 eorrrm
928 253 1064 302 amos.
1381 255 1444 320 427

216 413 304 482 tuus,
332 423 399 469 oum
426 403 498 466 itam
521 403 678 468 dedeceret
696 404 750 466 bei
773 421 851 486 opus
871 407 1078 489 importarem
1100 429 1272 492 remanere,
1300 420 1380 484 rmde
1400 423 1529 498 deame

215 517 248 571 ut
270 525 376 571 omnes
406 504 507 568 Sancti
535 505 654 568 Psalmo
684 508 847 570 centesimo
876 509 1028 591 uicesimo
1054 521 1185 596 septimo
1214 517 1308 582 Deum
1330 522 1387 585 hae
1406 523 1444 588 de

214 629 248 673 re
268 611 309 673 ite
330 616 505 690 precentur:
527 607 664 679 Domine,
687 611 839 672 retrabere
859 629 921 692 pro
939 631 1007 692 orep
1029 615 1166 695 Docere,
1190 637 1444 701 operemuouurn

215 725 339 776 morum
360 730 398 774 ne
414 712 578 790 despr‘or'rra3
600 707 711 772 ideirco
725 711 889 790 perlectum
904 711 957 774 liei
971 715 1098 781 Verbum
1114 736 1222 800 eorpus
1237 723 1442 805 imperfectum

213 814 310 876 induit
338 820 426 892 etque
454 811 484 872 in
515 829 606 892 opera
635 811 729 873 creari
758 811 882 886 dieitur,
908 824 943 876 ut
963 831 1020 894 pro
1041 819 1129 896 nobis
1151 820 1251 886 debito
1272 826 1373 890 soluto
1395 847 1441 905 as,

213 933 289 996 quae
311 913 425 978 bomini
447 914 583 988 deerant,
613 912 821 993 perseipsum
845 913 978 994 expleret
999 925 1084 996 atque
1105 922 1269 999 perliceret,
1312 927 1442 994 [temne

214 1027 312 1080 autem
333 1015 447 1080 homini
469 1015 675 1078 immortalitas
699 1025 729 1076 et
749 1016 795 1076 ria
817 1015 854 1078 ed
876 1015 1057 1097 paradisum.
1102 1019 1167 1084 Hoc
1188 1024 1284 1102 ipsum
1307 1029 1451 1106 Salvator,

212 1119 260 1184 bis
280 1121 380 1182 verbis
408 1119 535 1181 indicat:
571 1117 634 1198 Epo
664 1127 692 1180 te
717 1117 892 1200 plorifiouur'
911 1123 944 1181 in
973 1130 1076 1195 terrm·
1112 1141 1188 1203 opus
1220 1131 1337 1207 persecu·
1360 1137 1441 1215 qued

210 1225 384 1304 [uerendum
405 1221 480 1284 mibi
500 1221 617 1284 dedisti.
660 1219 697 1281 Et
719 1220 842 1284 iterum:
882 1221 1000 1303 Opere,
1029 1243 1105 1304 praue
1133 1224 1227 1288 Puler
1248 1231 1323 1292 nete
1340 1237 1440 1315 perfi.

211 1326 316 1414 ciendo
339 1325 433 1394 dedit,
463 1323 530 1404 epse
558 1339 665 1404 opero,
696 1340 770 1404 plue
797 1323 893 1402 losio,
924 1327 1126 1387 testimonium
1140 1315 1307 1406 'petione
1328 1333 1438 1404 de-rrre.

212 1427 309 1507 Opera
331 1443 439 1506 porro,
472 1441 546 1503 quae
568 1423 626 1486 sibi
648 1424 765 1486 Patrem
789 1423 965 1503 perficienda
989 1425 1109 1488 dedisse
1132 1427 1276 1506 declarat,
1305 1431 1370 1513 ipss
1393 1433 1440 1498 illo

171 1523 291 1604 ''sunl,
313 1527 343 1589 in
366 1533 586 1607 quererentur,
609 1526 687 1588 utin
702 1525 873 1588 Proverbiis
897 1527 952 1588 ait:
974 1527 1123 1593 Dominus
1147 1537 1264 1595 ereuor't
1282 1553 1329 1599 ete
1346 1540 1439 1617 prsis*

209 1633 318 1710 replum
346 1631 467 1691 olorum
489 1645 617 1690 suorum
640 1631 672 1690 r‘o
694 1646 790 1709 opero
811 1646 878 1691 ruo.
922 1629 1103 1712 Numidam
1133 1641 1181 1695 est
1210 1633 1323 1698 dicere:
1357 1637 1438 1704 dedit

207 1731 278 1794 mibi
302 1730 391 1793 Pater
412 1749 513 1812 opera,
536 1739 580 1793 et:
604 1729 713 1792 crearit
734 1749 781 1792 me
803 1729 948 1793 Dominus
971 1732 1001 1792 in
1025 1751 1126 1812 opere.

291 1939 341 2001 dt.
387 1933 581 2008 Quandonam
603 1933 693 2014 igitur
715 1951 805 2014 opera
826 1935 1006 2016 perficienda
1028 1936 1170 2018 suscepit,
1194 1938 1280 2001 ollei
1302 1940 1434 2006 bosus?

203 2035 281 2100 ilinc
303 2037 380 2100 enim
403 2037 473 2116 quid
496 2036 595 2100 dictio.
610 2039 725 2098 creauit
747 2036 902 2115 significet.
925 2037 1009 2099 loeile
1031 2039 1221 2118 intelligetur.
1255 2040 1287 2102 si
1301 2060 1432 2123 respon·
1509 2023 1513 2030 ⁵

203 2137 291 2214 detis,
312 2139 459 2220 principio
484 2138 657 2218 suscepisse
679 2153 770 2216 opera
790 2137 979 2215 perficienda,
1002 2139 1067 2200 ouln
1090 2141 1140 2202 illa
1163 2159 1179 2200 e
1201 2139 1294 2202 nibilo
1317 2144 1387 2204 lecit
1401 2154 1434 2207 ul

204 2247 325 2314 essent3
346 2241 453 2302 falsum
475 2239 505 2301 id
527 2239 630 2316 utique
654 2247 710 2310 est,
733 2237 859 2299 necdum
883 2239 961 2300 enirn
985 2239 1058 2300 iaetu
1081 2247 1175 2301 erant.
1219 2240 1305 2320 Atqui
1325 2242 1363 2302 de
1384 2243 1433 2305 bis

203 2351 341 2420 tanquam
370 2359 446 2419 quae
473 2340 531 2400 iem
565 2346 669 2399 essent
695 2345 818 2419 apparet
845 2357 912 2399 euur
941 2337 1034 2417 loqui.
1078 2337 1181 2417 Neque
1209 2339 1296 2402 etiam
1319 2344 1364 2403 ias
1386 2353 1434 2406 est

202 2441 283 2503 istud
306 2441 342 2502 de
365 2449 499 2520 tempore
521 2437 693 2517 intelligere,
716 2439 795 2519 quod
817 2439 900 2519 prius
923 2439 978 2501 luit
1000 2457 1087 2520 quem
1103 2439 1231 2502 Verbum
1254 2459 1323 2506 earo
1338 2443 1432 2518 flaret,

202 2561 241 2604 ne
262 2541 374 2604 inutilis
397 2541 460 2604 eius
491 2540 625 2602 videatur
653 2540 813 2614 adventus,
848 2559 913 2603 cnm
941 2541 1065 2605 huiusce
1093 2542 1137 2606 rei
1160 2561 1247 2608 causa
1269 2544 1429 2622 advenerit

200 2645 304 2726 ltaque
326 2643 383 2706 iam
406 2651 508 2718 restet,
530 2649 563 2706 ut
585 2643 738 2719 fateamur,
761 2652 833 2706 tuno
854 2645 1005 2725 accepisse
1021 2663 1123 2726 opera,
1146 2663 1212 2708 cum
1228 2647 1515 2718 bombinatorem.

201 2740 257 2810 est.
296 2745 447 2828 Siquidem
470 2755 541 2808 tunc
562 2745 610 2808 illa
632 2737 766 2826 perfecit,
789 2765 855 2808 cum
879 2749 981 2808 nos'tra
1004 2747 1116 2810 sanauit
1138 2749 1259 2810 uulnera
1281 2749 1429 2830 nobisque

200 2869 236 2910 ex
263 2849 389 2910 mortuis
422 2865 580 2926 resurgere
608 2849 766 2909 concessit
812 2848 899 2920 Quod
929 2849 955 2909 si
983 2865 1049 2910 curn
1078 2849 1205 2912 Verbum
1229 2853 1427 2914 carolorum

201 2955 258 3024 est,
281 2957 352 3010 tunc
366 2949 393 3008 ei
409 2948 475 3007 data
499 2954 689 3026 sumopere,
712 2948 805 3026 liquet
827 2948 936 3027 ipsum,
960 2967 1025 3009 cum
1049 2949 1140 3010 bomo
1162 2951 1257 3011 laetus
1278 2930 1335 3024 est,
1359 2959 1429 3012 tune
1505 2975 1511 3012 ;

201 3059 324 3132 quoque
348 3049 500 3128 inopere
530 3065 597 3109 esse
631 3055 772 3110 creatum.
816 3047 882 3109 Non
915 3067 985 3126 ergo
1009 3049 1072 3110 ,hoc
1102 3049 1192 3110 verbo
1221 3055 1336 3115 creauit
1362 3051 1427 3112 eius

198 3161 303 3216 natura
326 3149 518 3230 significetur,
542 3148 584 3210 uti
607 3149 727 3230 saepius
751 3149 861 3212 dietum
885 3158 942 3222 est,¹
963 3149 1017 3210 sed
1040 3156 1125 3211 ortus
1141 3149 1237 3229 ipsius
1252 3167 1426 3229 corporeus.

197 3253 282 3317 Tune
309 3252 404 3327 enim,
439 3252 518 3331 quod
547 3269 637 3332 opera
669 3252 839 3332 imperfecta
870 3261 901 3312 et
929 3251 1029 3314 mutila
1057 3261 1180 3331 pescate
1203 3251 1278 3313 laon
1299 3253 1425 3326 sumant,

196 3356 290 3420 creari
324 3353 487 3416 seeundum
518 3371 626 3433 corpus
655 3351 778 3426 dieitur,
812 3361 845 3414 ut
872 3352 930 3415 illis
952 3352 1091 3433 perfectis
1113 3362 1201 3433 atque
1222 3353 1254 3414 in
1276 3353 1423 3434 integrum

76 3523 82 3528 .
196 3467 303 3520 statum
331 3455 494 3529 restitutis,
524 3453 684 3517 Ecclesiam
707 3455 786 3517 Patri
815 3455 969 3517 exhiberet
994 3473 1057 3518 non
1087 3455 1242 3518 iubentem
1261 3457 1422 3531 mochin,

194 3569 227 3622 ut
249 3559 290 3620 ait
311 3557 480 3638 Apostolus,
505 3568 559 3621 out
580 3573 687 3639 rupem
709 3566 765 3620 cut
786 3557 902 3640 aliquid
923 3557 1103 3629 betesmodr',
1126 3557 1180 3622 sed
1199 3569 1236 3620 ut
1255 3563 1296 3640 sr't
1317 3569 1424 3623 roseto

224 3745 250 3797 b.
267 3747 368 3806 sepner.
386 3735 478 3794 derisor
494 3741 584 3795 τοῦτο.
617 3744 662 3797 atil
680 3752 704 3798 et
722 3746 779 3798 editi
829 3746 858 3798 dt
876 3747 899 3799 io
918 3747 1017 3810 Seguer.
1035 3737 1068 3794 st
1086 3759 1159 3809 supra
1171 3743 1209 3810 τῷ
1219 3745 1366 3826 adscriptum
1377 3752 1421 3796 est.

193 3807 239 3863 debr
258 3811 347 3862 rouro.
831 3813 922 3876 duplic.
945 3815 1043 3864 Gobler.
1069 3822 1093 3862 et
1111 3813 1258 3863 deleturi.
1278 3827 1310 3861 ro
1329 3805 1424 3866 alceir.

226 3899 246 3932 o.
266 3881 406 3942 Segouiam
432 3877 529 3930 Gobler.
546 3878 651 3928 Felobm.
672 3879 694 3929 1.
714 3887 738 3930 et
755 3880 778 3930 t.
830 3881 935 3932 l'eleluo.
955 3881 978 3930 5.
1003 3875 1089 3930 εἰπεῖν
1106 3888 1206 3930 tanturn.
1242 3881 1302 3930 edlu
1322 3895 1377 3932 rere
1412 3891 1421 3932 t

191 3941 341 4002 ἀποδιδούς
365 3957 388 3998 et
406 3946 480 4010 paolo
516 3952 555 3993 ost
571 3937 664 3996 ἔλειπε.
700 3948 779 3998 Ceteri
830 3949 870 3999 alil
889 3935 1011 3998 sicinae.
1050 3949 1224 3998 lbldemssostl.
1242 3942 1364 4016 rdlpyo
1382 3897 1421 4002 eir

192 4027 216 4069 ot
233 4019 290 4068 editi
309 4007 429 4070 ἀποδούς
447 4021 477 4064 rr
500 4007 568 4072 lena.
832 4010 863 4063 τὸ
881 4011 1029 4073 τελειῶσαι,
1048 4009 1094 4064 καὶ
1110 4008 1198 4065 leret
1214 4028 1257 4082 με.

223 4085 246 4136 d.
264 4077 347 4134 πάλιν
363 4087 431 4136 deest
449 4083 473 4132 in
492 4079 589 4132 Gobler.
602 4087 626 4131 et
639 4080 743 4130 Felolm.
757 4081 779 4130 l.
865 4099 887 4146 g.
906 4085 1009 4135 Felebm.
1028 4085 1052 4134 d.
1072 4085 1160 4135 omittit
1176 4076 1277 4150 adpros-
1368 4077 1369 4084 ’

224 4169 246 4204 e.
264 4154 362 4214 Seguer.
382 4151 480 4204 Gobler.
498 4155 522 4199 et
540 4147 645 4198 Felelm.
666 4149 688 4199 l.
709 4139 778 4196 odat
864 4151 887 4200 b.
908 4152 964 4214 fleg.
983 4161 1007 4202 et
1024 4152 1129 4202 Felebm.
1148 4152 1171 4204 b.
1189 4145 1324 4212 tuorem.

189 4214 225 4270 τὰ
242 4213 319 4284 ἔργα.
353 4219 427 4270 basii.
452 4217 508 4280 lleg.
535 4224 558 4266 sl
581 4217 670 4279 duplic
690 4213 778 4264 ταῦτα
863 4217 878 4268 i.
898 4219 997 4282 Segner.
1016 4213 1128 4285 ἐγίνετο.

188 4281 224 4336 τὰ
242 4280 317 4354 ἔργα.
354 4287 415 4337 Editi
433 4284 520 4334 ταῦτα
537 4277 567 4348 ἔρ
589 4299 614 4333 α.
641 4285 776 4346 ldorSrgn.
862 4287 884 4334 b.
903 4287 1002 4349 Sepuer.
1022 4275 1416 4348 nonter.ralotm.1.ut.ipriv.

189 4355 288 4407 Gobler.
312 4361 336 4405 et
358 4355 463 4405 l'elelm.
483 4355 506 4403 1.
529 4297 676 4432 ebonem
694 4343 777 4418 αὐτῷ.
827 4353 890 4406 Editi
908 4362 932 4405 et
950 4354 990 4405 alii
1007 4354 1099 4405 πᾶσιν.

187 4423 216 4472 ln
234 4423 289 4472 aliis
307 4423 417 4472 eluditis
435 4421 504 4470 deest
522 4433 571 4468 αυτ
598 4453 604 4467 .
862 4421 879 4470 l.
906 4422 947 4472 Sic
964 4423 1064 4486 Srpner.
1083 4423 1139 4483 lter.
1158 4421 1192 4470 lu
1211 4420 1250 4470 lic.
1269 4425 1293 4468 et
1310 4415 1416 4467 Felelrm.

222 4490 240 4538 i.
259 4487 441 4553 §secunduli
451 4496 475 4538 et
484 4484 671 4554 labimini
682 4477 775 4538 abab.
827 4488 851 4539 4.
885 4490 914 4542 at
937 4489 1009 4542 editio
1029 4488 1145 4542 Commel.
1164 4435 1290 4547 deierabo
1307 4473 1352 4534 ὅτε
1370 4487 1415 4534 ele,
1496 4481 1499 4492 '
