3176 5058
481 297 642 342 'eersrom
658 299 696 340 oe
711 297 875 342 seraranan
891 299 1034 342 oroursn.
1275 285 1277 292 ⁴
1321 287 1379 350 119

152 451 345 536 sequentibus
367 449 539 531 profitetur,
570 447 741 522 „Christum
764 467 883 531 semper
903 450 998 513 luisse
1021 467 1055 512 ac
1078 447 1231 525 Verbum,
1253 449 1465 531 sapien-coa

153 555 250 631 „tiam
273 563 303 630 et
323 553 469 615 Virtutem
492 550 636 612 extitisse.
680 551 782 632 Neque
810 552 889 614 enim
911 551 990 614 Bous
1021 571 1087 614 cum
1116 551 1163 614 lris
1185 561 1271 616 antea
1294 571 1381 616 caru-

153 657 272 733 „isset,
306 663 411 735 postea
440 651 546 714 Filium
574 653 684 730 genuit.
728 651 830 732 Neque
860 673 875 714 a
906 653 1007 734 seipso
1030 653 1139 726 Filius,
1174 653 1228 716 sed
1256 653 1383 716 aPatre

152 757 269 834 „habet
301 761 403 819 esse‘·
461 753 497 814 Et
528 753 630 832 paucis
667 754 847 826 interiectis,
881 755 982 816 eadem
1018 754 1054 816 dc
1087 775 1120 817 re
1154 756 1260 818 iterum
1294 754 1382 818 dicit:

153 860 257 932 „Cum
290 857 330 919 sit
363 855 506 936 splendor
538 854 614 916 lucis
646 863 800 926 aeternae,
833 863 863 915 et
896 853 961 933 ipse
994 857 1114 918 omnino
1148 866 1286 921 aeternus
1323 865 1379 920 est.

153 961 266 1040 „Luce
282 959 360 1021 enim
384 975 503 1037 semper
525 956 681 1030 existente,
708 956 896 1018 manifestum
920 965 977 1028 est,
1000 963 1030 1016 et
1050 957 1236 1036 splendorem
1260 977 1380 1040 semper

153 1060 325 1136 „existerea
359 1079 394 1121 eo
429 1058 506 1120 enim
541 1057 608 1138 ipso
646 1057 741 1120 lucem
774 1075 840 1119 esse
878 1055 1066 1136 intelligitur,
1105 1058 1183 1135 quod
1216 1059 1378 1138 splendeat,

153 1179 215 1236 „ac
235 1162 299 1224 lieri
329 1160 447 1240 nequit,
477 1169 507 1222 ut
529 1159 578 1221 lux
600 1179 660 1222 non
682 1159 787 1222 luceat.
832 1159 974 1228 Rursum,
996 1157 1074 1220 enim
1103 1157 1139 1218 ad
1168 1160 1298 1238 exempla
1324 1179 1377 1224 ue·

151 1263 307 1338 „niamus
360 1262 392 1324 Si
422 1261 466 1324 sol
498 1271 558 1333 est,
592 1269 639 1323 est
667 1279 785 1341 quoque
814 1259 972 1340 splendor,
1012 1268 1058 1320 est
1090 1265 1120 1320 et
1147 1257 1228 1334 dies,
1255 1260 1282 1322 si
1309 1279 1378 1322 vero

152 1365 286 1442 „horum
309 1363 380 1426 nihil
405 1373 459 1437 est,
482 1363 606 1425 multum
629 1361 714 1426 abest
736 1363 843 1424 adesse
866 1361 973 1424 solem.
1019 1361 1107 1434 Quod
1130 1360 1155 1422 si
1175 1367 1312 1422 aeternus
1334 1359 1379 1422 sol

152 1474 269 1542 „esset
293 1466 357 1526 dics
382 1466 469 1526 eliam
492 1483 639 1544 nunqnam
663 1473 811 1539 cessaret3
833 1481 916 1526 nunc
931 1467 1038 1525 autem*
1053 1463 1161 1541 (neque
1184 1459 1263 1522 enim
1285 1459 1325 1522 ita
1347 1474 1465 1524 sermo.

151 1585 226 1642 „res
248 1566 348 1642 habet)
371 1564 530 1644 incipiente
552 1565 617 1626 sole
638 1565 740 1644 incipit
767 1573 797 1626 et
816 1563 880 1626 dies
902 1582 937 1626 ac
958 1561 1113 1626 desinente
1135 1560 1256 1624 desinit.
1300 1560 1380 1624 fleus

150 1675 274 1742 ..eutem
296 1675 416 1730 aeterna
444 1666 494 1728 lux
516 1674 578 1740 est,
611 1685 686 1746 quae
715 1683 864 1746 nonquam
894 1663 1040 1744 incoepit,
1074 1681 1224 1743 nunquam
1253 1661 1380 1726 desinet.

150 1769 322 1842 „delemus
346 1787 417 1847 ergo
441 1767 584 1848 splendor
605 1768 663 1848 ipsi
686 1766 834 1848 praelucet
855 1785 889 1828 ac
911 1765 1063 1836 coexistit,
1087 1764 1138 1844 qui
1159 1763 1271 1844 alisque
1293 1763 1379 1828 initio

152 1881 227 1944 „est
249 1878 279 1930 et
299 1869 335 1930 ab
358 1879 478 1930 aeterno
501 1871 618 1948 genitus
640 1879 708 1932 anto
730 1887 797 1932 eum
819 1868 941 1942 emieat,
976 1867 1086 1947 quique
1107 1865 1232 1946 ipsamet
1253 1873 1300 1928 est
1321 1866 1378 1928 Sa·

154 1970 301 2050 „pientia
324 1989 398 2049 (puae
420 1970 505 2032 dicit:
529 1971 591 2052 Epo
614 1991 712 2043 erum,
736 1969 978 2053 quo-quudedot,
1001 1979 1030 2030 et
1053 1967 1225 2031 delectabor
1247 1969 1379 2048 quotidie

153 2081 251 2146 ,‚onte
271 2072 379 2150 sociem
401 2076 465 2134 eius
489 2076 572 2134 omni
592 2080 758 2154 tempore.“
790 2070 942 2149 Pauloque
963 2077 1068 2148 postea
1083 2068 1120 2130 de
1135 2067 1239 2130 eodem
1255 2067 1381 2130 resumit

151 2171 198 2234 luis
221 2171 334 2234 verbis:
360 2172 455 2245 „Cum
477 2172 567 2252 igitur
588 2183 725 2236 aeternus
748 2172 787 2233 sit
808 2171 906 2244 Pater,
928 2179 1065 2232 aeternus
1089 2175 1134 2232 est
1155 2176 1184 2230 et
1204 2167 1307 2242 Filius,
1330 2168 1378 2230 lu-

152 2291 247 2348 ,‚men
268 2274 305 2336 de
326 2273 447 2334 laoniae.
491 2273 564 2336 Nam
586 2274 612 2336 si
635 2273 752 2354 genitor
768 2280 823 2346 est,
847 2279 893 2334 est
914 2279 943 2334 et
958 2271 1051 2346 lilius3
1074 2267 1153 2349 quod
1176 2269 1202 2330 si
1225 2268 1302 2331 lilius
1317 2287 1379 2330 non

152 2421 171 2448 „
181 2382 237 2449 est,
259 2393 316 2452 qua
337 2373 452 2434 ratione
475 2383 505 2434 et
525 2376 609 2437 cuius
637 2382 738 2454 potest
761 2393 830 2435 esse
852 2369 993 2452 genitori
1036 2370 1124 2450 Atqui
1147 2369 1233 2430 ambo
1258 2376 1328 2431 suot
1350 2376 1380 2431 et

154 2491 300 2554 „semper
322 2479 422 2535 sunt.“
467 2473 579 2538 Deinde
601 2476 672 2540 haec
693 2474 787 2538 addit:
811 2473 906 2548 „Cum
929 2471 1018 2552 igitur
1039 2470 1119 2532 Beus
1140 2469 1180 2532 sit
1200 2469 1267 2543 lux,
1291 2467 1379 2530 Chri·

152 2582 247 2648 „stus
270 2583 315 2636 est
335 2574 491 2654 splendor-3
526 2595 591 2640 cum
620 2585 716 2642 autem
740 2577 805 2658 ipsc
827 2573 955 2654 Spiritus
979 2589 1097 2654 quoque
1120 2571 1161 2634 sit
1192 2573 1272 2645 (nam
1308 2569 1380 2651 Spi-

151 2679 273 2750 „mtna
303 2674 411 2756 inquit,
441 2687 485 2740 est
506 2677 619 2754 Dens),
647 2686 847 2759 congruenter
867 2693 985 2738 rursum
1009 2673 1144 2737 Christus
1167 2691 1259 2752 vapor
1281 2671 1378 2734 dictus

150 2786 238 2850 ,„est:
263 2787 306 2840 cet
329 2782 422 2850 enim,
444 2777 555 2856 inquit,
578 2795 676 2856 uapor
699 2781 824 2840 uirtutis
848 2775 935 2839 nene
981 2775 1018 2836 Et
1050 2775 1156 2838 iterum
1178 2774 1233 2836 ait:
1265 2773 1377 2848 „Solus

152 2885 276 2950 „autem
297 2875 399 2947 Filius,
423 2878 473 2954 qui
495 2875 576 2936 Patri
598 2893 716 2952 semper
738 2877 876 2938 coexistit
897 2885 927 2936 et
944 2875 1004 2948 illo,
1028 2876 1079 2955 qui
1095 2883 1152 2948 est,
1175 2875 1291 2952 plenus,
1313 2875 1379 2953 ipsc

154 2993 301 3054 „quoque
324 2982 427 3034 estex
449 2974 568 3034 Patre.“

242 3076 290 3138 16.
335 3072 415 3133 llaec
441 3073 466 3132 si
496 3070 632 3150 ambigue
654 3072 730 3134 dicta
752 3074 894 3146 luissent,
927 3073 1089 3150 interprete
1118 3088 1194 3150 opus
1222 3071 1381 3145 haberent;

151 3186 182 3238 at
203 3193 269 3238 carm
298 3172 395 3254 palam
422 3181 452 3234 ct
477 3173 652 3252 plerumque
679 3174 752 3236 haec
778 3172 950 3252 inscriptis
975 3171 1037 3232 suis
1061 3169 1261 3252 pertractarit,
1294 3169 1381 3232 Arius

150 3276 268 3358 quidem
292 3275 431 3338 dentibus
453 3273 586 3348 strideat,
609 3275 687 3354 quod
711 3293 795 3336 suam
817 3268 967 3335 haeresim
982 3281 1082 3334 cernat
1103 3270 1276 3352 allionysio
1293 3287 1379 3332 ever-

151 3397 213 3444 sam
236 3377 393 3458 audiatque
415 3377 460 3438 ael
482 3375 591 3438 invitus
614 3376 687 3438 lraec
708 3375 785 3440 illius
809 3375 914 3437 verba:
939 3375 1086 3454 „Semper
1107 3372 1187 3436 fleus
1202 3371 1290 3436 Pater
1307 3371 1380 3448 loit;

153 3488 211 3554 „et
230 3479 323 3541 Filius
346 3496 407 3542 noo
429 3476 543 3558 absque
564 3495 652 3540 causa
674 3485 813 3542 seminus
836 3477 960 3550 dicitura
990 3473 1043 3538 sed
1073 3475 1141 3556 quia
1169 3481 1309 3537 aeternus
1331 3481 1378 3536 est

155 3577 278 3652 „Pater,
301 3587 438 3641 aeternus
461 3587 509 3641 est
531 3585 561 3640 et
581 3577 682 3652 Filius,
706 3579 805 3658 illique
828 3577 981 3650 coexistit,
1004 3576 1251 3656 quemadmodum
1274 3575 1377 3655 splen-

154 3677 236 3752 „dor
257 3675 346 3739 luci.“
390 3679 414 3740 li
436 3698 519 3752 vero,
541 3679 590 3758 qui
613 3679 658 3742 vel
678 3679 782 3742 leviter
805 3679 993 3760 suspicantur
1013 3675 1187 3758 Dionysium
1219 3695 1284 3738 cum
1306 3675 1376 3738 drio

152 3765 294 3853 sensisse,
316 3779 393 3840 hanc
415 3780 568 3842 sinistram
590 3781 625 3842 de
649 3799 684 3842 eo
708 3780 955 3842 existimationem
978 3778 1136 3859 deponant.
1171 3777 1250 3851 Quid
1265 3795 1376 3857 quaeso

150 3879 192 3942 illi
214 3879 291 3944 inter
314 3898 347 3940 se
370 3879 518 3944 affinitatis
537 3881 656 3956 liabent,
678 3881 748 3942 Ario
764 3880 893 3942 dicente:
918 3877 1031 3955 „Filius
1048 3899 1110 3942 non
1125 3885 1189 3941 exat
1205 3875 1377 3957 priusquam

185 4048 206 4087 e.
226 4033 323 4084 Tauria.
343 4031 412 4086 Colb.
431 4033 478 4084 les.
503 4034 541 4083 Fr.
560 4034 579 4083 l.
597 4025 738 4099 προφερό·
789 4032 851 4083 Editi
870 4047 926 4082 roro
945 4023 1088 4112 ἀνάλογος.
1125 4029 1176 4080 llox
1188 4031 1244 4094 llep.
1263 4037 1286 4080 et
1303 4027 1376 4080 llasil.

147 4114 242 4166 μενον.
282 4100 356 4164 Paulo
375 4109 432 4166 post
450 4101 546 4152 Tauria.
565 4093 595 4152 ἐν
611 4098 649 4166 aqi
658 4113 737 4169 apos·
789 4101 866 4166 prima
886 4089 1186 4164 mxnudrpnsilimoet.
1222 4095 1374 4149 riunena.

149 4159 225 4234 einp.
679 4217 690 4246 τ
789 4167 834 4218 les.
859 4157 941 4234 cepte
963 4154 1034 4218 eleae
1059 4161 1172 4232 λέγεται.
1208 4165 1271 4218 Editi
1295 4153 1377 4230 dapis

183 4236 207 4286 d.
225 4237 266 4286 Sic
290 4236 345 4299 llas.
373 4235 470 4287 Tauria.
495 4237 542 4287 les.
577 4235 639 4286 Editi
659 4247 738 4290 ουτος
787 4229 902 4300 ilyetoa.

149 4287 200 4352 adv
224 4317 361 4370 perperam.
400 4303 453 4354 llox
475 4295 522 4353 nai
545 4312 600 4354 ente
625 4295 738 4358 αἰώνιος
822 4321 839 4370 ς,
858 4319 955 4370 Μή,
974 4319 1019 4370 1„¹
1038 4309 1139 4383 εἴρῃ,

149 4372 219 4424 doen
242 4373 265 4420 in
290 4371 347 4434 lleg.
373 4371 471 4422 Taurin.
494 4371 563 4422 eolo.
587 4372 633 4422 les.
659 4371 697 4422 Fr.
717 4371 734 4421 l.
930 4403 935 4418 .

148 4439 176 4490 ln
194 4439 266 4490 editis
283 4453 339 4490 xero
358 4437 453 4502 legitur.
823 4417 845 4468 ε’
864 4404 961 4456 τήηῃ·
980 4405 1025 4454 ¹⁰⁸¹
1045 4394 1151 4450 imm

184 4521 206 4556 a.
232 4505 273 4558 Sic
297 4507 353 4570 lleq.
374 4507 471 4558 laurio.
498 4492 569 4559 dolo.
592 4505 638 4560 les.
657 4505 695 4558 Fr.
715 4505 737 4574 1.Ι
820 4505 844 4555 la.
863 4505 960 4556 l'anrim
978 4503 1024 4555 les.
1042 4494 1272 4550 accedendum.
