3216 5048
228 229 291 296 οῦδ
627 243 653 288 ι.
668 189 822 286 ιταύαειι
836 239 1060 288 mmmmm

142 393 351 475 ενοιζωνται
371 391 474 460 πάλιν
496 390 602 474 λέγειν
623 391 836 475 συγκριτικοῖς
857 387 1015 476 εἰρῆσθαι
1033 386 1085 454 τά
1097 385 1197 476 ῥητά,
1210 383 1268 454 καὶ
1282 385 1455 484 διάτοῦτο
1585 393 1586 420 ¹

228 489 316 564 είναι
341 491 384 560 τά
412 489 647 576 συγκρινόμενα
676 485 815 576 ὁμογενῆ
821 539 831 571 ,
865 485 948 570 όίςτε
967 487 1025 556 τόν
1046 487 1119 556 υἱὸν
1139 490 1198 575 τῆς
1219 489 1285 555 τῶν
1307 482 1454 573 άγγίλων

133 619 137 630 ’
228 591 314 664 είναι
336 592 482 682 φύσεως,
514 591 795 680 αίσχυνθὴσοντοι
814 592 876 676 μέν
897 596 1152 679 προηγουμένως
1174 585 1220 670 ὥς
1239 588 1282 656 τὰ
1308 584 1455 657 Οάαλεν-

224 705 318 764 τίνου
338 691 695 780 καλ·Καρποκράτους
715 691 858 760 καὶτῶν
880 691 989 762 άλλων
1011 693 1183 778 αἱρετικῶν
1205 692 1375 780 ζηλοῦντες
1396 695 1455 759 κοιλ

226 794 461 886 φθεγγόμενοι,
485 783 531 862 τόν
553 790 573 861 ό
593 796 653 879 μὲν
675 793 753 874 τοὺς
774 789 930 881 ἀγγέλους
945 789 1113 880 ὁμογενεῖς
1123 793 1232 882 εἰρηκε
1241 795 1289 880 τῷ
1299 796 1451 880 Χριστῷ,

226 893 245 964 ό
276 899 313 965 δὲ
334 895 577 984 Καρποκράτης
605 890 760 982 ἀγγέλους
779 898 839 963 τοῦ
861 895 986 980 κόσμου
1008 893 1226 983 δημιουργοὺς
1248 889 1333 962 ελναί
1355 917 1452 983 φησι.

224 993 323 1086 1’παρ’
354 995 462 1084 αὐτῶν
489 997 551 1086 γάρ
579 998 663 1077 ’ίσως
687 995 856 1083 μαθόντες
881 999 936 1064 καλ
965 985 1060 1064 οὗτοι
1081 1001 1291 1084 συγκρίνουσι
1310 995 1369 1062 τὸν
1390 999 1452 1064 τού

223 1103 310 1168 θεοῦ
332 1100 429 1187 λόγον
450 1111 522 1180 τοῖς
544 1097 701 1186 ἀγγέλοις.

309 1210 360 1271 57.
402 1197 490 1270 Ἀλλ’
514 1200 778 1289 ἐντραπήσονται
798 1202 937 1268 τοιαῦτα
952 1197 1194 1286 φανταζόμενοι
1206 1198 1302 1285 παρὰ
1315 1199 1377 1283 μέν
1389 1201 1452 1266 τοῦ

223 1299 376 1392 άμνῳδοῦ
389 1305 556 1391 λέγοντος·
577 1309 629 1384 τίς
642 1298 893 1388 ὁμοιωθήσεται
905 1302 952 1386 τῷ
969 1306 1070 1388 κυρίῳ
1086 1299 1121 1368 ἐν
1135 1300 1222 1380 υἱοῖς
1231 1304 1315 1368 θεοῦ
1324 1304 1345 1382 ¹)
1353 1330 1366 1386 ‚⁰
1380 1307 1451 1369 καί·

223 1412 275 1486 τίς
292 1402 409 1492 ὅμοιός
424 1429 480 1474 σοι
494 1405 528 1473 ἐν
543 1411 649 1486 θεοῖς,
671 1404 809 1490 κύριε’),·
831 1396 1031 1470 άκούσοντοι
1043 1403 1080 1469 δὲ
1093 1397 1192 1487 ὅμως,
1216 1401 1273 1470 δάν
1288 1400 1353 1490 δι’ρα
1374 1397 1452 1492 ακη’ὶν

224 1505 331 1587 ούτιος
344 1506 512 1593 μάθωσιν,
536 1502 582 1586 ὥς
596 1506 630 1575 έν
646 1507 706 1591 μέν
720 1516 793 1584 τοῖς
808 1499 998 1590 όμογενέσιν
1014 1498 1284 1590 ὁμολογουμένως
1299 1506 1393 1594 φιλεῖ
1408 1505 1453 1574 τά

223 1611 283 1697 τῆς
315 1614 513 1695 συγκρίσεως
544 1613 700 1695 γίνεσθαι
730 1610 785 1674 καί
819 1601 877 1673 οὐκ
905 1604 939 1674 έν
966 1615 1040 1684 τοῖς
1067 1605 1295 1692 ἑτερογενέσιν.
1341 1601 1452 1688 οάδελς

223 1713 302 1796 γοῦν
322 1708 405 1776 θεὸν
427 1709 614 1796 ιισυγκρίνει
633 1708 721 1795 πρὸς
742 1706 926 1796 ἄνθρωπον
948 1702 1026 1775 οὐδὲ
1046 1706 1150 1775 πάλιν
1166 1704 1351 1794 άνθριιηταν
1365 1709 1453 1796 πρός

223 1809 266 1878 τά
294 1807 398 1894 άλογα
426 1803 503 1876 οόδλ
531 1807 612 1888 ξύλα
639 1808 725 1894 πρὸς
753 1808 872 1886 λίθους
901 1807 958 1876 διά
984 1807 1024 1876 τὸ
1046 1803 1205 1893 άνόμοιον
1226 1812 1286 1898 τῆς
1307 1809 1450 1899 φύσεως,

223 1907 310 1978 άλλά
335 1907 418 1988 θεὸς
445 1911 505 1993 μὲν
527 1905 721 1996 άσύγιιριτόν
744 1907 815 1976 ἔστι
836 1911 989 1995 πρᾶγμα,
1019 1907 1204 1997 άνθρωπος
1225 1911 1262 1980 δὲ
1283 1911 1371 2000 πρὸς
1393 1912 1452 1981 άν-

128 2097 140 2110 ,
222 2017 366 2099 θρωπον
388 2014 609 2098 ’συγκρίνεται
631 2011 686 2077 καὶ
709 2008 805 2090 ξύλον
827 2008 913 2096 πρὸς
935 2009 1032 2090 ξύλον
1053 2014 1107 2080 καλ
1123 2013 1223 2091 λίθος
1236 2012 1324 2100 πρὸς
1338 2015 1449 2096 λίθον,

221 2115 276 2182 καλ
298 2107 355 2181 οόκ
378 2111 418 2182 άν
439 2137 491 2192 τις
512 2111 569 2180 έπλ
591 2109 718 2178 τούτων
739 2111 834 2178 ε’ίιτοι
854 2110 894 2177 τὸ
915 2122 1073 2199 κρεῖττον,
1097 2107 1183 2182 ἄλλά
1195 2113 1235 2181 τὸ
1250 2117 1377 2200 μᾶλλον
1392 2115 1450 2184 καὶ

219 2214 275 2284 ’τὸ
297 2217 409 2292 πλέον.
448 2211 555 2294 οὕτως
573 2203 692 2302 Ἰωσὴφ
715 2209 838 2300 ὡραῖος
859 2203 899 2300 ἦν
920 2214 1047 2298 μᾶλλον
1067 2215 1162 2302 παρά
1183 2216 1261 2296 τοὺς
1283 2211 1450 2304 ἀδελφούς

220 2312 338 2399 αδτοῦ,
366 2321 421 2386 καὶ
445 2313 557 2406 Ῥαχὴλ
583 2319 641 2403 τῆς
661 2321 787 2395 Λείας·
820 2311 923 2403 άστὴρ
952 2314 989 2383 δὲ
1017 2309 1155 2404 ἀστέρος
1184 2312 1256 2401 οδχί
1278 2325 1446 2407 κρείσσων,

221 2414 306 2489 ἀλλὰ
331 2422 456 2505 μᾶλλον
485 2421 638 2508 διαφέρει
666 2417 700 2486 έν
729 2416 848 2504 affl).
894 2416 952 2484 ἐπὶ
979 2417 1016 2485 δὲ
1036 2421 1104 2486 τῶν
1125 2418 1337 2506 ἑτερογενῶν,
1369 2416 1449 2488 ὅταν

219 2533 233 2574 ῑ
240 2520 344 2587 ταῦτά
370 2546 423 2598 τις
454 2520 652 2606 παραβάλλῃ
680 2518 767 2605 πρὸς
799 2515 941 2606 άλληλιι,
974 2517 1052 2587 τότε
1071 2518 1111 2586 τὸ
1131 2531 1280 2607 κρεῖττον
1301 2521 1390 2608 πρὸς
1410 2522 1452 2590 τὸ

220 2618 418 2687 διαλλάττον
440 2621 577 2706 λέγεται,
600 2619 777 2706 ικαθάπερ
800 2618 857 2687 ba}
880 2623 938 2706 τῆς
960 2628 1084 2708 σοφίας
1104 2625 1158 2690 καὶ
1180 2625 1246 2690 τῶν
1267 2624 1376 2688 λίθων
1399 2625 1450 2690 εί-

220 2745 327 2808 ρηται.
367 2721 396 2788 εἰ
424 2722 485 2807 μέν
513 2711 571 2818 οόγ
599 2719 735 2809 είρηκώς
761 2711 800 2810 ἦν
829 2717 1077 2802 δάπόστολος·
1109 2722 1254 2809 τοσούτιρ
1274 2718 1448 2805 μάλλονδ

219 2822 292 2902 υίὸς
318 2825 386 2890 τῶν
414 2817 557 2910 άγγέλων
586 2821 728 2911 προάγει
753 2817 945 2910 ἢτοσούτῳ
967 2825 1088 2909 μείζων
1110 2825 1215 2904 ἐστίν,
1242 2812 1281 2912 ἦν
1302 2815 1344 2890 ἂν
1366 2818 1449 2910 ύμῖν

218 2923 407 3016 πρόφασις,
435 2921 497 3005 ίῶς
525 2930 777 3013 σιηκρινομένου
805 2928 864 2992 τοῦ
886 2927 959 2992 υἱοῦ
974 2926 1068 3013 ’πρὸς
1089 2925 1167 3006 τοὺς
1189 2921 1360 3013 ἀγγέλους·
1391 2931 1450 2995 νῦν

218 3027 255 3096 δὲ
276 3028 379 3116 λέγων
400 3036 572 3116 κρείττονα
593 3025 693 3096 αὐτὸν
716 3024 803 3097 είναι
822 3031 875 3096 καὶ
898 3028 1046 3116 τοσούτῳ
1069 3031 1257 3117 διαφέρειν,
1288 3025 1356 3116 ὅσῳ
1380 3030 1450 3097 διέ-

218 3151 333 3220 στηκεν
354 3131 449 3212 Ιιυίὸς
471 3131 612 3213 δούλων,
643 3133 805 3200 δείκνυσιν
828 3127 928 3198 αάτὸν
950 3129 1051 3204 άλλον
1074 3126 1161 3199 ελναι
1180 3132 1240 3217 τῆς
1260 3135 1328 3198 τῶν
1351 3126 1448 3219 διηγέ-

218 3235 284 3303 λων
313 3234 453 3323 φύσεως.
493 3237 596 3322 λέγων
625 3235 661 3300 δὲ
689 3233 793 3301 πάλιν
815 3228 917 3300 αὐτὸν
940 3228 1026 3302 εἶναι
1046 3233 1105 3301 τὸν
1125 3232 1382 3318 θεμελιώσαιτα
1403 3231 1447 3302 τά
1524 3245 1530 3259 “
1585 3229 1586 3240 ’

132 3334 359 3414 ειεκπάνταί)
383 3337 545 3403 δείκνυσιν
568 3332 668 3402 άλλον
690 3330 791 3403 αὐτὸν
813 3329 900 3402 εἶναι
921 3333 1058 3403 πάντων
1079 3339 1146 3405 τῶν
1159 3338 1312 3423 γενητῶν.
1342 3333 1446 3403 δίλλου

218 3435 255 3500 δέ
276 3436 329 3499 καὶ
352 3434 562 3519 ότεροουσίου
583 3431 684 3500 αὐτοῦ
707 3432 803 3514 ὄντος
817 3434 910 3521 παρὰ
923 3435 982 3525 τὴν
995 3440 1062 3505 τῶν
1076 3440 1218 3526 γενητῶν
1233 3436 1346 3526 φύσιν,
1362 3442 1449 3504 ποία

216 3535 275 3621 τῆς
297 3527 414 3612 οὖσίας
435 3527 536 3600 αὐτοῦ
558 3534 726 3624 σύγκρισις
746 3531 768 3624 ἢ
790 3532 947 3625 ὁμοιότης
968 3538 1054 3625 πρὸς
1074 3543 1116 3608 τὰ
1137 3538 1274 3628 γενητάς
1302 3532 1362 3628 κᾷν
1383 3538 1446 3626 γὰρ

216 3632 321 3702 πάλιν
343 3633 565 3721 ένθνμηθῶσί
584 3663 618 3704 τι
639 3641 792 3706 τοιοῦτον
798 3687 807 3719 ,
837 3639 992 3726 διελέγξαι
1013 3641 1151 3720 τούτους
1171 3637 1214 3708 τά
1235 3633 1321 3707 αύτὰ
1340 3641 1446 3726 λέγων

218 3730 237 3802 ὃ
263 3736 415 3815 Παῦλος·
450 3741 518 3804 τίνι
546 3736 609 3826 γάρ
638 3733 713 3806 εἶπέ
740 3763 824 3806 ποτε
850 3743 917 3808 τῶν
946 3735 1105 3828 άγγέλων·
1131 3741 1203 3821 υἱός
1229 3765 1294 3827 μου
1328 3736 1359 3810 ελ
1391 3741 1442 3822 σά,

215 3991 243 4052 4)
260 3925 444 4054 ussssff'3ss'‘13.⁹
463 3921 516 3992 [εε.
535 3923 625 3994 ωας,
642 3928 666 3980 τ.
730 3928 756 3989 ν)
774 3929 837 3980 ναι.
856 3929 889 3982 ss
907 3927 961 3996 [85.
979 3931 1067 3994 tm,
1086 3931 1109 3982 ε.
1179 3929 1206 3994 ε)
1226 3930 1248 3982 1.
1267 3930 1324 3982 cor.
1344 3929 1385 3992 ω,
1404 3929 1447 3980 ιι.

248 4141 270 4177 ε.
288 4127 330 4177 Sin
347 4125 418 4178 nnn.
436 4131 527 4192 λιιρίίε.
545 4129 725 4182 ειΡιΙτλα.5.
756 4131 802 4182 Se·
854 4133 992 4185 coluerim.
1018 4142 1041 4185 οι
1063 4133 1168 4184 ϊεΙιΙαο.
1186 4133 1209 4182 1.
1232 4121 1309 4199 παρά
1332 4146 1365 4196 γε
1388 4129 1447 4180 τοῖν

216 4209 283 4258 guar.
306 4194 466 4262 Καρνεοιιρά.
508 4198 569 4249 Εδίιί
592 4191 803 4266 Καρποιιράτον.
853 4193 930 4249 ίσων.
969 4201 1047 4253 Ceteri
1065 4210 1089 4253 ιι
1115 4201 1172 4253 edili
1188 4189 1259 4267 παρ’
1279 4190 1372 4248 αιἰτιῖν
1387 4193 1445 4267 γάρ

215 4261 281 4314 lutra
292 4262 392 4324 Segner.
403 4265 458 4326 neg.
470 4265 575 4318 λαλείτω.
584 4267 608 4316 ό.
626 4264 801 4333 Καρποκράε,
854 4261 928 4322 ἴσως.

215 4337 242 4381 ιι
266 4337 290 4381 ει
315 4330 387 4381 habet
404 4332 554 4398 Epiphanius
572 4335 666 4384 humi
684 4333 725 4384 2⁷.
753 4335 803 4385 Go-

213 4396 275 4449 bler.
294 4405 317 4448 εί
334 4398 440 4453 δείελα.
451 4401 474 4452 1.
491 4395 666 4470 Καρποκράτ.
875 4420 908 4483 ττι
928 4404 968 4456 Sic
985 4405 1125 4468 Seguerian.
1159 4405 1188 4456 λι
1211 4403 1251 4455 alii
1275 4410 1301 4456 εί
1322 4399 1380 4453 ιδὶίί
1396 4394 1444 4450 καὶ

247 4466 271 4516 b.
289 4467 430 4528 δεςοωίεε.
455 4463 532 4536 παρὰ
553 4463 610 4538 γὰρ
639 4466 697 4518 τόν
725 4461 803 4522 ἴσαν.
854 4484 937 4522 ουτοι.
