3216 5048
555 316 677 366 :enarro
691 315 857 364 mmmm
871 317 1004 364 manos.
1328 303 1390 368 ent

162 475 302 542 minem?
346 475 423 549 Quis
444 479 544 534 entem
565 472 607 532 its
628 471 826 552 interrogatas
846 488 910 534 non
930 470 1144 551 responderet,
1175 470 1293 532 Patrem
1316 467 1481 532 illumnus

164 581 276 644 iecisse
296 577 449 640 bominem
464 575 624 653 ipsumque
636 573 807 653 pontificem
820 572 911 634 nobis
926 571 1073 634 misisse?
1107 571 1194 652 Atqui
1209 571 1287 634 banc
1300 572 1397 650 ipsam

165 681 346 744 sententiam
368 688 547 754 tempusque
568 683 599 736 et
620 691 778 754 personam
801 691 837 735 er
858 674 927 754 ipso
942 674 1095 754 Apostolo,
1118 675 1169 754 qai
1188 675 1325 754 scripsit:
1348 677 1401 756 psi

165 782 266 865 fidelis
289 792 335 842 cst
357 781 399 851 ιι,
432 779 485 858 qai
503 777 577 854 fecit
599 775 700 847 illum,
729 775 838 836 melius
860 774 929 836 lieet
948 775 1078 849 discere,
1108 777 1134 837 si
1163 795 1270 856 nempe
1292 775 1328 837 sd
1352 793 1396 849 cr,

167 901 246 962 qnae
268 877 461 950 antecedunt,
489 875 716 938 attenderimus.
759 873 823 936 Una
846 875 925 936 enirn
958 877 1053 937 series
1076 885 1136 946 est,
1164 897 1198 939 sc
1224 879 1261 942 de
1289 877 1396 944 eodem

162 981 268 1059 agitur
293 979 352 1040 boc
374 977 408 1039 -in
438 977 608 1057 scripturae
637 978 714 1039 loco.
758 977 839 1038 Haec
866 977 966 1056 itaquo
999 975 1103 1037 scribit
1123 977 1254 1056 Epistola
1275 981 1312 1042 sd
1333 979 1395 1042 ilc·

170 1081 294 1144 bracos:
328 1080 409 1154 Qat'o
441 1095 513 1160 erqo
538 1084 633 1160 paeri
660 1083 762 1142 corais
790 1089 819 1141 et
849 1081 1007 1158 cooperitis
1027 1082 1196 1158 participes
1219 1083 1296 1158 [acti
1315 1093 1395 1154 sset,

170 1185 234 1262 ipse
254 1201 369 1264 qaoque
391 1181 533 1243 similiter
554 1181 718 1244 earundem
736 1183 893 1262 particeps
920 1181 998 1260 scit,
1031 1191 1068 1243 ut
1092 1197 1152 1258 per
1178 1191 1307 1244 mortam
1333 1199 1398 1246 ιιιιιι

170 1285 357 1354 destrueret,
382 1287 435 1364 qui
453 1285 563 1342 mortis
586 1285 745 1362 imperitam
767 1279 873 1352 babet,
897 1281 928 1343 id
950 1291 996 1342 cst
1018 1279 1180 1352 diabolum,
1205 1289 1234 1341 ct
1257 1279 1400 1344 liberaret

169 1401 230 1456 eor,
254 1388 307 1466 psi
325 1375 437 1446 'tortore
457 1387 568 1444 mortis
587 1401 647 1462 per
669 1393 764 1444 totam
778 1385 873 1444 citam
887 1381 1013 1444 odoacri
1025 1392 1116 1444 cram
1131 1385 1284 1443 seruituti.
1319 1379 1401 1444 Ner-

167 1503 258 1566 qrcstn
291 1489 369 1546 erario
395 1483 523 1562 Ampelos
556 1481 770 1563 apprehendit,
805 1483 858 1544 sed
895 1501 995 1544 serres
1022 1483 1161 1550 Abrabae
1192 1481 1401 1564 apprehendit.

171 1585 255 1648 Unde
277 1585 378 1649 debuit
395 1603 456 1664 per
477 1587 577 1645 omnia
598 1585 753 1662 [ratribus
774 1583 884 1644 similis
905 1583 985 1664 ficri,
1007 1595 1043 1648 ct
1063 1587 1238 1647 misericors
1260 1583 1352 1666 fieret
1372 1595 1401 1646 et

164 1687 265 1768 fidelis
282 1686 428 1765 pontisera
449 1687 482 1746 ia
505 1683 567 1754 llis,
596 1685 732 1766 quoted
754 1683 850 1745 Dorta
871 1693 1024 1764 spectant,
1053 1695 1088 1746 ut
1116 1689 1257 1765 raptaret
1275 1697 1483 1765 promtoncr.

161 1787 279 1869 populi.
324 1786 362 1848 la
391 1805 424 1848 ca
447 1789 541 1860 calor,
572 1789 610 1848 rit
630 1802 689 1866 quo
711 1787 810 1864 ipsura
831 1788 948 1848 leatan'
968 1790 1105 1866 cmtr'qr't,
1132 1787 1318 1866 potest-bit,
1348 1793 1401 1870 psi

166 1899 335 1958 tentantur,
358 1873 539 1949 occidaris
566 1885 665 1958 Unde,
687 1887 808 1966 {ratres
829 1888 944 1958 tancti,
967 1893 1135 1952 vocationis
1158 1888 1297 1952 caelestis
1317 1905 1396 1968 par-

167 1991 287 2068 ticipes,
318 1988 506 2050 consumare
532 1979 707 2068 apostolam
728 1999 756 2048 et
774 1985 951 2067 pontificem
973 1990 1174 2069 consessionis
1196 1999 1325 2052 nostrae
1347 1989 1396 2054 ie-

165 2107 241 2160 sttttt,
265 2092 318 2170 qtc'
335 2087 435 2169 fidelis
457 2098 505 2149 cst
526 2091 564 2162 ci,
586 2091 639 2167 qui
658 2087 848 2166 [cultillum.

248 2193 278 2254 9.
324 2189 398 2262 Quis
421 2187 495 2249 baec
515 2186 605 2248 verba
626 2185 724 2266 possit
745 2186 861 2265 legere,
884 2187 957 2265 quin
978 2187 1106 2250 brianus
1129 2188 1230 2249 statim
1252 2189 1395 2252 candem·

161 2291 413 2367 aetheriumque
442 2287 605 2348 admiretur
626 2287 818 2364 Apostolum,
848 2286 899 2365 qui
927 2295 988 2346 torn
1015 2287 1167 2366 praeclare
1188 2297 1235 2349 est
1256 2288 1398 2354 locutos?

165 2391 292 2464 chndc
316 2389 395 2448 enim
418 2389 512 2448 lactus
536 2385 718 2463 effectusque
739 2397 787 2447 est
807 2385 980 2464 apostalae,
1013 2386 1073 2448 nisi
1101 2405 1168 2452 cum
1200 2387 1265 2466 ipsc
1286 2395 1320 2450 ιιι
1341 2405 1397 2450 nos

166 2489 265 2552 carnis
287 2497 317 2548 et
338 2485 490 2564 sanguinis
509 2485 565 2549 luit
586 2483 757 2564 particeps?
801 2485 927 2558 Quando
957 2503 1027 2547 vero
1056 2486 1228 2549 misericors
1249 2495 1280 2550 et
1300 2487 1397 2550 lidelis

168 2589 300 2670 pontifex
323 2597 370 2650 est
391 2589 504 2661 iactus,
527 2586 585 2648 nisi
608 2605 674 2648 cum
696 2605 752 2668 per
773 2589 873 2660 omnia
894 2585 1034 2650 iratribus
1057 2587 1164 2650 similis
1184 2589 1241 2651 luit
1261 2591 1395 2664 effectus,

165 2691 246 2771 quod
269 2689 370 2770 atique
393 2697 465 2750 tunc
484 2687 598 2762 accidit,
621 2707 688 2752 cum
709 2695 813 2752 nostra
836 2705 925 2750 carne
939 2699 1093 2770 assumpta
1107 2691 1201 2753 factm
1216 2691 1308 2753 bomo
1324 2691 1396 2754 esti

161 2792 266 2872 ltaque
286 2791 326 2863 de
343 2792 474 2854 bumana
496 2789 582 2852 Verbi
604 2790 838 2872 dispensatione,
860 2809 921 2852 non
944 2789 982 2852 de
1003 2799 1108 2854 natura
1125 2791 1211 2854 Verbi
1229 2791 1304 2854 baec
1317 2793 1394 2855 scri-

161 2893 227 2974 psit
247 2893 370 2958 Paulus:
403 2893 467 2966 Qui
491 2891 591 2974 fidelis
613 2905 657 2956 cst
678 2897 721 2964 ci,
751 2896 804 2974 put·
829 2894 902 2973 [ecit
929 2891 1026 2954 illem.
1070 2893 1133 2954 ism
1161 2911 1233 2974 ergo
1265 2893 1395 2958 insanus

163 2993 291 3056 desinite
314 3011 369 3056 nec
389 2993 516 3073 amplius
539 2993 708 3056 contendite
730 2993 782 3055 [lei
805 2993 932 3056 Verbum
955 3011 1019 3056 rem
1040 2995 1146 3056 lactem
1168 3013 1248 3058 esse.
1293 2996 1394 3076 Siqui-

162 3095 231 3158 dem
262 3095 327 3175 ipse
353 3102 400 3158 est
427 3095 596 3175 inigenitus
625 3099 730 3158 natura
757 3093 858 3157 Vilius.
903 3095 987 3157 'lunc
1014 3103 1113 3160 antem
1141 3095 1244 3158 babuit
1275 3097 1393 3170 iratres,

161 3213 229 3259 cunr
252 3215 371 3258 carnem
393 3197 487 3258 nostri
509 3197 637 3260 simdem
659 3195 769 3271 induit,
799 3213 888 3277 quam
909 3215 964 3277 por
986 3198 1087 3278 seipse
1102 3199 1239 3260 -onorens
1261 3199 1394 3280 poua'len

161 3295 325 3380 appellatus
354 3305 400 3360 est
426 3301 583 3379 iactusque
612 3307 659 3361 cst
678 3299 851 3362 misericors
872 3306 903 3362 et
923 3299 1036 3373 tidelis,
1065 3299 1236 3364 misericors
1264 3299 1395 3379 quidem,

161 3399 318 3479 quiscum
340 3399 473 3481 seipsam
495 3419 550 3481 pro
572 3401 661 3464 nobis
685 3401 803 3474 obtulit,
826 3401 924 3462 nostri
946 3410 993 3464 est
1014 3401 1172 3476 misertus,
1194 3401 1289 3463 tidelis
1310 3417 1393 3476 vero,

161 3519 223 3562 non
245 3502 313 3581 quia
335 3501 403 3568 bdci
424 3501 574 3582 particeps
597 3511 644 3564 est
665 3511 716 3565 act
736 3503 767 3566 ia
790 3501 918 3582 aliquem
940 3502 1036 3565 credit
1065 3503 1107 3565 uti
1135 3521 1211 3578 nos,
1244 3503 1297 3564 sed
1325 3502 1394 3582 qnia

161 3601 192 3664 in
213 3601 273 3675 bis,
297 3619 372 3681 quae
393 3604 438 3664 rel
460 3603 567 3666 dixerit
588 3604 633 3666 rel
655 3605 774 3679 lecerit,
797 3604 879 3668 credi
902 3603 1007 3678 debet,
1030 3623 1064 3667 ae
1085 3604 1171 3668 fidele
1193 3611 1393 3683 constansque

159 3782 273 3904 μέιιέσχε
289 3781 341 3868 ξαὶ,
353 3778 441 3843 slede.
479 3789 558 3842 Ceteri
582 3799 606 3842 et
629 3791 686 3842 editi
702 3805 749 3858 με·
834 3789 859 3842 b.
877 3790 918 3840 Sic
935 3761 1034 3852 sepner.
1053 3789 1108 3868 ¹¹58·
1128 3788 1201 3838 ilarii.
1220 3787 1290 3868 Gcbl.
1309 3789 1394 3870 isloi·
1427 3817 1433 3832 ·

160 3868 174 3903 ¹
190 3867 420 3986 {lgpgffiffinffl
434 3914 663 3990 tddrdpeiwov.
697 3926 750 3977 idon
801 3857 1307 4002 inbarbmls'sfirssnegiglcc'gizoiir:iiidie
1329 3859 1392 3982 Elicii

160 3991 224 4042 idem
249 3999 273 4042 et
290 3992 380 4048 lnelie
401 3991 498 4042 Gobler.
519 3993 622 4048 Felcior.
644 3993 665 4042 1.
684 3993 748 4044 etd,
800 3989 967 4062 προςφέρων
985 4003 1078 4040 aaron.
1246 4009 1253 4016 ·

158 4049 747 4176 ἓξὲτέᾞνξηαιηῖποῧωη)αὐτᾷ
835 4097 850 4145 i.
883 4095 923 4144 Sic
946 4095 1047 4156 Sepaer.
1075 4100 1099 4142 et
1121 4091 1226 4145 relclm.
1245 4093 1269 4144 l.
1305 4095 1331 4146 bt
1351 4096 1392 4146 alii

159 4195 214 4245 al.
232 4203 257 4246 a
276 4139 537 4248 nll'itllftis
556 4141 624 4246 tl:
642 4143 749 4248 iiiiii
801 4169 824 4214 ²²
842 4161 898 4213 “¹³¹¹
916 4155 978 4227 '¹³0²
997 4153 1081 4225 reo.
1110 4155 1390 4242 'himerici

463 4231 470 4260 ’
800 4231 905 4280 Velelm.
933 4229 953 4278 l.
974 4235 996 4278 el
1014 4229 1038 4278 4.
1073 4223 1252 4294 aportriyrror
1285 4223 1391 4280 iactor.

159 4262 447 4395 'espezicsffinfflmuq
468 4332 747 4383 &mmmmm
799 4299 827 4348 ln
846 4298 900 4346 aliis
926 4303 949 4346 el
973 4295 1044 4346 editis
1063 4297 1130 4348 deest
1147 4289 1254 4348 ἑαυτόν.

158 4392 611 4464 ιι4.ιιιιιιιτὸντοῦθεοῦι6γον.
642 4401 747 4450 i'eleim.
834 4399 856 4446 l.
874 4393 937 4464 aspi
955 4379 1266 4448 consenescentes.
1296 4394 1388 4444 ibidem

156 4466 183 4515 b.
207 4461 314 4532 nsiqpro
338 4455 409 4516 eluet
437 4463 561 4532 lirense
582 4461 634 4515 ris
656 4460 747 4530 λόγον.
800 4465 899 4524 sepner.
924 4470 948 4512 et
971 4463 1076 4514 l'elrlm.
1095 4467 1118 4515 d.
1143 4456 1178 4511 ds
1194 4459 1266 4528 lim
1303 4462 1347 4510 llll
1365 4466 1389 4509 st

158 4533 203 4584 dlii
218 4544 242 4586 et
252 4537 309 4586 editi
326 4531 432 4603 ποίημα
449 4531 573 4600 λέγοντες
589 4529 640 4584 riv
656 4525 748 4598 λόγον.
800 4530 857 4582 editi
874 4523 923 4579 tto
939 4525 1010 4597 ttyp.
1118 4561 1122 4570 ·
