<?xml version="1.0" encoding="UTF-8"?>
<!DOCTYPE html PUBLIC "-//W3C//DTD XHTML 1.0 Transitional//EN"
    "http://www.w3.org/TR/xhtml1/DTD/xhtml1-transitional.dtd">
<html xmlns="http://www.w3.org/1999/xhtml" xml:lang="en" lang="en">
 <head>
  <title>
</title>
<meta http-equiv="Content-Type" content="text/html;charset=utf-8" />
  <meta name='ocr-system' content='tesseract 3.04.00' />
  <meta name='ocr-capabilities' content='ocr_page ocr_carea ocr_par ocr_line ocrx_word'/>
</head>
<body>
  <div class='ocr_page' id='page_1' title='image "./sanctiathanasii03athagoog_0201.png"; bbox 0 0 3220 5046; ppageno 0'>
   <div class='ocr_carea' id='block_1_1' title="bbox 563 282 1380 346">
    <p class='ocr_par' dir='ltr' id='par_1_1' title="bbox 563 282 1380 346">
     <span class='ocr_line' id='line_1_1' title="bbox 563 282 1380 346; baseline 0.012 -10"><span class='ocrx_word' id='word_1_1' title='bbox 563 291 674 336; x_wconf 73' lang='lat' dir='ltr'><strong>orario</strong></span> <span class='ocrx_word' id='word_1_2' title='bbox 690 291 842 340; x_wconf 82' lang='lat' dir='ltr'><strong>uoourm</strong></span> <span class='ocrx_word' id='word_1_3' title='bbox 857 293 994 340; x_wconf 73' lang='lat' dir='ltr'><strong>murus.</strong></span> <span class='ocrx_word' id='word_1_4' title='bbox 1322 282 1380 346; x_wconf 80' lang='lat'><strong>153</strong></span> 
     </span>
    </p>
   </div>
   <div class='ocr_carea' id='block_1_2' title="bbox 157 440 1467 1840">
    <p class='ocr_par' dir='ltr' id='par_1_2' title="bbox 157 440 1467 1840">
     <span class='ocr_line' id='line_1_2' title="bbox 158 440 1467 527; baseline 0.002 -21"><span class='ocrx_word' id='word_1_5' title='bbox 158 443 315 524; x_wconf 83' lang='lat' dir='ltr'><strong>impietatis</strong></span> <span class='ocrx_word' id='word_1_6' title='bbox 338 441 458 506; x_wconf 81' lang='lat' dir='ltr'><strong>ronulas</strong></span> <span class='ocrx_word' id='word_1_7' title='bbox 480 440 635 506; x_wconf 72' lang='lat' dir='ltr'>dissolutis</span> <span class='ocrx_word' id='word_1_8' title='bbox 658 451 688 506; x_wconf 92' lang='lat' dir='ltr'><strong>et</strong></span> <span class='ocrx_word' id='word_1_9' title='bbox 708 442 868 506; x_wconf 75' lang='lat' dir='ltr'><strong>luxuriosis</strong></span> <span class='ocrx_word' id='word_1_10' title='bbox 889 444 988 508; x_wconf 86' lang='lat' dir='ltr'><strong>modis</strong></span> <span class='ocrx_word' id='word_1_11' title='bbox 1011 444 1188 526; x_wconf 78' lang='lat' dir='ltr'><strong>significare,</strong></span> <span class='ocrx_word' id='word_1_12' title='bbox 1210 455 1254 522; x_wconf 86' lang='lat' dir='ltr'><strong>ut,</strong></span> <span class='ocrx_word' id='word_1_13' title='bbox 1276 465 1467 527; x_wconf 66' lang='lat' dir='ltr'><strong>quem-snos.</strong></span> 
     </span>
     <span class='ocr_line' id='line_1_3' title="bbox 157 543 1384 626; baseline 0.003 -18"><span class='ocrx_word' id='word_1_14' title='bbox 157 545 316 608; x_wconf 82' lang='lat' dir='ltr'><strong>admodum</strong></span> <span class='ocrx_word' id='word_1_15' title='bbox 337 543 481 624; x_wconf 85' lang='lat' dir='ltr'><strong>sapientia</strong></span> <span class='ocrx_word' id='word_1_16' title='bbox 503 543 558 604; x_wconf 92' lang='lat' dir='ltr'><strong>ait:</strong></span> <span class='ocrx_word' id='word_1_17' title='bbox 582 561 620 606; x_wconf 78' lang='lat' dir='ltr'><strong>em</strong></span> <span class='ocrx_word' id='word_1_18' title='bbox 641 545 741 608; x_wconf 81' lang='lat' dir='ltr'><strong>uerbis</strong></span> <span class='ocrx_word' id='word_1_19' title='bbox 762 549 827 608; x_wconf 81' lang='lat' dir='ltr'><strong>suis</strong></span> <span class='ocrx_word' id='word_1_20' title='bbox 849 557 1048 626; x_wconf 77' lang='lat' dir='ltr'><strong>soporaremur</strong></span> <span class='ocrx_word' id='word_1_21' title='bbox 1063 551 1122 614; x_wconf 80' lang='lat' dir='ltr'><strong>uir.</strong></span> <span class='ocrx_word' id='word_1_22' title='bbox 1145 547 1190 610; x_wconf 86' lang='lat' dir='ltr'><strong>sio</strong></span> <span class='ocrx_word' id='word_1_23' title='bbox 1210 547 1384 612; x_wconf 86' lang='lat' dir='ltr'><strong>huiusmodi</strong></span> 
     </span>
     <span class='ocr_line' id='line_1_4' title="bbox 157 643 1382 732; baseline 0.002 -22"><span class='ocrx_word' id='word_1_24' title='bbox 157 647 288 712; x_wconf 83' lang='lat' dir='ltr'><strong>numeris</strong></span> <span class='ocrx_word' id='word_1_25' title='bbox 312 644 468 724; x_wconf 81' lang='lat' dir='ltr'><strong>scriptoris</strong></span> <span class='ocrx_word' id='word_1_26' title='bbox 497 643 613 706; x_wconf 85' lang='lat' dir='ltr'><strong>suimus</strong></span> <span class='ocrx_word' id='word_1_27' title='bbox 645 645 850 708; x_wconf 78' lang='lat' dir='ltr'><strong>effoeminatos</strong></span> <span class='ocrx_word' id='word_1_28' title='bbox 873 647 997 728; x_wconf 87' lang='lat' dir='ltr'><strong>eiusque</strong></span> <span class='ocrx_word' id='word_1_29' title='bbox 1018 649 1127 712; x_wconf 88' lang='lat' dir='ltr'><strong>mentis</strong></span> <span class='ocrx_word' id='word_1_30' title='bbox 1150 650 1304 732; x_wconf 74' lang='lat' dir='ltr'><strong>corruptio</strong></span> <span class='ocrx_word' id='word_1_31' title='bbox 1325 669 1382 732; x_wconf 85' lang='lat' dir='ltr'><strong>pa-</strong></span> 
     </span>
     <span class='ocr_line' id='line_1_5' title="bbox 158 745 1381 832; baseline 0.003 -20"><span class='ocrx_word' id='word_1_32' title='bbox 158 748 257 812; x_wconf 70' lang='lat' dir='ltr'><strong>teret?</strong></span> <span class='ocrx_word' id='word_1_33' title='bbox 300 747 339 808; x_wconf 85' lang='lat' dir='ltr'><strong>Et</strong></span> <span class='ocrx_word' id='word_1_34' title='bbox 360 764 431 808; x_wconf 80' lang='lat' dir='ltr'><strong>sero</strong></span> <span class='ocrx_word' id='word_1_35' title='bbox 453 745 543 806; x_wconf 86' lang='lat' dir='ltr'><strong>latere</strong></span> <span class='ocrx_word' id='word_1_36' title='bbox 565 763 626 807; x_wconf 91' lang='lat' dir='ltr'><strong>nun</strong></span> <span class='ocrx_word' id='word_1_37' title='bbox 647 747 847 824; x_wconf 88' lang='lat' dir='ltr'><strong>potuitbomn</strong></span> <span class='ocrx_word' id='word_1_38' title='bbox 868 757 1024 822; x_wconf 63' lang='lat' dir='ltr'><strong>versutum</strong></span> <span class='ocrx_word' id='word_1_39' title='bbox 1045 767 1147 814; x_wconf 82' lang='lat' dir='ltr'><strong>rerum</strong></span> <span class='ocrx_word' id='word_1_40' title='bbox 1163 753 1295 832; x_wconf 79' lang='lat' dir='ltr'><strong>utramvis</strong></span> <span class='ocrx_word' id='word_1_41' title='bbox 1311 771 1381 816; x_wconf 87' lang='lat' dir='ltr'><strong>sae-</strong></span> 
     </span>
     <span class='ocr_line' id='line_1_6' title="bbox 158 847 1380 930; baseline 0.006 -20"><span class='ocrx_word' id='word_1_42' title='bbox 158 849 285 930; x_wconf 82' lang='lat' dir='ltr'>pissime</span> <span class='ocrx_word' id='word_1_43' title='bbox 307 865 376 908; x_wconf 85' lang='lat' dir='ltr'><strong>sese</strong></span> <span class='ocrx_word' id='word_1_44' title='bbox 398 847 547 926; x_wconf 83' lang='lat' dir='ltr'><strong>serpentis</strong></span> <span class='ocrx_word' id='word_1_45' title='bbox 569 865 653 910; x_wconf 91' lang='lat' dir='ltr'><strong>more</strong></span> <span class='ocrx_word' id='word_1_46' title='bbox 676 865 795 910; x_wconf 74' lang='lat' dir='ltr'><strong>sumum</strong></span> <span class='ocrx_word' id='word_1_47' title='bbox 819 847 997 912; x_wconf 79' lang='lat' dir='ltr'><strong>deorsumve</strong></span> <span class='ocrx_word' id='word_1_48' title='bbox 1013 853 1191 916; x_wconf 84' lang='lat' dir='ltr'><strong>contorserit</strong></span> <span class='ocrx_word' id='word_1_49' title='bbox 1205 863 1236 918; x_wconf 86' lang='lat' dir='ltr'><strong>et</strong></span> <span class='ocrx_word' id='word_1_50' title='bbox 1249 854 1380 930; x_wconf 79' lang='lat' dir='ltr'><strong>verterit,</strong></span> 
     </span>
     <span class='ocr_line' id='line_1_7' title="bbox 160 945 1380 1026; baseline 0.008 -16"><span class='ocrx_word' id='word_1_51' title='bbox 160 959 258 1010; x_wconf 84' lang='lat' dir='ltr'><strong>tamen</strong></span> <span class='ocrx_word' id='word_1_52' title='bbox 280 945 311 1008; x_wconf 92' lang='lat' dir='ltr'><strong>in</strong></span> <span class='ocrx_word' id='word_1_53' title='bbox 332 946 561 1010; x_wconf 83' lang='lat' dir='ltr'><strong>Pharisaeorum</strong></span> <span class='ocrx_word' id='word_1_54' title='bbox 581 947 685 1026; x_wconf 89' lang='lat' dir='ltr'><strong>iapsus</strong></span> <span class='ocrx_word' id='word_1_55' title='bbox 708 965 841 1010; x_wconf 90' lang='lat' dir='ltr'><strong>errorem</strong></span> <span class='ocrx_word' id='word_1_56' title='bbox 865 955 920 1010; x_wconf 88' lang='lat' dir='ltr'><strong>est.</strong></span> <span class='ocrx_word' id='word_1_57' title='bbox 955 948 1028 1010; x_wconf 87' lang='lat' dir='ltr'><strong>Nam</strong></span> <span class='ocrx_word' id='word_1_58' title='bbox 1048 959 1081 1010; x_wconf 91' lang='lat' dir='ltr'><strong>ut</strong></span> <span class='ocrx_word' id='word_1_59' title='bbox 1103 951 1144 1012; x_wconf 88' lang='lat' dir='ltr'><strong>ilii</strong></span> <span class='ocrx_word' id='word_1_60' title='bbox 1166 954 1196 1016; x_wconf 93' lang='lat' dir='ltr'><strong>in</strong></span> <span class='ocrx_word' id='word_1_61' title='bbox 1210 957 1308 1018; x_wconf 85' lang='lat' dir='ltr'><strong>animo</strong></span> <span class='ocrx_word' id='word_1_62' title='bbox 1324 957 1380 1020; x_wconf 84' lang='lat' dir='ltr'><strong>ba·</strong></span> 
     </span>
     <span class='ocr_line' id='line_1_8' title="bbox 160 1047 1380 1135; baseline 0.008 -25"><span class='ocrx_word' id='word_1_63' title='bbox 160 1049 265 1110; x_wconf 88' lang='lat' dir='ltr'><strong>beutes</strong></span> <span class='ocrx_word' id='word_1_64' title='bbox 286 1047 380 1126; x_wconf 80' lang='lat' dir='ltr'><strong>legem</strong></span> <span class='ocrx_word' id='word_1_65' title='bbox 408 1048 518 1112; x_wconf 85' lang='lat' dir='ltr'><strong>violare</strong></span> <span class='ocrx_word' id='word_1_66' title='bbox 545 1067 579 1112; x_wconf 87' lang='lat' dir='ltr'><strong>se</strong></span> <span class='ocrx_word' id='word_1_67' title='bbox 606 1049 679 1129; x_wconf 74' lang='lat' dir='ltr'><strong>lepis</strong></span> <span class='ocrx_word' id='word_1_68' title='bbox 706 1048 795 1110; x_wconf 83' lang='lat' dir='ltr'><strong>rerba</strong></span> <span class='ocrx_word' id='word_1_69' title='bbox 821 1048 958 1116; x_wconf 86' lang='lat' dir='ltr'><strong>meditari</strong></span> <span class='ocrx_word' id='word_1_70' title='bbox 990 1049 1154 1128; x_wconf 77' lang='lat' dir='ltr'><strong>fingebant,</strong></span> <span class='ocrx_word' id='word_1_71' title='bbox 1182 1073 1305 1135; x_wconf 87' lang='lat' dir='ltr'><strong>cumque</strong></span> <span class='ocrx_word' id='word_1_72' title='bbox 1327 1077 1380 1120; x_wconf 83' lang='lat' dir='ltr'><strong>er·</strong></span> 
     </span>
     <span class='ocr_line' id='line_1_9' title="bbox 159 1135 1380 1230; baseline 0.009 -20"><span class='ocrx_word' id='word_1_73' title='bbox 159 1157 308 1230; x_wconf 83' lang='lat' dir='ltr'><strong>portatum</strong></span> <span class='ocrx_word' id='word_1_74' title='bbox 329 1149 445 1230; x_wconf 77' lang='lat' dir='ltr'><strong>iamque</strong></span> <span class='ocrx_word' id='word_1_75' title='bbox 460 1159 647 1230; x_wconf 87' lang='lat' dir='ltr'><strong>praesentem</strong></span> <span class='ocrx_word' id='word_1_76' title='bbox 662 1149 821 1213; x_wconf 84' lang='lat' dir='ltr'><strong>Dominum</strong></span> <span class='ocrx_word' id='word_1_77' title='bbox 837 1150 945 1212; x_wconf 88' lang='lat' dir='ltr'><strong>velient</strong></span> <span class='ocrx_word' id='word_1_78' title='bbox 958 1169 1078 1230; x_wconf 70' lang='lat' dir='ltr'><strong>negare,</strong></span> <span class='ocrx_word' id='word_1_79' title='bbox 1100 1135 1276 1216; x_wconf 82' lang='lat' dir='ltr'><strong>simulabant</strong></span> <span class='ocrx_word' id='word_1_80' title='bbox 1289 1156 1380 1220; x_wconf 84' lang='lat' dir='ltr'><strong>Deum</strong></span> 
     </span>
     <span class='ocr_line' id='line_1_10' title="bbox 160 1251 1382 1344; baseline 0.006 -32"><span class='ocrx_word' id='word_1_81' title='bbox 160 1268 228 1312; x_wconf 91' lang='lat' dir='ltr'><strong>eum</strong></span> <span class='ocrx_word' id='word_1_82' title='bbox 249 1251 412 1330; x_wconf 84' lang='lat' dir='ltr'><strong>appeiiure,</strong></span> <span class='ocrx_word' id='word_1_83' title='bbox 441 1269 602 1332; x_wconf 84' lang='lat' dir='ltr'><strong>eorumque</strong></span> <span class='ocrx_word' id='word_1_84' title='bbox 622 1252 818 1316; x_wconf 86' lang='lat' dir='ltr'><strong>nibilominus</strong></span> <span class='ocrx_word' id='word_1_85' title='bbox 840 1254 972 1315; x_wconf 79' lang='lat' dir='ltr'><strong>convicta</strong></span> <span class='ocrx_word' id='word_1_86' title='bbox 994 1252 1131 1334; x_wconf 85' lang='lat' dir='ltr'><strong>impietas</strong></span> <span class='ocrx_word' id='word_1_87' title='bbox 1155 1263 1216 1344; x_wconf 76' lang='lat' dir='ltr'><strong>est,</strong></span> <span class='ocrx_word' id='word_1_88' title='bbox 1248 1273 1314 1318; x_wconf 81' lang='lat' dir='ltr'><strong>ouum</strong></span> <span class='ocrx_word' id='word_1_89' title='bbox 1335 1257 1382 1320; x_wconf 92' lang='lat' dir='ltr'><strong>di·</strong></span> 
     </span>
     <span class='ocr_line' id='line_1_11' title="bbox 159 1353 1384 1435; baseline 0.005 -21"><span class='ocrx_word' id='word_1_90' title='bbox 159 1362 273 1414; x_wconf 84' lang='lat' dir='ltr'><strong>cerent:</strong></span> <span class='ocrx_word' id='word_1_91' title='bbox 296 1371 349 1415; x_wconf 86' lang='lat' dir='ltr'><strong>our</strong></span> <span class='ocrx_word' id='word_1_92' title='bbox 371 1363 414 1424; x_wconf 79' lang='lat' dir='ltr'><strong>tu,</strong></span> <span class='ocrx_word' id='word_1_93' title='bbox 438 1354 524 1416; x_wconf 77' lang='lat' dir='ltr'><strong>domo</strong></span> <span class='ocrx_word' id='word_1_94' title='bbox 548 1373 614 1416; x_wconf 79' lang='lat' dir='ltr'><strong>oum</strong></span> <span class='ocrx_word' id='word_1_95' title='bbox 637 1356 688 1426; x_wconf 87' lang='lat' dir='ltr'><strong>sis,</strong></span> <span class='ocrx_word' id='word_1_96' title='bbox 712 1355 791 1434; x_wconf 71' lang='lat' dir='ltr'><strong>[uois</strong></span> <span class='ocrx_word' id='word_1_97' title='bbox 813 1357 965 1434; x_wconf 77' lang='lat' dir='ltr'><strong>teipsum</strong></span> <span class='ocrx_word' id='word_1_98' title='bbox 987 1353 1093 1426; x_wconf 79' lang='lat' dir='ltr'><strong>Deum,</strong></span> <span class='ocrx_word' id='word_1_99' title='bbox 1116 1361 1145 1416; x_wconf 88' lang='lat' dir='ltr'><strong>et</strong></span> <span class='ocrx_word' id='word_1_100' title='bbox 1166 1353 1256 1416; x_wconf 86' lang='lat' dir='ltr'><strong>disis:</strong></span> <span class='ocrx_word' id='word_1_101' title='bbox 1279 1355 1340 1435; x_wconf 76' lang='lat' dir='ltr'><strong>Epo</strong></span> <span class='ocrx_word' id='word_1_102' title='bbox 1355 1367 1384 1420; x_wconf 85' lang='lat' dir='ltr'><strong>et</strong></span> 
     </span>
     <span class='ocr_line' id='line_1_12' title="bbox 157 1452 1385 1535; baseline 0.004 -19"><span class='ocrx_word' id='word_1_103' title='bbox 157 1452 250 1518; x_wconf 82' lang='lat' dir='ltr'><strong>Potor</strong></span> <span class='ocrx_word' id='word_1_104' title='bbox 276 1471 372 1516; x_wconf 81' lang='lat' dir='ltr'><strong>uuum</strong></span> <span class='ocrx_word' id='word_1_105' title='bbox 399 1453 528 1518; x_wconf 79' lang='lat' dir='ltr'><strong>sumus?</strong></span> <span class='ocrx_word' id='word_1_106' title='bbox 561 1455 601 1517; x_wconf 84' lang='lat' dir='ltr'><strong>ita</strong></span> <span class='ocrx_word' id='word_1_107' title='bbox 627 1473 746 1535; x_wconf 81' lang='lat' dir='ltr'><strong>quoque</strong></span> <span class='ocrx_word' id='word_1_108' title='bbox 773 1456 887 1518; x_wconf 84' lang='lat' dir='ltr'><strong>iuratus</strong></span> <span class='ocrx_word' id='word_1_109' title='bbox 918 1463 948 1516; x_wconf 88' lang='lat' dir='ltr'><strong>et</strong></span> <span class='ocrx_word' id='word_1_110' title='bbox 976 1454 1124 1516; x_wconf 87' lang='lat' dir='ltr'><strong>Sotadeus</strong></span> <span class='ocrx_word' id='word_1_111' title='bbox 1149 1455 1237 1518; x_wconf 76' lang='lat' dir='ltr'><strong>brius</strong></span> <span class='ocrx_word' id='word_1_112' title='bbox 1266 1457 1385 1520; x_wconf 84' lang='lat' dir='ltr'><strong>simulat</strong></span> 
     </span>
     <span class='ocr_line' id='line_1_13' title="bbox 158 1554 1383 1636; baseline 0.005 -20"><span class='ocrx_word' id='word_1_113' title='bbox 158 1554 275 1634; x_wconf 84' lang='lat' dir='ltr'><strong>quidem</strong></span> <span class='ocrx_word' id='word_1_114' title='bbox 298 1573 332 1616; x_wconf 88' lang='lat' dir='ltr'><strong>se</strong></span> <span class='ocrx_word' id='word_1_115' title='bbox 353 1555 390 1618; x_wconf 90' lang='lat' dir='ltr'><strong>de</strong></span> <span class='ocrx_word' id='word_1_116' title='bbox 412 1555 473 1617; x_wconf 84' lang='lat' dir='ltr'><strong>Deo</strong></span> <span class='ocrx_word' id='word_1_117' title='bbox 495 1555 587 1636; x_wconf 87' lang='lat' dir='ltr'><strong>loqui,</strong></span> <span class='ocrx_word' id='word_1_118' title='bbox 610 1575 677 1620; x_wconf 80' lang='lat' dir='ltr'><strong>uum</strong></span> <span class='ocrx_word' id='word_1_119' title='bbox 698 1557 916 1636; x_wconf 77' lang='lat' dir='ltr'><strong>scripturarum</strong></span> <span class='ocrx_word' id='word_1_120' title='bbox 938 1555 1061 1620; x_wconf 81' lang='lat' dir='ltr'><strong>sonibus</strong></span> <span class='ocrx_word' id='word_1_121' title='bbox 1085 1557 1193 1632; x_wconf 83' lang='lat' dir='ltr'><strong>utitur;</strong></span> <span class='ocrx_word' id='word_1_122' title='bbox 1216 1567 1246 1620; x_wconf 85' lang='lat' dir='ltr'><strong>at</strong></span> <span class='ocrx_word' id='word_1_123' title='bbox 1266 1559 1339 1622; x_wconf 88' lang='lat' dir='ltr'><strong>nihii</strong></span> <span class='ocrx_word' id='word_1_124' title='bbox 1353 1559 1383 1622; x_wconf 92' lang='lat' dir='ltr'><strong>id</strong></span> 
     </span>
     <span class='ocr_line' id='line_1_14' title="bbox 157 1656 1383 1742; baseline 0.004 -24"><span class='ocrx_word' id='word_1_125' title='bbox 157 1656 288 1736; x_wconf 82' lang='lat' dir='ltr'><strong>impedit,</strong></span> <span class='ocrx_word' id='word_1_126' title='bbox 311 1657 470 1738; x_wconf 84' lang='lat' dir='ltr'><strong>quominus</strong></span> <span class='ocrx_word' id='word_1_127' title='bbox 493 1659 598 1722; x_wconf 86' lang='lat' dir='ltr'><strong>atheus</strong></span> <span class='ocrx_word' id='word_1_128' title='bbox 625 1668 656 1720; x_wconf 88' lang='lat' dir='ltr'><strong>et</strong></span> <span class='ocrx_word' id='word_1_129' title='bbox 677 1658 786 1739; x_wconf 87' lang='lat' dir='ltr'><strong>impius</strong></span> <span class='ocrx_word' id='word_1_130' title='bbox 809 1677 877 1720; x_wconf 87' lang='lat' dir='ltr'><strong>esse</strong></span> <span class='ocrx_word' id='word_1_131' title='bbox 900 1658 1030 1738; x_wconf 86' lang='lat' dir='ltr'><strong>undique</strong></span> <span class='ocrx_word' id='word_1_132' title='bbox 1052 1658 1252 1734; x_wconf 83' lang='lat' dir='ltr'><strong>convineatur,</strong></span> <span class='ocrx_word' id='word_1_133' title='bbox 1274 1659 1383 1742; x_wconf 83' lang='lat' dir='ltr'><strong>quippo</strong></span> 
     </span>
     <span class='ocr_line' id='line_1_15' title="bbox 158 1757 1424 1840; baseline 0.005 -22"><span class='ocrx_word' id='word_1_134' title='bbox 158 1757 207 1837; x_wconf 88' lang='lat' dir='ltr'><strong>qui</strong></span> <span class='ocrx_word' id='word_1_135' title='bbox 229 1757 281 1820; x_wconf 86' lang='lat' dir='ltr'><strong>Dei</strong></span> <span class='ocrx_word' id='word_1_136' title='bbox 303 1758 409 1822; x_wconf 78' lang='lat' dir='ltr'><strong>i&#39;iiium</strong></span> <span class='ocrx_word' id='word_1_137' title='bbox 431 1759 538 1822; x_wconf 84' lang='lat' dir='ltr'><strong>audeat</strong></span> <span class='ocrx_word' id='word_1_138' title='bbox 559 1779 668 1840; x_wconf 78' lang='lat' dir='ltr'><strong>negare</strong></span> <span class='ocrx_word' id='word_1_139' title='bbox 690 1777 815 1839; x_wconf 78' lang='lat' dir='ltr'><strong>eumque</strong></span> <span class='ocrx_word' id='word_1_140' title='bbox 838 1759 986 1822; x_wconf 76' lang='lat' dir='ltr'><strong>intrares</strong></span> <span class='ocrx_word' id='word_1_141' title='bbox 1008 1769 1122 1822; x_wconf 84' lang='lat' dir='ltr'><strong>areatas</strong></span> <span class='ocrx_word' id='word_1_142' title='bbox 1144 1771 1326 1824; x_wconf 77' lang='lat' dir='ltr'><strong>annumeret.</strong></span> <span class='ocrx_word' id='word_1_143' title='bbox 1397 1799 1398 1804; x_wconf 20' lang='grc' dir='ltr'><strong>κ</strong></span> <span class='ocrx_word' id='word_1_144' title='bbox 1420 1831 1424 1840; x_wconf 54' lang='grc'><em>,</em></span> 
     </span>
    </p>
   </div>
   <div class='ocr_carea' id='block_1_3' title="bbox 156 2060 1463 3248">
    <p class='ocr_par' dir='ltr' id='par_1_3' title="bbox 156 2060 1463 2752">
     <span class='ocr_line' id='line_1_16' title="bbox 241 2060 1380 2144; baseline 0.001 -18"><span class='ocrx_word' id='word_1_145' title='bbox 241 2067 272 2126; x_wconf 86' lang='grc'><strong>5.</strong></span> <span class='ocrx_word' id='word_1_146' title='bbox 314 2061 415 2141; x_wconf 88' lang='lat' dir='ltr'><strong>ipsum</strong></span> <span class='ocrx_word' id='word_1_147' title='bbox 443 2063 543 2144; x_wconf 89' lang='lat' dir='ltr'><strong>itaque</strong></span> <span class='ocrx_word' id='word_1_148' title='bbox 571 2061 697 2124; x_wconf 76' lang='lat' dir='ltr'><strong>dnonas</strong></span> <span class='ocrx_word' id='word_1_149' title='bbox 720 2060 839 2122; x_wconf 81' lang='lat' dir='ltr'><strong>Thaliae</strong></span> <span class='ocrx_word' id='word_1_150' title='bbox 868 2071 898 2122; x_wconf 89' lang='lat' dir='ltr'><strong>et</strong></span> <span class='ocrx_word' id='word_1_151' title='bbox 925 2061 1070 2126; x_wconf 74' lang='lat' dir='ltr'><strong>futilitatis</strong></span> <span class='ocrx_word' id='word_1_152' title='bbox 1098 2063 1268 2138; x_wconf 82' lang='lat' dir='ltr'><strong>exordium,</strong></span> <span class='ocrx_word' id='word_1_153' title='bbox 1300 2065 1380 2144; x_wconf 87' lang='lat' dir='ltr'><strong>quod</strong></span> 
     </span>
     <span class='ocr_line' id='line_1_17' title="bbox 156 2162 1379 2242; baseline -0.002 -16"><span class='ocrx_word' id='word_1_154' title='bbox 156 2181 256 2226; x_wconf 90' lang='lat' dir='ltr'><strong>mores</strong></span> <span class='ocrx_word' id='word_1_155' title='bbox 280 2165 422 2226; x_wconf 79' lang='lat' dir='ltr'><strong>modosve</strong></span> <span class='ocrx_word' id='word_1_156' title='bbox 445 2164 651 2226; x_wconf 72' lang='lat' dir='ltr'><strong>effoeminatos</strong></span> <span class='ocrx_word' id='word_1_157' title='bbox 673 2181 744 2242; x_wconf 87' lang='lat' dir='ltr'><strong>prae</strong></span> <span class='ocrx_word' id='word_1_158' title='bbox 767 2182 801 2224; x_wconf 87' lang='lat' dir='ltr'><strong>ss</strong></span> <span class='ocrx_word' id='word_1_159' title='bbox 822 2163 889 2236; x_wconf 83' lang='lat' dir='ltr'><strong>sert,</strong></span> <span class='ocrx_word' id='word_1_160' title='bbox 912 2162 1082 2226; x_wconf 87' lang='lat' dir='ltr'><strong>huiusmodi</strong></span> <span class='ocrx_word' id='word_1_161' title='bbox 1104 2173 1164 2226; x_wconf 88' lang='lat' dir='ltr'><strong>est:</strong></span> <span class='ocrx_word' id='word_1_162' title='bbox 1198 2165 1301 2238; x_wconf 82' lang='lat' dir='ltr'><strong>„iuxta</strong></span> <span class='ocrx_word' id='word_1_163' title='bbox 1324 2183 1379 2225; x_wconf 91' lang='lat' dir='ltr'><strong>eo·</strong></span> 
     </span>
     <span class='ocr_line' id='line_1_18' title="bbox 157 2263 1463 2345; baseline 0.001 -20"><span class='ocrx_word' id='word_1_164' title='bbox 157 2283 250 2338; x_wconf 84' lang='lat' dir='ltr'><strong>„rum</strong></span> <span class='ocrx_word' id='word_1_165' title='bbox 272 2265 376 2338; x_wconf 86' lang='lat' dir='ltr'><strong>iidem,</strong></span> <span class='ocrx_word' id='word_1_166' title='bbox 399 2265 449 2345; x_wconf 89' lang='lat' dir='ltr'><strong>qui</strong></span> <span class='ocrx_word' id='word_1_167' title='bbox 472 2264 556 2328; x_wconf 79' lang='lat' dir='ltr'><strong>eiecti</strong></span> <span class='ocrx_word' id='word_1_168' title='bbox 577 2265 645 2338; x_wconf 86' lang='lat' dir='ltr'><strong>Dei,</strong></span> <span class='ocrx_word' id='word_1_169' title='bbox 667 2264 755 2344; x_wconf 84' lang='lat' dir='ltr'><strong>periti</strong></span> <span class='ocrx_word' id='word_1_170' title='bbox 777 2263 846 2340; x_wconf 83' lang='lat' dir='ltr'><strong>liei,</strong></span> <span class='ocrx_word' id='word_1_171' title='bbox 877 2263 928 2326; x_wconf 88' lang='lat' dir='ltr'><strong>iiiii</strong></span> <span class='ocrx_word' id='word_1_172' title='bbox 951 2265 1043 2328; x_wconf 87' lang='lat' dir='ltr'><strong>saneti</strong></span> <span class='ocrx_word' id='word_1_173' title='bbox 1066 2273 1095 2326; x_wconf 88' lang='lat' dir='ltr'><strong>et</strong></span> <span class='ocrx_word' id='word_1_174' title='bbox 1118 2264 1275 2327; x_wconf 81' lang='lat' dir='ltr'><strong>orthodoxi</strong></span> <span class='ocrx_word' id='word_1_175' title='bbox 1299 2273 1463 2337; x_wconf 61' lang='lat' dir='ltr'><strong>snutrane.</strong></span> 
     </span>
     <span class='ocr_line' id='line_1_19' title="bbox 156 2364 1380 2446; baseline 0.002 -20"><span class='ocrx_word' id='word_1_176' title='bbox 156 2365 292 2446; x_wconf 85' lang='lat' dir='ltr'><strong>„quique</strong></span> <span class='ocrx_word' id='word_1_177' title='bbox 315 2375 447 2427; x_wconf 86' lang='lat' dir='ltr'><strong>sanetum</strong></span> <span class='ocrx_word' id='word_1_178' title='bbox 469 2366 522 2426; x_wconf 85' lang='lat' dir='ltr'><strong>Dei</strong></span> <span class='ocrx_word' id='word_1_179' title='bbox 543 2365 684 2446; x_wconf 85' lang='lat' dir='ltr'><strong>Spiritmn</strong></span> <span class='ocrx_word' id='word_1_180' title='bbox 707 2374 891 2446; x_wconf 82' lang='lat' dir='ltr'><strong>aeceperunt,</strong></span> <span class='ocrx_word' id='word_1_181' title='bbox 914 2365 987 2426; x_wconf 83' lang='lat' dir='ltr'><strong>bueo</strong></span> <span class='ocrx_word' id='word_1_182' title='bbox 1008 2383 1062 2444; x_wconf 81' lang='lat' dir='ltr'><strong>ego</strong></span> <span class='ocrx_word' id='word_1_183' title='bbox 1085 2364 1173 2426; x_wconf 88' lang='lat' dir='ltr'><strong>didici</strong></span> <span class='ocrx_word' id='word_1_184' title='bbox 1196 2365 1307 2438; x_wconf 73' lang='lat' dir='ltr'><strong>arinis,</strong></span> <span class='ocrx_word' id='word_1_185' title='bbox 1330 2367 1380 2446; x_wconf 87' lang='lat' dir='ltr'><strong>qui</strong></span> 
     </span>
     <span class='ocr_line' id='line_1_20' title="bbox 159 2465 1378 2548; baseline 0.001 -21"><span class='ocrx_word' id='word_1_186' title='bbox 159 2465 349 2545; x_wconf 85' lang='lat' dir='ltr'><strong>„sapientiae</strong></span> <span class='ocrx_word' id='word_1_187' title='bbox 370 2467 537 2546; x_wconf 85' lang='lat' dir='ltr'><strong>participes,</strong></span> <span class='ocrx_word' id='word_1_188' title='bbox 559 2487 670 2542; x_wconf 83' lang='lat' dir='ltr'><strong>sumes,</strong></span> <span class='ocrx_word' id='word_1_189' title='bbox 693 2465 785 2530; x_wconf 79' lang='lat' dir='ltr'><strong>abeo</strong></span> <span class='ocrx_word' id='word_1_190' title='bbox 808 2467 888 2530; x_wconf 84' lang='lat' dir='ltr'><strong>docti</strong></span> <span class='ocrx_word' id='word_1_191' title='bbox 910 2476 940 2528; x_wconf 91' lang='lat' dir='ltr'><strong>et</strong></span> <span class='ocrx_word' id='word_1_192' title='bbox 960 2467 991 2528; x_wconf 95' lang='lat' dir='ltr'><strong>in</strong></span> <span class='ocrx_word' id='word_1_193' title='bbox 1014 2465 1153 2528; x_wconf 88' lang='lat' dir='ltr'><strong>omnibus</strong></span> <span class='ocrx_word' id='word_1_194' title='bbox 1168 2475 1238 2528; x_wconf 88' lang='lat' dir='ltr'><strong>sunt</strong></span> <span class='ocrx_word' id='word_1_195' title='bbox 1257 2467 1378 2548; x_wconf 90' lang='lat' dir='ltr'><strong>sapien·</strong></span> 
     </span>
     <span class='ocr_line' id='line_1_21' title="bbox 159 2567 1378 2650; baseline 0.003 -22"><span class='ocrx_word' id='word_1_196' title='bbox 159 2575 243 2640; x_wconf 76' lang='lat' dir='ltr'><strong>„tes</strong></span> <span class='ocrx_word' id='word_1_197' title='bbox 288 2567 399 2630; x_wconf 86' lang='lat' dir='ltr'><strong>Horum</strong></span> <span class='ocrx_word' id='word_1_198' title='bbox 422 2586 476 2647; x_wconf 82' lang='lat' dir='ltr'><strong>ogo</strong></span> <span class='ocrx_word' id='word_1_199' title='bbox 499 2569 599 2632; x_wconf 86' lang='lat' dir='ltr'><strong>eadem</strong></span> <span class='ocrx_word' id='word_1_200' title='bbox 622 2589 656 2632; x_wconf 86' lang='lat' dir='ltr'><strong>ac</strong></span> <span class='ocrx_word' id='word_1_201' title='bbox 678 2569 718 2633; x_wconf 90' lang='lat' dir='ltr'><strong>iili</strong></span> <span class='ocrx_word' id='word_1_202' title='bbox 741 2569 873 2632; x_wconf 86' lang='lat' dir='ltr'><strong>sentiens</strong></span> <span class='ocrx_word' id='word_1_203' title='bbox 896 2567 1029 2648; x_wconf 79' lang='lat' dir='ltr'><strong>vestigiis</strong></span> <span class='ocrx_word' id='word_1_204' title='bbox 1053 2568 1156 2641; x_wconf 87' lang='lat' dir='ltr'><strong>institi,</strong></span> <span class='ocrx_word' id='word_1_205' title='bbox 1182 2587 1236 2650; x_wconf 79' lang='lat' dir='ltr'><strong>ego</strong></span> <span class='ocrx_word' id='word_1_206' title='bbox 1258 2569 1378 2650; x_wconf 89' lang='lat' dir='ltr'><strong>inquam</strong></span> 
     </span>
     <span class='ocr_line' id='line_1_22' title="bbox 158 2667 1378 2752; baseline 0.004 -23"><span class='ocrx_word' id='word_1_207' title='bbox 158 2667 394 2742; x_wconf 86' lang='lat' dir='ltr'><strong>„celeberrimus</strong></span> <span class='ocrx_word' id='word_1_208' title='bbox 415 2669 474 2745; x_wconf 84' lang='lat' dir='ltr'><strong>iiie,</strong></span> <span class='ocrx_word' id='word_1_209' title='bbox 501 2671 550 2750; x_wconf 88' lang='lat' dir='ltr'><strong>qui</strong></span> <span class='ocrx_word' id='word_1_210' title='bbox 572 2671 785 2752; x_wconf 83' lang='lat' dir='ltr'><strong>quamplurima</strong></span> <span class='ocrx_word' id='word_1_211' title='bbox 807 2679 930 2752; x_wconf 88' lang='lat' dir='ltr'><strong>propter</strong></span> <span class='ocrx_word' id='word_1_212' title='bbox 950 2671 1003 2734; x_wconf 87' lang='lat' dir='ltr'><strong>Dei</strong></span> <span class='ocrx_word' id='word_1_213' title='bbox 1025 2669 1147 2752; x_wconf 76' lang='lat' dir='ltr'><strong>gloriam</strong></span> <span class='ocrx_word' id='word_1_214' title='bbox 1170 2689 1277 2752; x_wconf 88' lang='lat' dir='ltr'><strong>passus</strong></span> <span class='ocrx_word' id='word_1_215' title='bbox 1301 2689 1378 2748; x_wconf 87' lang='lat' dir='ltr'><strong>snm,</strong></span> 
     </span>
    </p>

    <p class='ocr_par' dir='ltr' id='par_1_4' title="bbox 157 2770 1430 3248">
     <span class='ocr_line' id='line_1_23' title="bbox 157 2770 1378 2852; baseline 0.002 -21"><span class='ocrx_word' id='word_1_216' title='bbox 157 2815 177 2844; x_wconf 88' lang='lat'><strong>‚‚</strong></span> <span class='ocrx_word' id='word_1_217' title='bbox 186 2779 216 2831; x_wconf 85' lang='lat' dir='ltr'><strong>et</strong></span> <span class='ocrx_word' id='word_1_218' title='bbox 237 2789 252 2832; x_wconf 94' lang='lat' dir='ltr'><strong>a</strong></span> <span class='ocrx_word' id='word_1_219' title='bbox 275 2770 336 2832; x_wconf 86' lang='lat' dir='ltr'><strong>Deo</strong></span> <span class='ocrx_word' id='word_1_220' title='bbox 365 2773 470 2834; x_wconf 88' lang='lat' dir='ltr'><strong>doetus</strong></span> <span class='ocrx_word' id='word_1_221' title='bbox 499 2773 674 2852; x_wconf 82' lang='lat' dir='ltr'><strong>sapientiam</strong></span> <span class='ocrx_word' id='word_1_222' title='bbox 704 2781 733 2834; x_wconf 89' lang='lat' dir='ltr'><strong>et</strong></span> <span class='ocrx_word' id='word_1_223' title='bbox 763 2773 916 2834; x_wconf 82' lang='lat' dir='ltr'><strong>seientiam</strong></span> <span class='ocrx_word' id='word_1_224' title='bbox 945 2773 1075 2852; x_wconf 82' lang='lat' dir='ltr'><strong>ennepi.“</strong></span> <span class='ocrx_word' id='word_1_225' title='bbox 1121 2773 1252 2834; x_wconf 83' lang='lat' dir='ltr'><strong>Fdoetiae</strong></span> <span class='ocrx_word' id='word_1_226' title='bbox 1281 2783 1378 2836; x_wconf 89' lang='lat' dir='ltr'><strong>autem</strong></span> 
     </span>
     <span class='ocr_line' id='line_1_24' title="bbox 157 2870 1379 2951; baseline 0.002 -19"><span class='ocrx_word' id='word_1_227' title='bbox 157 2870 221 2932; x_wconf 89' lang='lat' dir='ltr'><strong>eins</strong></span> <span class='ocrx_word' id='word_1_228' title='bbox 244 2873 422 2934; x_wconf 78' lang='lat' dir='ltr'><strong>exserendae</strong></span> <span class='ocrx_word' id='word_1_229' title='bbox 437 2881 468 2934; x_wconf 88' lang='lat' dir='ltr'><strong>et</strong></span> <span class='ocrx_word' id='word_1_230' title='bbox 480 2873 585 2951; x_wconf 84' lang='lat' dir='ltr'><strong>plenas</strong></span> <span class='ocrx_word' id='word_1_231' title='bbox 607 2873 777 2951; x_wconf 87' lang='lat' dir='ltr'><strong>impietatis,</strong></span> <span class='ocrx_word' id='word_1_232' title='bbox 800 2892 874 2950; x_wconf 81' lang='lat' dir='ltr'><strong>quae</strong></span> <span class='ocrx_word' id='word_1_233' title='bbox 890 2873 920 2934; x_wconf 87' lang='lat' dir='ltr'><strong>iu</strong></span> <span class='ocrx_word' id='word_1_234' title='bbox 936 2891 969 2934; x_wconf 83' lang='lat' dir='ltr'><strong>eu</strong></span> <span class='ocrx_word' id='word_1_235' title='bbox 985 2873 1181 2945; x_wconf 80' lang='lat' dir='ltr'><strong>eontinentur,</strong></span> <span class='ocrx_word' id='word_1_236' title='bbox 1204 2873 1277 2934; x_wconf 90' lang='lat' dir='ltr'><strong>taies</strong></span> <span class='ocrx_word' id='word_1_237' title='bbox 1294 2883 1379 2934; x_wconf 85' lang='lat' dir='ltr'><strong>sunt:</strong></span> 
     </span>
     <span class='ocr_line' id='line_1_25' title="bbox 158 2971 1379 3050; baseline -0.002 -18"><span class='ocrx_word' id='word_1_238' title='bbox 158 2971 252 3044; x_wconf 81' lang='lat' dir='ltr'><strong>„Non</strong></span> <span class='ocrx_word' id='word_1_239' title='bbox 274 2989 392 3050; x_wconf 87' lang='lat' dir='ltr'><strong>semper</strong></span> <span class='ocrx_word' id='word_1_240' title='bbox 411 2971 491 3032; x_wconf 87' lang='lat' dir='ltr'><strong>Deus</strong></span> <span class='ocrx_word' id='word_1_241' title='bbox 514 2971 568 3033; x_wconf 85' lang='lat' dir='ltr'><strong>init</strong></span> <span class='ocrx_word' id='word_1_242' title='bbox 588 2972 692 3044; x_wconf 88' lang='lat' dir='ltr'><strong>Pater,</strong></span> <span class='ocrx_word' id='word_1_243' title='bbox 713 2973 767 3034; x_wconf 90' lang='lat' dir='ltr'><strong>sed</strong></span> <span class='ocrx_word' id='word_1_244' title='bbox 790 2971 859 3044; x_wconf 83' lang='lat' dir='ltr'><strong>init,</strong></span> <span class='ocrx_word' id='word_1_245' title='bbox 889 2989 955 3032; x_wconf 88' lang='lat' dir='ltr'><strong>eum</strong></span> <span class='ocrx_word' id='word_1_246' title='bbox 977 2971 1057 3032; x_wconf 83' lang='lat' dir='ltr'><strong>bens</strong></span> <span class='ocrx_word' id='word_1_247' title='bbox 1079 2972 1163 3032; x_wconf 83' lang='lat' dir='ltr'><strong>euius</strong></span> <span class='ocrx_word' id='word_1_248' title='bbox 1186 2981 1277 3044; x_wconf 84' lang='lat' dir='ltr'><strong>esset,</strong></span> <span class='ocrx_word' id='word_1_249' title='bbox 1300 2989 1379 3031; x_wconf 91' lang='lat' dir='ltr'><strong>non-</strong></span> 
     </span>
     <span class='ocr_line' id='line_1_26' title="bbox 157 3069 1381 3152; baseline -0.004 -18"><span class='ocrx_word' id='word_1_250' title='bbox 157 3072 316 3152; x_wconf 85' lang='lat' dir='ltr'><strong>„dumque</strong></span> <span class='ocrx_word' id='word_1_251' title='bbox 336 3070 425 3133; x_wconf 85' lang='lat' dir='ltr'><strong>Pater</strong></span> <span class='ocrx_word' id='word_1_252' title='bbox 446 3080 524 3146; x_wconf 81' lang='lat' dir='ltr'><strong>erat3</strong></span> <span class='ocrx_word' id='word_1_253' title='bbox 556 3081 660 3151; x_wconf 85' lang='lat' dir='ltr'><strong>postea</strong></span> <span class='ocrx_word' id='word_1_254' title='bbox 682 3089 752 3133; x_wconf 84' lang='lat' dir='ltr'><strong>uero</strong></span> <span class='ocrx_word' id='word_1_255' title='bbox 775 3073 869 3133; x_wconf 81' lang='lat' dir='ltr'><strong>iaetus</strong></span> <span class='ocrx_word' id='word_1_256' title='bbox 891 3079 938 3132; x_wconf 90' lang='lat' dir='ltr'><strong>est</strong></span> <span class='ocrx_word' id='word_1_257' title='bbox 959 3071 1055 3132; x_wconf 83' lang='lat' dir='ltr'><strong>Pater.</strong></span> <span class='ocrx_word' id='word_1_258' title='bbox 1099 3070 1165 3130; x_wconf 81' lang='lat' dir='ltr'><strong>Non</strong></span> <span class='ocrx_word' id='word_1_259' title='bbox 1187 3088 1305 3148; x_wconf 88' lang='lat' dir='ltr'><strong>semper</strong></span> <span class='ocrx_word' id='word_1_260' title='bbox 1326 3069 1381 3131; x_wconf 80' lang='lat' dir='ltr'><strong>fuit</strong></span> 
     </span>
     <span class='ocr_line' id='line_1_27' title="bbox 157 3171 1430 3248; baseline -0.005 -12"><span class='ocrx_word' id='word_1_261' title='bbox 157 3173 294 3248; x_wconf 56' lang='lat' dir='ltr'><strong>„Filium</strong></span> <span class='ocrx_word' id='word_1_262' title='bbox 328 3191 396 3236; x_wconf 87' lang='lat' dir='ltr'><strong>nam</strong></span> <span class='ocrx_word' id='word_1_263' title='bbox 426 3191 492 3234; x_wconf 86' lang='lat' dir='ltr'><strong>oum</strong></span> <span class='ocrx_word' id='word_1_264' title='bbox 521 3173 619 3236; x_wconf 87' lang='lat' dir='ltr'><strong>omniu</strong></span> <span class='ocrx_word' id='word_1_265' title='bbox 642 3191 676 3236; x_wconf 85' lang='lat' dir='ltr'><strong>ex</strong></span> <span class='ocrx_word' id='word_1_266' title='bbox 699 3173 791 3234; x_wconf 90' lang='lat' dir='ltr'><strong>nibiiu</strong></span> <span class='ocrx_word' id='word_1_267' title='bbox 815 3171 877 3234; x_wconf 90' lang='lat' dir='ltr'><strong>sint</strong></span> <span class='ocrx_word' id='word_1_268' title='bbox 898 3179 977 3244; x_wconf 86' lang='lat' dir='ltr'><strong>orta,</strong></span> <span class='ocrx_word' id='word_1_269' title='bbox 1008 3189 1114 3248; x_wconf 82' lang='lat' dir='ltr'><strong>resque</strong></span> <span class='ocrx_word' id='word_1_270' title='bbox 1142 3186 1244 3230; x_wconf 88' lang='lat' dir='ltr'><strong>omnes</strong></span> <span class='ocrx_word' id='word_1_271' title='bbox 1266 3177 1380 3230; x_wconf 88' lang='lat' dir='ltr'><strong>creatae</strong></span> <span class='ocrx_word' id='word_1_272' title='bbox 1420 3211 1430 3218; x_wconf 92' lang='lat'>-</span> 
     </span>
    </p>
   </div>
   <div class='ocr_carea' id='block_1_4' title="bbox 158 3269 1381 3762">
    <p class='ocr_par' dir='ltr' id='par_1_5' title="bbox 158 3269 1381 3762">
     <span class='ocr_line' id='line_1_28' title="bbox 158 3269 1381 3356; baseline -0.003 -20"><span class='ocrx_word' id='word_1_273' title='bbox 158 3275 246 3348; x_wconf 87' lang='lat' dir='ltr'><strong>„sint</strong></span> <span class='ocrx_word' id='word_1_274' title='bbox 267 3283 297 3336; x_wconf 90' lang='lat' dir='ltr'><strong>et</strong></span> <span class='ocrx_word' id='word_1_275' title='bbox 318 3275 426 3348; x_wconf 84' lang='lat' dir='ltr'><strong>saetae,</strong></span> <span class='ocrx_word' id='word_1_276' title='bbox 457 3275 554 3355; x_wconf 89' lang='lat' dir='ltr'><strong>ipsum</strong></span> <span class='ocrx_word' id='word_1_277' title='bbox 582 3293 700 3356; x_wconf 87' lang='lat' dir='ltr'><strong>quoquo</strong></span> <span class='ocrx_word' id='word_1_278' title='bbox 722 3273 775 3336; x_wconf 85' lang='lat' dir='ltr'><strong>Dei</strong></span> <span class='ocrx_word' id='word_1_279' title='bbox 797 3271 925 3336; x_wconf 83' lang='lat' dir='ltr'><strong>Verbum</strong></span> <span class='ocrx_word' id='word_1_280' title='bbox 954 3291 991 3334; x_wconf 79' lang='lat' dir='ltr'><strong>ex</strong></span> <span class='ocrx_word' id='word_1_281' title='bbox 1012 3269 1104 3332; x_wconf 88' lang='lat' dir='ltr'><strong>uibiin</strong></span> <span class='ocrx_word' id='word_1_282' title='bbox 1126 3271 1235 3332; x_wconf 84' lang='lat' dir='ltr'><strong>iactum</strong></span> <span class='ocrx_word' id='word_1_283' title='bbox 1257 3278 1319 3344; x_wconf 90' lang='lat' dir='ltr'><strong>est,</strong></span> <span class='ocrx_word' id='word_1_284' title='bbox 1351 3279 1381 3332; x_wconf 86' lang='lat' dir='ltr'><strong>et</strong></span> 
     </span>
     <span class='ocr_line' id='line_1_29' title="bbox 159 3371 1380 3455; baseline 0 -19"><span class='ocrx_word' id='word_1_285' title='bbox 159 3377 239 3449; x_wconf 82' lang='lat' dir='ltr'><strong>„suit</strong></span> <span class='ocrx_word' id='word_1_286' title='bbox 260 3375 416 3455; x_wconf 83' lang='lat' dir='ltr'><strong>aliquando</strong></span> <span class='ocrx_word' id='word_1_287' title='bbox 440 3394 506 3438; x_wconf 87' lang='lat' dir='ltr'><strong>eum</strong></span> <span class='ocrx_word' id='word_1_288' title='bbox 529 3395 590 3440; x_wconf 91' lang='lat' dir='ltr'><strong>non</strong></span> <span class='ocrx_word' id='word_1_289' title='bbox 613 3387 711 3448; x_wconf 67' lang='lat' dir='ltr'><strong>essem</strong></span> <span class='ocrx_word' id='word_1_290' title='bbox 738 3393 795 3438; x_wconf 86' lang='lat' dir='ltr'><strong>neo</strong></span> <span class='ocrx_word' id='word_1_291' title='bbox 817 3383 881 3436; x_wconf 88' lang='lat' dir='ltr'><strong>erat</strong></span> <span class='ocrx_word' id='word_1_292' title='bbox 901 3384 1057 3454; x_wconf 82' lang='lat' dir='ltr'><strong>autequam</strong></span> <span class='ocrx_word' id='word_1_293' title='bbox 1079 3373 1179 3446; x_wconf 78' lang='lat' dir='ltr'><strong>tieret,</strong></span> <span class='ocrx_word' id='word_1_294' title='bbox 1203 3373 1255 3434; x_wconf 89' lang='lat' dir='ltr'><strong>sed</strong></span> <span class='ocrx_word' id='word_1_295' title='bbox 1277 3371 1380 3436; x_wconf 89' lang='lat' dir='ltr'><strong>babuit</strong></span> 
     </span>
     <span class='ocr_line' id='line_1_30' title="bbox 159 3474 1376 3558; baseline -0.002 -19"><span class='ocrx_word' id='word_1_296' title='bbox 159 3495 300 3558; x_wconf 86' lang='lat' dir='ltr'><strong>„qnoque</strong></span> <span class='ocrx_word' id='word_1_297' title='bbox 323 3477 480 3542; x_wconf 83' lang='lat' dir='ltr'><strong>creationis</strong></span> <span class='ocrx_word' id='word_1_298' title='bbox 504 3478 630 3542; x_wconf 90' lang='lat' dir='ltr'><strong>initium.</strong></span> <span class='ocrx_word' id='word_1_299' title='bbox 675 3479 745 3540; x_wconf 83' lang='lat' dir='ltr'><strong>Erat</strong></span> <span class='ocrx_word' id='word_1_300' title='bbox 767 3478 857 3552; x_wconf 86' lang='lat' dir='ltr'><strong>enim,</strong></span> <span class='ocrx_word' id='word_1_301' title='bbox 880 3476 984 3556; x_wconf 86' lang='lat' dir='ltr'><strong>inquit,</strong></span> <span class='ocrx_word' id='word_1_302' title='bbox 1010 3475 1092 3538; x_wconf 89' lang='lat' dir='ltr'><strong>soius</strong></span> <span class='ocrx_word' id='word_1_303' title='bbox 1115 3474 1204 3548; x_wconf 87' lang='lat' dir='ltr'><strong>Deus,</strong></span> <span class='ocrx_word' id='word_1_304' title='bbox 1227 3475 1376 3537; x_wconf 90' lang='lat' dir='ltr'><strong>noudum·</strong></span> 
     </span>
     <span class='ocr_line' id='line_1_31' title="bbox 158 3576 1377 3661; baseline -0.003 -19"><span class='ocrx_word' id='word_1_305' title='bbox 158 3597 242 3658; x_wconf 87' lang='lat' dir='ltr'><strong>„que</strong></span> <span class='ocrx_word' id='word_1_306' title='bbox 264 3589 326 3641; x_wconf 87' lang='lat' dir='ltr'><strong>erat</strong></span> <span class='ocrx_word' id='word_1_307' title='bbox 348 3579 474 3642; x_wconf 76' lang='lat' dir='ltr'><strong>Verbum</strong></span> <span class='ocrx_word' id='word_1_308' title='bbox 497 3591 528 3642; x_wconf 86' lang='lat' dir='ltr'><strong>et</strong></span> <span class='ocrx_word' id='word_1_309' title='bbox 542 3580 700 3661; x_wconf 88' lang='lat' dir='ltr'><strong>Sapientia.</strong></span> <span class='ocrx_word' id='word_1_310' title='bbox 735 3580 806 3644; x_wconf 83' lang='lat' dir='ltr'><strong>Cum</strong></span> <span class='ocrx_word' id='word_1_311' title='bbox 829 3587 927 3642; x_wconf 86' lang='lat' dir='ltr'><strong>autem</strong></span> <span class='ocrx_word' id='word_1_312' title='bbox 949 3597 1007 3640; x_wconf 91' lang='lat' dir='ltr'><strong>nos</strong></span> <span class='ocrx_word' id='word_1_313' title='bbox 1027 3583 1132 3657; x_wconf 90' lang='lat' dir='ltr'><strong>postea</strong></span> <span class='ocrx_word' id='word_1_314' title='bbox 1155 3576 1246 3639; x_wconf 85' lang='lat' dir='ltr'><strong>roiuit</strong></span> <span class='ocrx_word' id='word_1_315' title='bbox 1267 3596 1377 3652; x_wconf 83' lang='lat' dir='ltr'><strong>creare,</strong></span> 
     </span>
     <span class='ocr_line' id='line_1_32' title="bbox 159 3678 1377 3762; baseline 0 -20"><span class='ocrx_word' id='word_1_316' title='bbox 159 3687 256 3753; x_wconf 88' lang='lat' dir='ltr'><strong>„tune</strong></span> <span class='ocrx_word' id='word_1_317' title='bbox 275 3681 408 3759; x_wconf 83' lang='lat' dir='ltr'><strong>proiecto</strong></span> <span class='ocrx_word' id='word_1_318' title='bbox 431 3698 523 3744; x_wconf 88' lang='lat' dir='ltr'><strong>unum</strong></span> <span class='ocrx_word' id='word_1_319' title='bbox 544 3683 690 3760; x_wconf 87' lang='lat' dir='ltr'><strong>quendam</strong></span> <span class='ocrx_word' id='word_1_320' title='bbox 711 3682 795 3756; x_wconf 83' lang='lat' dir='ltr'><strong>iecit,</strong></span> <span class='ocrx_word' id='word_1_321' title='bbox 828 3697 916 3762; x_wconf 87' lang='lat' dir='ltr'><strong>quem</strong></span> <span class='ocrx_word' id='word_1_322' title='bbox 938 3689 969 3742; x_wconf 86' lang='lat' dir='ltr'><strong>st</strong></span> <span class='ocrx_word' id='word_1_323' title='bbox 990 3679 1116 3744; x_wconf 86' lang='lat' dir='ltr'><strong>Verbum</strong></span> <span class='ocrx_word' id='word_1_324' title='bbox 1147 3687 1177 3742; x_wconf 88' lang='lat' dir='ltr'><strong>et</strong></span> <span class='ocrx_word' id='word_1_325' title='bbox 1197 3678 1377 3758; x_wconf 86' lang='lat' dir='ltr'><strong>Sapientiam</strong></span> 
     </span>
    </p>
   </div>
   <div class='ocr_carea' id='block_1_5' title="bbox 155 3815 1472 4572">
    <p class='ocr_par' dir='ltr' id='par_1_6' title="bbox 158 3815 1377 3964">
     <span class='ocr_line' id='line_1_33' title="bbox 190 3815 1375 3897; baseline 0 -17"><span class='ocrx_word' id='word_1_326' title='bbox 190 3834 206 3881; x_wconf 87' lang='lat' dir='ltr'><strong>r.</strong></span> <span class='ocrx_word' id='word_1_327' title='bbox 233 3832 333 3894; x_wconf 65' lang='lat' dir='ltr'><strong>Septen</strong></span> <span class='ocrx_word' id='word_1_328' title='bbox 353 3833 450 3884; x_wconf 73' lang='lat' dir='ltr'><strong>souin.</strong></span> <span class='ocrx_word' id='word_1_329' title='bbox 470 3843 492 3882; x_wconf 76' lang='lat' dir='ltr'><strong>n</strong></span> <span class='ocrx_word' id='word_1_330' title='bbox 511 3833 616 3885; x_wconf 64' lang='lat' dir='ltr'><strong>sticum.</strong></span> <span class='ocrx_word' id='word_1_331' title='bbox 637 3835 658 3883; x_wconf 85' lang='lat'><strong>1.</strong></span> <span class='ocrx_word' id='word_1_332' title='bbox 689 3833 740 3880; x_wconf 72' lang='lat' dir='ltr'><strong>aa·</strong></span> <span class='ocrx_word' id='word_1_333' title='bbox 789 3827 856 3884; x_wconf 70' lang='lat' dir='ltr'><strong>arte</strong></span> <span class='ocrx_word' id='word_1_334' title='bbox 872 3824 973 3896; x_wconf 71' lang='grc' dir='ltr'><em>πατήρ.</em></span> <span class='ocrx_word' id='word_1_335' title='bbox 993 3827 1084 3897; x_wconf 66' lang='grc' dir='ltr'><em>πατὴρ</em></span> <span class='ocrx_word' id='word_1_336' title='bbox 1103 3815 1150 3889; x_wconf 73' lang='grc' dir='ltr'><strong>ἦν·</strong></span> <span class='ocrx_word' id='word_1_337' title='bbox 1170 3821 1223 3879; x_wconf 73' lang='lat' dir='ltr'><strong>aar</strong></span> <span class='ocrx_word' id='word_1_338' title='bbox 1244 3815 1278 3890; x_wconf 71' lang='grc' dir='ltr'><strong>ἢν</strong></span> <span class='ocrx_word' id='word_1_339' title='bbox 1296 3821 1375 3880; x_wconf 72' lang='lat' dir='ltr'><strong>dno</strong></span> 
     </span>
     <span class='ocr_line' id='line_1_34' title="bbox 158 3889 1377 3964; baseline -0.001 -16"><span class='ocrx_word' id='word_1_340' title='bbox 158 3893 235 3953; x_wconf 75' lang='lat' dir='ltr'><strong>irinc.</strong></span> <span class='ocrx_word' id='word_1_341' title='bbox 269 3900 313 3948; x_wconf 79' lang='lat' dir='ltr'><strong>diii</strong></span> <span class='ocrx_word' id='word_1_342' title='bbox 331 3895 435 3953; x_wconf 69' lang='lat' dir='ltr'><strong>deitas.</strong></span> <span class='ocrx_word' id='word_1_343' title='bbox 747 3936 754 3956; x_wconf 75' lang='grc'><strong>.</strong></span> <span class='ocrx_word' id='word_1_344' title='bbox 790 3893 856 3952; x_wconf 72' lang='grc' dir='ltr'><strong>θεός</strong></span> <span class='ocrx_word' id='word_1_345' title='bbox 873 3908 918 3949; x_wconf 86' lang='lat' dir='ltr'><strong>etc.</strong></span> <span class='ocrx_word' id='word_1_346' title='bbox 961 3899 1021 3948; x_wconf 80' lang='lat' dir='ltr'><strong>diditi</strong></span> <span class='ocrx_word' id='word_1_347' title='bbox 1048 3909 1071 3949; x_wconf 84' lang='lat' dir='ltr'><strong>et</strong></span> <span class='ocrx_word' id='word_1_348' title='bbox 1095 3899 1135 3948; x_wconf 85' lang='lat' dir='ltr'><strong>olii</strong></span> <span class='ocrx_word' id='word_1_349' title='bbox 1160 3889 1175 3944; x_wconf 81' lang='lat' dir='ltr'><strong>d</strong></span> <span class='ocrx_word' id='word_1_350' title='bbox 1198 3891 1262 3952; x_wconf 73' lang='lat' dir='ltr'><strong>dede</strong></span> <span class='ocrx_word' id='word_1_351' title='bbox 1287 3893 1377 3964; x_wconf 76' lang='lat' dir='ltr'><strong>antip</strong></span> 
     </span>
    </p>

    <p class='ocr_par' dir='ltr' id='par_1_7' title="bbox 156 3949 1378 4250">
     <span class='ocr_line' id='line_1_35' title="bbox 190 3949 1378 4044; baseline 0.002 -28"><span class='ocrx_word' id='word_1_352' title='bbox 190 3983 211 4028; x_wconf 77' lang='lat' dir='ltr'><strong>g.</strong></span> <span class='ocrx_word' id='word_1_353' title='bbox 230 3961 739 4032; x_wconf 63' lang='grc' dir='ltr'><strong>δεκαετ.[1ος.ειῖε1ο1ιω.5.ὄμοδόξων.</strong></span> <span class='ocrx_word' id='word_1_354' title='bbox 791 3951 837 4026; x_wconf 77' lang='grc' dir='ltr'><strong>ἦν’</strong></span> <span class='ocrx_word' id='word_1_355' title='bbox 866 3955 920 4014; x_wconf 76' lang='lat' dir='ltr'><strong>dtt’</strong></span> <span class='ocrx_word' id='word_1_356' title='bbox 942 3949 975 4025; x_wconf 76' lang='grc' dir='ltr'><strong>ἦν</strong></span> <span class='ocrx_word' id='word_1_357' title='bbox 999 3955 1044 4015; x_wconf 77' lang='lat' dir='ltr'><strong>ire</strong></span> <span class='ocrx_word' id='word_1_358' title='bbox 1070 3957 1197 4044; x_wconf 51' lang='lat' dir='ltr'><strong>druis&#39;eto.</strong></span> <span class='ocrx_word' id='word_1_359' title='bbox 1240 3965 1291 4016; x_wconf 77' lang='lat' dir='ltr'><strong>iios</strong></span> <span class='ocrx_word' id='word_1_360' title='bbox 1319 3967 1378 4018; x_wconf 84' lang='lat' dir='ltr'><strong>base</strong></span> 
     </span>
     <span class='ocr_line' id='line_1_36' title="bbox 158 4025 1377 4099; baseline 0.001 -15"><span class='ocrx_word' id='word_1_361' title='bbox 158 4033 217 4086; x_wconf 88' lang='lat' dir='ltr'><strong>ibid.</strong></span> <span class='ocrx_word' id='word_1_362' title='bbox 234 4033 291 4084; x_wconf 87' lang='lat' dir='ltr'><strong>editi</strong></span> <span class='ocrx_word' id='word_1_363' title='bbox 310 4044 333 4084; x_wconf 88' lang='lat' dir='ltr'><strong>et</strong></span> <span class='ocrx_word' id='word_1_364' title='bbox 351 4035 446 4086; x_wconf 81' lang='lat' dir='ltr'><strong>i&#39;einim</strong></span> <span class='ocrx_word' id='word_1_365' title='bbox 464 4033 485 4084; x_wconf 80' lang='lat'><strong>2.</strong></span> <span class='ocrx_word' id='word_1_366' title='bbox 502 4027 667 4099; x_wconf 75' lang='lat' dir='ltr'><strong>neptuiurn&#39;c.</strong></span> <span class='ocrx_word' id='word_1_367' title='bbox 694 4035 738 4084; x_wconf 78' lang='lat' dir='ltr'><strong>biii</strong></span> <span class='ocrx_word' id='word_1_368' title='bbox 791 4033 862 4084; x_wconf 80' lang='lat' dir='ltr'><strong>rerba</strong></span> <span class='ocrx_word' id='word_1_369' title='bbox 879 4027 926 4082; x_wconf 79' lang='lat' dir='ltr'><strong>runi</strong></span> <span class='ocrx_word' id='word_1_370' title='bbox 943 4025 1019 4081; x_wconf 80' lang='grc' dir='ltr'><strong>οὔπω</strong></span> <span class='ocrx_word' id='word_1_371' title='bbox 1037 4033 1377 4098; x_wconf 67' lang='grc' dir='ltr'><strong>πατηρηνιίοιιιηιίηῆει.,</strong></span> 
     </span>
     <span class='ocr_line' id='line_1_37' title="bbox 158 4091 1375 4172; baseline -0.002 -20"><span class='ocrx_word' id='word_1_372' title='bbox 158 4115 215 4152; x_wconf 81' lang='lat' dir='ltr'><strong>mss.</strong></span> <span class='ocrx_word' id='word_1_373' title='bbox 233 4095 396 4166; x_wconf 73' lang='grc' dir='ltr'><strong>περικλυτός.</strong></span> <span class='ocrx_word' id='word_1_374' title='bbox 433 4103 608 4166; x_wconf 73' lang='lat' dir='ltr'><strong>iior&#39;Sepnor.</strong></span> <span class='ocrx_word' id='word_1_375' title='bbox 631 4093 685 4172; x_wconf 67' lang='lat' dir='ltr'><strong>puri</strong></span> <span class='ocrx_word' id='word_1_376' title='bbox 707 4115 740 4166; x_wconf 82' lang='grc' dir='ltr'><strong>γε</strong></span> <span class='ocrx_word' id='word_1_377' title='bbox 808 4104 831 4151; x_wconf 89' lang='lat' dir='ltr'><strong>ui</strong></span> <span class='ocrx_word' id='word_1_378' title='bbox 850 4101 923 4161; x_wconf 83' lang='lat' dir='ltr'><strong>idern,</strong></span> <span class='ocrx_word' id='word_1_379' title='bbox 942 4102 1043 4164; x_wconf 80' lang='lat' dir='ltr'><strong>Soporr.</strong></span> <span class='ocrx_word' id='word_1_380' title='bbox 1062 4109 1086 4150; x_wconf 88' lang='lat' dir='ltr'><strong>ot</strong></span> <span class='ocrx_word' id='word_1_381' title='bbox 1103 4099 1193 4162; x_wconf 67' lang='lat' dir='ltr'><strong>instit„</strong></span> <span class='ocrx_word' id='word_1_382' title='bbox 1213 4091 1375 4168; x_wconf 75' lang='grc' dir='ltr'><em>ὕστερονδὲ</em></span> 
     </span>
     <span class='ocr_line' id='line_1_38' title="bbox 156 4116 1377 4250; baseline 0.002 -34"><span class='ocrx_word' id='word_1_383' title='bbox 156 4165 223 4219; x_wconf 78' lang='lat' dir='ltr'><strong>arou</strong></span> <span class='ocrx_word' id='word_1_384' title='bbox 239 4161 348 4234; x_wconf 69' lang='lat' dir='ltr'><strong>prodais.</strong></span> <span class='ocrx_word' id='word_1_385' title='bbox 790 4116 939 4233; x_wconf 69' lang='lat' dir='ltr'><strong>intytyorr.</strong></span> <span class='ocrx_word' id='word_1_386' title='bbox 975 4167 1037 4220; x_wconf 79' lang='lat' dir='ltr'><strong>Editi</strong></span> <span class='ocrx_word' id='word_1_387' title='bbox 1062 4159 1179 4250; x_wconf 49' lang='grc' dir='ltr'><strong>ὅμηρον</strong></span> <span class='ocrx_word' id='word_1_388' title='bbox 1202 4163 1242 4248; x_wconf 66' lang='grc' dir='ltr'><strong>δὲΙ</strong></span> <span class='ocrx_word' id='word_1_389' title='bbox 1255 4161 1312 4220; x_wconf 78' lang='lat' dir='ltr'><strong>insi</strong></span> <span class='ocrx_word' id='word_1_390' title='bbox 1334 4163 1377 4232; x_wconf 76' lang='lat' dir='ltr'><strong>yi-</strong></span> 
     </span>
    </p>

    <p class='ocr_par' dir='ltr' id='par_1_8' title="bbox 155 4227 1472 4506">
     <span class='ocr_line' id='line_1_39' title="bbox 190 4227 1279 4304; baseline -0.004 -16"><span class='ocrx_word' id='word_1_391' title='bbox 190 4237 214 4288; x_wconf 87' lang='lat' dir='ltr'><strong>b.</strong></span> <span class='ocrx_word' id='word_1_392' title='bbox 234 4239 274 4288; x_wconf 85' lang='lat' dir='ltr'><strong>Sir</strong></span> <span class='ocrx_word' id='word_1_393' title='bbox 297 4237 397 4300; x_wconf 70' lang='lat' dir='ltr'><strong>Seguer.</strong></span> <span class='ocrx_word' id='word_1_394' title='bbox 423 4237 521 4287; x_wconf 80' lang='lat' dir='ltr'><strong>Gobior.</strong></span> <span class='ocrx_word' id='word_1_395' title='bbox 546 4245 568 4286; x_wconf 85' lang='lat' dir='ltr'><strong>et</strong></span> <span class='ocrx_word' id='word_1_396' title='bbox 594 4237 697 4288; x_wconf 82' lang='lat' dir='ltr'><strong>Feluim.</strong></span> <span class='ocrx_word' id='word_1_397' title='bbox 720 4237 740 4288; x_wconf 91' lang='lat' dir='ltr'><strong>i.</strong></span> <span class='ocrx_word' id='word_1_398' title='bbox 791 4250 863 4304; x_wconf 70' lang='lat' dir='ltr'><strong>rore</strong></span> <span class='ocrx_word' id='word_1_399' title='bbox 900 4235 960 4286; x_wconf 85' lang='lat' dir='ltr'><strong>ibid.</strong></span> <span class='ocrx_word' id='word_1_400' title='bbox 978 4235 1035 4298; x_wconf 76' lang='lat' dir='ltr'><strong>iisp.</strong></span> <span class='ocrx_word' id='word_1_401' title='bbox 1055 4249 1102 4286; x_wconf 77' lang='grc' dir='ltr'><strong>ουκ</strong></span> <span class='ocrx_word' id='word_1_402' title='bbox 1120 4229 1163 4286; x_wconf 82' lang='lat' dir='ltr'><strong>ori</strong></span> <span class='ocrx_word' id='word_1_403' title='bbox 1180 4227 1195 4284; x_wconf 78' lang='lat' dir='ltr'><strong>i</strong></span> <span class='ocrx_word' id='word_1_404' title='bbox 1214 4230 1279 4289; x_wconf 70' lang='lat' dir='ltr'><strong>uude.</strong></span> 
     </span>
     <span class='ocr_line' id='line_1_40' title="bbox 155 4285 1377 4371; baseline -0.005 -18"><span class='ocrx_word' id='word_1_405' title='bbox 155 4305 183 4354; x_wconf 81' lang='lat' dir='ltr'><strong>dt</strong></span> <span class='ocrx_word' id='word_1_406' title='bbox 201 4303 261 4354; x_wconf 79' lang='lat' dir='ltr'><strong>Editi</strong></span> <span class='ocrx_word' id='word_1_407' title='bbox 279 4297 460 4371; x_wconf 75' lang='grc' dir='ltr'><strong>κρατούμενα,</strong></span> <span class='ocrx_word' id='word_1_408' title='bbox 496 4305 740 4369; x_wconf 60' lang='lat' dir='ltr'><strong>transemundum.</strong></span> <span class='ocrx_word' id='word_1_409' title='bbox 826 4306 848 4354; x_wconf 84' lang='lat' dir='ltr'><strong>i.</strong></span> <span class='ocrx_word' id='word_1_410' title='bbox 872 4305 962 4366; x_wconf 71' lang='lat' dir='ltr'><strong>inpiis.</strong></span> <span class='ocrx_word' id='word_1_411' title='bbox 989 4297 1034 4350; x_wconf 79' lang='grc' dir='ltr'><strong>καὶ</strong></span> <span class='ocrx_word' id='word_1_412' title='bbox 1058 4290 1091 4362; x_wconf 76' lang='grc' dir='ltr'><strong>ἦν</strong></span> <span class='ocrx_word' id='word_1_413' title='bbox 1113 4317 1179 4353; x_wconf 80' lang='lat' dir='ltr'><strong>nors</strong></span> <span class='ocrx_word' id='word_1_414' title='bbox 1203 4293 1247 4352; x_wconf 76' lang='lat' dir='ltr'><strong>ire</strong></span> <span class='ocrx_word' id='word_1_415' title='bbox 1272 4293 1319 4350; x_wconf 76' lang='lat' dir='ltr'><strong>nbat</strong></span> <span class='ocrx_word' id='word_1_416' title='bbox 1344 4285 1377 4362; x_wconf 75' lang='grc' dir='ltr'><strong>ἦν</strong></span> 
     </span>
     <span class='ocr_line' id='line_1_41' title="bbox 156 4365 1472 4440; baseline -0.003 -20"><span class='ocrx_word' id='word_1_417' title='bbox 156 4377 180 4422; x_wconf 83' lang='lat' dir='ltr'><strong>st</strong></span> <span class='ocrx_word' id='word_1_418' title='bbox 197 4372 301 4422; x_wconf 67' lang='lat' dir='ltr'><strong>fetrum.</strong></span> <span class='ocrx_word' id='word_1_419' title='bbox 322 4374 343 4422; x_wconf 85' lang='lat'><strong>1.</strong></span> <span class='ocrx_word' id='word_1_420' title='bbox 365 4365 453 4440; x_wconf 80' lang='grc' dir='ltr'><strong><em>μεστὰ</em></strong></span> <span class='ocrx_word' id='word_1_421' title='bbox 478 4367 635 4438; x_wconf 67' lang='lat' dir='ltr'><strong>defoedatur.</strong></span> <span class='ocrx_word' id='word_1_422' title='bbox 679 4373 740 4424; x_wconf 78' lang='lat' dir='ltr'><strong>Editi</strong></span> <span class='ocrx_word' id='word_1_423' title='bbox 790 4367 858 4438; x_wconf 76' lang='grc' dir='ltr'><strong>πρὶν</strong></span> <span class='ocrx_word' id='word_1_424' title='bbox 874 4367 994 4436; x_wconf 72' lang='grc' dir='ltr'><strong>γένηται.</strong></span> <span class='ocrx_word' id='word_1_425' title='bbox 1034 4371 1089 4422; x_wconf 79' lang='lat' dir='ltr'><strong>biso.</strong></span> <span class='ocrx_word' id='word_1_426' title='bbox 1109 4374 1165 4420; x_wconf 82' lang='lat' dir='ltr'><strong>item</strong></span> <span class='ocrx_word' id='word_1_427' title='bbox 1184 4369 1376 4422; x_wconf 82' lang='lat' dir='ltr'><strong>omuesetedit.</strong></span> <span class='ocrx_word' id='word_1_428' title='bbox 1470 4389 1472 4394; x_wconf 96' lang='lat'>·</span> 
     </span>
     <span class='ocr_line' id='line_1_42' title="bbox 157 4433 1155 4506; baseline -0.001 -18"><span class='ocrx_word' id='word_1_429' title='bbox 157 4446 181 4488; x_wconf 86' lang='lat' dir='ltr'><strong>et</strong></span> <span class='ocrx_word' id='word_1_430' title='bbox 198 4439 238 4489; x_wconf 78' lang='lat' dir='ltr'><strong>ulii</strong></span> <span class='ocrx_word' id='word_1_431' title='bbox 256 4433 325 4506; x_wconf 80' lang='grc' dir='ltr'><strong>μετὰ</strong></span> <span class='ocrx_word' id='word_1_432' title='bbox 344 4435 505 4504; x_wconf 75' lang='grc' dir='ltr'><strong>δυςσεβείας.</strong></span> <span class='ocrx_word' id='word_1_433' title='bbox 792 4440 911 4492; x_wconf 76' lang='lat' dir='ltr'><strong>commui.</strong></span> <span class='ocrx_word' id='word_1_434' title='bbox 929 4439 1019 4488; x_wconf 77' lang='lat' dir='ltr'><strong>habeut</strong></span> <span class='ocrx_word' id='word_1_435' title='bbox 1034 4433 1155 4503; x_wconf 74' lang='grc' dir='ltr'><strong>γένηται,</strong></span> 
     </span>
    </p>

    <p class='ocr_par' dir='ltr' id='par_1_9' title="bbox 188 4499 1128 4572">
     <span class='ocr_line' id='line_1_43' title="bbox 188 4499 1128 4572; baseline -0.002 -16"><span class='ocrx_word' id='word_1_436' title='bbox 188 4507 205 4556; x_wconf 91' lang='lat' dir='ltr'><strong>i.</strong></span> <span class='ocrx_word' id='word_1_437' title='bbox 222 4508 361 4572; x_wconf 67' lang='lat' dir='ltr'><strong>Sseuerim.</strong></span> <span class='ocrx_word' id='word_1_438' title='bbox 386 4509 484 4562; x_wconf 83' lang='lat' dir='ltr'><strong>Gobirr.</strong></span> <span class='ocrx_word' id='word_1_439' title='bbox 509 4515 533 4560; x_wconf 84' lang='lat' dir='ltr'><strong>et</strong></span> <span class='ocrx_word' id='word_1_440' title='bbox 550 4507 654 4560; x_wconf 79' lang='lat' dir='ltr'><strong>isicium.</strong></span> <span class='ocrx_word' id='word_1_441' title='bbox 676 4509 698 4560; x_wconf 87' lang='lat'><strong>1.</strong></span> <span class='ocrx_word' id='word_1_442' title='bbox 724 4500 738 4556; x_wconf 82' lang='lat' dir='ltr'><strong>d</strong></span> <span class='ocrx_word' id='word_1_443' title='bbox 825 4507 842 4558; x_wconf 90' lang='grc' dir='ltr'><strong>Ι.</strong></span> <span class='ocrx_word' id='word_1_444' title='bbox 859 4499 893 4566; x_wconf 77' lang='lat' dir='ltr'><strong>dn&#39;</strong></span> <span class='ocrx_word' id='word_1_445' title='bbox 912 4505 1010 4558; x_wconf 75' lang='lat' dir='ltr'><strong>abesto</strong></span> <span class='ocrx_word' id='word_1_446' title='bbox 1029 4507 1128 4568; x_wconf 69' lang='lat' dir='ltr'><strong>Sedurr.</strong></span> 
     </span>
    </p>
   </div>
   <div class='ocr_carea' id='block_1_6' title="bbox 0 0 1614 5046">
    <p class='ocr_par' dir='ltr' id='par_1_10' title="bbox 0 0 1614 5046">
     <span class='ocr_line' id='line_1_44' title="bbox 0 0 1614 5046; baseline 0 0"><span class='ocrx_word' id='word_1_447' title='bbox 0 0 1614 5046; x_wconf 95' lang='lat' dir='ltr'><strong> </strong></span> 
     </span>
    </p>
   </div>
  </div>
 </body>
</html>
