3054 5304
540 181 649 224 cataro
666 181 704 224 tr.
720 180 837 224 cortem
851 180 985 224 amasos.
1299 164 1361 228 sot

134 335 217 398 Deris
246 335 416 397 benedictus
446 334 479 392 aia
501 329 639 402 soeculo,
669 329 783 394 omen*
810 329 884 403 Quia
907 347 999 408 porro
1023 347 1057 389 or
1078 328 1141 390 lieo
1164 331 1242 392 Deus
1265 342 1311 393 εει
1331 340 1446 394 ctt’ott·

134 435 189 498 bet
217 435 363 508 Verbum,
391 431 556 512 Sapientia,
588 429 680 493 Filius
712 439 742 491 ει
762 431 862 499 Virtus
890 439 938 492 ost
959 429 1111 502 Christus,
1146 431 1254 492 idcirco
1283 451 1361 495 unus

135 535 214 598 Deus
236 535 267 596 in
290 533 396 596 divinis
420 531 581 618 scripturis
603 532 806 620 annunciatur.
852 531 925 593 Cum
948 531 1027 594 enim
1050 531 1178 594 Verbum
1201 534 1287 594 unius
1309 535 1363 596 Dei

136 636 177 698 sit
198 636 286 708 lilius,
310 636 347 696 nd
368 635 449 696 illum
472 633 557 694 cuins
581 617 627 694 esi
649 633 786 707 retertur,
808 633 848 695 ita
872 642 904 694 ut
926 633 984 694 duo
1007 633 1126 712 quidem
1150 633 1211 696 sint
1225 633 1312 695 Pater
1334 645 1363 697 ει

136 719 240 809 Filius,
263 735 361 797 unitas
385 754 455 798 vero
478 734 639 796 divinitatis
662 733 811 796 individua
834 734 874 795 sit
895 735 1036 814 nulloque
1058 735 1147 796 modo
1170 735 1363 814 separabilis3

137 855 170 898 ac
192 835 318 915 proinde
340 836 495 898 dicendum
519 843 580 910 εει,
611 853 703 896 unum
725 854 793 896 esse
815 834 976 896 divinitatis
997 835 1191 914 principium,
1222 855 1281 896 uon
1305 837 1364 898 duo

138 935 300 1016 principia,
327 937 406 1000 unde
433 936 555 1017 proprie
583 945 614 998 et
641 935 811 998 monarchia
839 943 896 998 est.
940 936 984 998 Ex
1012 936 1077 1016 ipso
1099 945 1195 999 autem
1218 939 1364 1017 principio

138 1037 267 1098 Verbum
289 1039 368 1102 lilios
391 1041 497 1100 natura
520 1037 629 1112 existit,
651 1055 712 1098 non
735 1046 767 1098 ut
788 1037 865 1098 aliud
880 1035 1059 1118 principium
1073 1056 1128 1117 per
1144 1038 1274 1120 seipsum
1290 1040 1364 1102 sub-

140 1140 268 1213 sistens,
299 1159 396 1218 usque
425 1139 542 1200 aliunde
570 1157 656 1218 quam
686 1157 722 1200 er
744 1139 809 1218 ipso
832 1157 892 1199 uno
914 1138 1060 1218 principio
1083 1141 1188 1214 uatus,
1217 1159 1254 1202 ne
1276 1131 1364 1221 dy'ar·

138 1241 234 1302 cbiam
257 1247 287 1302 ει
307 1241 506 1320 polyarchiam
528 1239 559 1300 id
581 1248 627 1301 εει
647 1241 706 1300 duo
729 1239 775 1300 vel
796 1239 880 1318 plura
900 1239 1045 1320 principia
1068 1241 1223 1304 diversitas
1236 1241 1364 1320 inducat,

140 1343 194 1404 scd
217 1344 305 1404 unius
326 1342 462 1422 principii
485 1341 624 1421 proprius
647 1351 693 1402 εει
706 1340 810 1414 Filius,
832 1340 955 1420 propria
976 1341 1130 1420 sapientia,
1154 1345 1366 1426 propriumque

140 1443 269 1505 Verbum
292 1461 326 1506 er
349 1462 385 1504 εο
409 1443 549 1504 existens.
594 1443 678 1515 Nam,
702 1449 734 1502 ut
756 1441 843 1504 docet
859 1441 995 1514 loannes,
1018 1441 1048 1502 in
1064 1442 1123 1503 isto
1139 1445 1285 1526 principio
1302 1456 1368 1510 erat

141 1543 285 1618 Verbum,
318 1552 347 1605 ει
375 1543 503 1606 Verbum
537 1555 600 1606 erat
632 1541 709 1624 apud
737 1543 842 1604 Deum.
887 1541 966 1604 Deus
996 1543 1074 1606 enim
1101 1544 1281 1626 principium
1308 1559 1365 1612 εει.

141 1643 223 1705 Unde
255 1645 324 1724 quia
358 1664 393 1706 ex
422 1645 481 1706 hoc
507 1645 653 1724 principio
684 1653 747 1718 est,
780 1644 891 1706 idcirco
922 1643 1009 1706 etiam
1031 1645 1115 1708 Deus
1138 1659 1204 1710 erut
1231 1648 1365 1714 Verbum.

138 1743 233 1806 Porro
256 1747 503 1824 quemadmodum
527 1765 618 1808 unum
641 1755 688 1808 est
708 1745 888 1826 principium
912 1747 1089 1826 etproinde
1113 1767 1190 1811 ttnus
1211 1750 1303 1826 Deus,
1325 1754 1366 1816 ita

139 1865 214 1925 quae
235 1847 390 1910 verissime
412 1857 459 1909 εει
481 1847 611 1910 essentia
634 1855 664 1908 ει
685 1847 861 1921 substantia,
885 1866 943 1911 uua
959 1857 1006 1910 εει
1020 1867 1095 1928 quae
1110 1850 1197 1912 dicit:
1219 1853 1283 1933 Epo
1299 1873 1367 1918 aum

139 1953 193 2029 poi
218 1968 299 2024 aum,
327 1967 388 2012 uon
416 1955 515 2012 autem
543 1949 636 2022 duae,
664 1967 702 2008 ue
733 1933 848 2011 scibcet
875 1949 933 2008 duo
963 1950 1023 2010 sint
1044 1951 1198 2028 principia.
1242 1953 1287 2010 Ex
1307 1967 1451 2015 ananus.

139 2057 236 2113 autem
268 2051 314 2113 illa
344 2050 511 2112 substantia
535 2048 635 2110 existit
656 2052 761 2108 natura
783 2057 814 2108 et
834 2067 904 2118 rere
926 2049 1016 2122 lilius,
1038 2049 1181 2122 Verbum,
1212 2049 1367 2128 sapientia,

139 2153 318 2232 propriaque
347 2152 411 2212 cius
439 2149 550 2220 virtus,
580 2165 636 2208 nec
664 2146 700 2206 ab
724 2165 758 2206 aa
780 2146 964 2225 separabilis.
985 2147 1046 2208 -Ut
1066 2167 1138 2209 vero
1160 2167 1221 2210 nnn
1243 2150 1369 2215 aliaest
1417 2141 1425 2152 ’

139 2253 270 2314 essentia
295 2271 349 2312 seu
372 2249 555 2320 substantia,
577 2267 615 2308 uc
637 2246 696 2307 duo
719 2247 781 2306 sint
802 2245 964 2324 principia,
989 2246 1032 2308 sic
1053 2247 1198 2322 Verbum,
1228 2251 1308 2329 quod
1331 2272 1368 2315 ex

139 2371 198 2415 una
220 2351 330 2424 existit,
354 2348 427 2410 nibil
449 2350 560 2410 durum
582 2365 638 2408 nec
660 2365 715 2407 voa
738 2355 850 2407 tantum
874 2345 1044 2424 significans
1060 2357 1116 2422 εει,
1140 2350 1193 2412 scd
1210 2353 1368 2416 essentiale

140 2452 270 2513 Verbum
299 2460 329 2512 et
358 2449 522 2512 essentialis
551 2457 598 2510 εει
620 2447 781 2528 sapientia,
811 2465 893 2526 quae.
908 2466 976 2508 vere
998 2447 1090 2511 Filius
1114 2459 1170 2514 εει.
1213 2451 1287 2514 Nam
1309 2455 1369 2517 nisi

140 2552 300 2617 essentiale
316 2551 442 2614 Verbum
465 2558 556 2624 esset,
579 2558 754 2630 sequeretur
774 2549 868 2610 Deum
892 2547 980 2610 verba
1002 2568 1057 2611 sua
1078 2571 1132 2630 par
1152 2558 1251 2616 aerem
1268 2555 1366 2616 eitun-

141 2656 231 2729 dere,
259 2671 427 2734 corpusque
456 2662 488 2715 ut
515 2653 653 2714 hornines
682 2650 801 2712 babere.
847 2650 995 2724 Quoniam
1018 2670 1089 2714 vero
1112 2653 1203 2715 bomo
1226 2664 1367 2730 nonest,

141 2775 198 2818 uec
230 2757 300 2817 item
334 2756 402 2817 eius·
420 2755 549 2816 Verbum
582 2753 737 2832 quicquam
766 2751 920 2814 hominum
952 2752 1115 2816 infirmitati
1143 2755 1241 2817 simile
1268 2756 1367 2820 habat.

144 2857 182 2917 Ut
204 2855 282 2915 enim
303 2856 479 2935 principium
503 2873 560 2916 una
583 2862 630 2914 εει
651 2841 793 2926 essentia,
816 2853 857 2914 ita
879 2871 969 2915 unum
993 2861 1040 2916 εει
1061 2857 1218 2918 essentiale
1241 2866 1272 2919 ει
1292 2858 1366 2919 sub-

144 2957 255 3016 sistens
284 2955 349 3016 eius
371 2955 499 3016 Verbum
529 2963 558 3016 ει
580 2953 733 3033 sapientia.
777 2953 850 3015 Nam
872 2963 905 3015 ut
926 2973 962 3016 ex
982 2955 1043 3016 Deo
1068 2954 1145 3017 Deus
1169 2967 1229 3030 est,
1259 2977 1293 3018 ex
1316 2978 1366 3020 sa-

144 3055 244 3135 piente
275 3056 435 3135 sapientia,
469 3074 506 3117 ex
534 3054 667 3117 rationali
690 3063 787 3118 mente
809 3055 895 3116 Ratio
920 3073 973 3117 seu
997 3055 1139 3130 Verbum,
1175 3066 1203 3118 et
1225 3076 1260 3118 ex
1280 3057 1368 3121 Patre

142 3155 251 3228 Filius,
279 3157 318 3219 ita
347 3177 382 3219 ex
405 3156 568 3220 substantia
591 3155 793 3218 substantialis
816 3165 876 3229 εει,
907 3175 942 3216 er
966 3157 1096 3220 essentia
1118 3159 1300 3232 essentialis,
1328 3179 1370 3222 ¹ac

143 3259 271 3338 deniquo
293 3277 363 3321 vere
387 3268 442 3334 est,
466 3259 570 3338 utqui
594 3259 634 3318 sit
655 3256 691 3318 ab
714 3277 760 3328 co,
784 3257 833 3335 qui
857 3265 912 3318 εει.

229 3363 259 3423 2.
303 3360 441 3440 Alioquin
463 3361 521 3422 nisi
544 3357 712 3420 essentialis
736 3366 817 3418 esset
837 3357 980 3436 sapientia
1002 3357 1188 3438 Verbumque
1211 3359 1370 3422 essentiale

144 3469 176 3522 et
197 3461 288 3524 Filius
312 3461 361 3540 qui
384 3481 453 3523 rere
477 3462 533 3534 sit,
562 3460 617 3522 sed
640 3457 816 3538 simpliciter
837 3459 999 3538 sapientia,
1013 3459 1150 3536 ⁸Verbum
1173 3468 1203 3520 ει
1224 3459 1315 3520 l'ilius
1337 3457 1370 3516 in

144 3563 243 3636 Patre,
266 3579 338 3623 sane
361 3561 427 3640 ipse
447 3561 536 3622 Pater
557 3581 593 3622 ex
616 3559 761 3654 sapientia
784 3567 815 3621 et
829 3541 926 3621 Verbo
949 3570 1033 3622 esset
1047 3559 1243 3638 compositus.
1281 3554 1369 3626 Quod

146 3663 264 3743 quidem
288 3663 439 3725 sirenum
462 3669 518 3734 εει,
542 3681 632 3741 supra
657 3662 741 3724 allata
764 3661 892 3722 absurda
914 3670 1078 3741 sequentur
1101 3653 1280 3722 necessario,
1303 3650 1369 3726 ipse

143 3773 243 3826 autem
267 3763 377 3823 suimet
404 3769 489 3841 pater
511 3771 540 3824 ει
561 3763 638 3823 lilius
661 3763 778 3823 tuturus
802 3769 865 3835 εει,
894 3762 959 3840 ipse
975 3761 1114 3840 seipsum
1137 3761 1184 3814 εει
1205 3748 1370 3829 geniturus,

146 3877 176 3927 ει
197 3883 214 3925 a
237 3863 339 3942 seipso
362 3863 512 3942 gignetur,
536 3863 581 3924 val
604 3871 684 3924 certe
706 3881 821 3924 merum
844 3879 955 3922 nomen
979 3861 1035 3922 erit
1057 3856 1200 3924 Verbum,
1222 3849 1373 3931 Sapientia

147 3964 301 4036 ectitius,
324 3963 373 4025 ille
395 3973 503 4036 autem,
528 3963 564 4023 de
587 3982 646 4043 quo
669 3963 743 4024 hacc
765 3963 902 4023 dicuntur
924 3961 969 4022 uel
991 3959 1091 4038 potius
1114 3955 1165 4035 qni
1186 3951 1372 4012 haecomnia

145 4072 208 4140 est,
238 4065 311 4127 nibil
334 4064 392 4126 erit
412 4064 590 4127 subsistens.
636 4063 668 4126 Si
691 4064 790 4142 itaque
813 4062 886 4124 nibil
909 4070 953 4122 est
976 4059 1161 4129 subsistens,
1190 4069 1262 4110 vana
1284 4049 1373 4126 igilur

179 4251 203 4299 d.
220 4251 261 4299 Sic
279 4250 378 4312 Segner.
397 4250 469 4300 Basil.
488 4260 512 4302 ει
528 4250 619 4313 logiis.
655 4248 732 4298 tratti
820 4245 847 4294 t·
862 4245 922 4308 ling.¹
944 4251 967 4294 et
985 4243 1083 4304 Seguer.
1112 4221 1265 4288 ὑπεστατὸε
1287 4224 1372 4276 ultima

145 4325 170 4367 et
182 4317 245 4366 aditi
263 4311 464 4382 διαλελυμένως.
786 4311 858 4374 gravi·

179 4397 201 4434 a.
218 4383 309 4445 anglie
327 4375 409 4450 εἴπερ.
