3214 5048
541 263 649 310 ammo
666 265 699 308 u.
715 265 830 310 aonam
846 265 980 311 ammos.
1091 275 1093 287 ¹
1299 253 1360 322 383

218 417 270 482 bb.
312 415 416 496 ltaque
437 433 489 488 ea,
512 431 587 494 quae
608 433 645 478 ex
666 422 770 478 natura
792 435 847 478 sua
869 416 1066 482 substantiam
1088 418 1200 484 babent
1221 428 1450 497 machmam.

128 525 283 582 mmmm
304 517 364 580 dici
386 524 417 579 et
437 533 508 578 vore
530 517 634 590 creari
658 517 731 580 satis
754 537 789 580 ex
811 519 858 580 bis
873 527 962 599 patet,
986 537 1061 601 qaae
1077 523 1361 594 mmmonelaoiendi

126 620 225 700 grstia
247 619 413 692 attulimus,
445 635 511 680 mam
534 616 664 699 alioquin
686 617 857 682 huiusmodi
881 613 1061 685 tesumoniis
1085 621 1174 702 plena
1194 621 1235 684 sit
1257 623 1361 705 Scap,
1496 657 1503 674 ·

127 729 206 784 tura.
252 721 339 795 Quod
372 737 443 782 voro
478 717 542 781 sola
571 719 661 782 dictio
690 725 806 784 creauit
834 739 895 782 non
918 740 1037 804 sempor
1058 733 1193 788 naturam
1217 725 1364 806 significor

128 822 180 884 vel
201 821 358 902 originem,
379 820 473 901 liquot
493 839 529 882 ar
551 819 671 892 llanide,
694 821 745 900 qui
768 819 798 881 in
818 819 946 884 Psalmis
968 824 1025 886 ait:
1053 823 1214 890 Sambana
1236 828 1306 892 baec
1327 831 1363 892 in

126 926 354 1003 generationem
375 920 520 994 alterans,
544 931 574 984 st
592 919 743 1003 papulas,
765 925 819 1002 ani
839 923 1007 995 creabitur,
1030 923 1165 990 laudabit
1186 927 1359 1004 Donrinnrn

88 1032 91 1043 ’
129 1031 164 1086 et
184 1042 306 1086 narsus:
342 1024 402 1088 Gor
423 1023 569 1086 mnndum
590 1041 661 1087 creo
682 1027 716 1086 in
735 1041 793 1094 rna,
816 1022 910 1086 Deras.
953 1021 1062 1086 Paulus
1085 1025 1155 1086 itam
1178 1027 1301 1106 epistolb
1323 1030 1445 1096 abaco.

127 1123 280 1206 Ephesios
309 1125 426 1188 scribit:
458 1124 562 1206 hacne
588 1125 804 1190 mandatorum
827 1129 859 1188 in
881 1125 1009 1189 decretis
1031 1125 1199 1206 abrogans,
1227 1139 1263 1192 nt
1285 1131 1360 1196 dnos

126 1230 164 1288 in
186 1231 345 1309 semetipso
368 1231 401 1290 r'n
420 1245 515 1290 nnsrn
538 1243 652 1288 nonant
674 1225 822 1288 bominem
852 1237 986 1298 crearet,
1021 1233 1053 1288 et
1080 1225 1204 1289 iterum:
1242 1227 1363 1296 Indnttc

127 1347 245 1392 noanon
268 1329 429 1401 bominem,
452 1331 505 1411 qni
526 1327 689 1391 secundans
712 1325 809 1390 Deam
831 1337 953 1390 creatas
976 1336 1022 1390 ert
1043 1332 1075 1392 r'n
1097 1331 1216 1392 iustitia
1238 1340 1268 1392 ct
1287 1348 1363 1396 san-

129 1433 236 1494 ctitate
258 1433 409 1494 cenitana.
451 1429 554 1509 Neque
575 1427 655 1491 enim
676 1427 768 1490 David
791 1428 828 1490 dc
848 1427 962 1510 populo
984 1428 1098 1508 aliquo,
1127 1429 1176 1509 qui
1199 1431 1363 1494 seeundum
1484 1439 1494 1450 “

129 1530 329 1595 substantiam
351 1538 511 1602 crearetur,
534 1545 705 1593 sermonem
727 1528 864 1604 habebat,
887 1549 943 1592 nee
964 1529 1078 1606 orabat,
1101 1537 1133 1592 ul
1148 1545 1201 1592 oar
1215 1533 1364 1614 acupmet

129 1631 210 1696 aliud
231 1631 268 1696 ab
291 1652 344 1707 oo,
372 1633 452 1713 qaod
479 1632 538 1696 ianr
565 1631 705 1706 baberot;
738 1631 794 1694 sed
822 1649 887 1696 eam
915 1650 990 1713 quae
1012 1632 1175 1696 secundum
1196 1633 1292 1698 Deum
1314 1641 1363 1698 est

128 1734 352 1798 renovationem
386 1733 569 1816 significabat
595 1741 626 1796 st
653 1734 911 1797 instaurationem.
954 1733 1015 1796 Noc
1047 1734 1117 1796 item
1144 1733 1253 1800 Paulus
1283 1737 1361 1807 duos,

128 1835 244 1917 aliquos
266 1835 461 1917 intelligebat,
495 1837 545 1917 qiu
574 1835 736 1900 amodum
758 1835 1006 1916 snbstantiamin
1027 1835 1154 1899 Domino
1177 1847 1361 1918 crearemur,

128 1957 227 2018 neque
248 1957 304 2002 nos
326 1938 509 2014 hortabatur,
532 1947 566 2002 ut
586 1937 675 2002 abunt
698 1938 844 2019 quendam
863 1936 1055 2001 indueremus
1070 1937 1232 2015 bominem,
1255 1957 1359 2004 rarum
1382 1993 1386 2000 .

129 2057 186 2119 per
205 2039 368 2114 bominem,
391 2039 441 2121 qui
463 2039 625 2104 secunbom
646 2039 740 2102 Deum
764 2047 821 2114 est,
844 2040 933 2102 vitans
955 2040 1063 2102 virtute
1086 2049 1230 2114 ornatam,
1254 2051 1284 2104 et
1304 2061 1359 2124 per

130 2158 200 2214 eos,
229 2141 331 2221 quiin
354 2141 472 2205 Christo
501 2149 654 2214 moratur,
688 2141 764 2204 duos
793 2138 939 2220 populos,
968 2139 1019 2220 qui
1042 2141 1072 2202 in
1094 2139 1145 2204 illo
1168 2149 1359 2214 renovantur,

129 2239 286 2305 indicabat.
329 2241 390 2306 Noc
421 2241 458 2304 ab
491 2242 547 2305 baa
577 2240 718 2320 loquendi
746 2242 842 2302 forma
870 2239 997 2302 alienum
1030 2247 1077 2300 cst
1098 2238 1178 2300 istud
1200 2239 1360 2302 leromiae:

132 2343 253 2409 cronon
275 2344 424 2408 Dominus
447 2343 576 2406 salutern
597 2359 707 2405 nocam
729 2345 763 2402 r‘n
781 2340 1019 2419 plantationem,
1042 2356 1101 2419 qna
1122 2343 1155 2400 in
1176 2338 1277 2402 sainte
1298 2342 1365 2432 cir-⁸

132 2446 257 2511 caibnnt
290 2445 439 2518 Ιοοοοίοοος
471 2441 578 2524 quibus
611 2441 709 2505 serbis
742 2459 804 2504 non
835 2438 980 2520 significat
1012 2437 1206 2502 substantiam
1235 2437 1360 2520 aliquam

131 2553 300 2620 creaturae,
338 2545 390 2608 aetl
422 2545 620 2614 renovandam
653 2544 684 2606 in
716 2541 888 2606 hominibus
922 2541 1064 2616 salutern,
1101 2559 1177 2622 quse
1208 2539 1296 2604 nobis
1327 2523 1363 2604 in*

132 2647 252 2711 Gbristo
275 2650 351 2715 lana
373 2656 437 2724 est,
466 2647 619 2730 praedicit
655 2646 737 2710 ‘Cum
760 2645 850 2727 igitur
872 2651 986 2706 tanmm
1008 2642 1126 2706 dillorat
1145 2661 1209 2706 reru
1231 2651 1359 2706 cresum

131 2769 214 2826 csse,
243 2759 273 2814 ct
299 2749 459 2814 dictionem
490 2755 604 2816 creauit
626 2750 663 2813 de
686 2749 785 2830 aliquo
808 2745 1012 2810 tantummodo
1035 2744 1190 2827 usurpari3
1211 2745 1237 2808 si
1259 2745 1358 2827 miquo

132 2851 162 2913 in
193 2853 260 2914 loco
293 2853 408 2916 dinnao
435 2853 606 2933 Scripturas
634 2851 794 2914 [lominum
827 2857 991 2911 ereaturam
1024 2846 1163 2928 appellari
1191 2847 1362 2944 reperistis,

133 2951 268 3014 exbibete
289 2961 319 3014 et
340 2951 519 3014 coutendite.
565 2951 618 3015 Sin
646 2969 717 3014 rora
741 2967 886 3030 nusquam
909 2947 1054 3028 scriptum
1083 2955 1147 3022 est,
1179 2947 1261 3012 illum
1289 2967 1358 3012 esso

133 3060 321 3127 creaturam,
342 3053 395 3114 sed
418 3051 515 3116 solum
536 3054 602 3133 ipss
624 3052 661 3114 de
685 3071 718 3114 se
740 3053 772 3114 in
793 3049 962 3114 Proverbiis
984 3049 1039 3112 ait:
1072 3049 1221 3114 Dominus
1244 3055 1360 3124 ermoit

132 3173 194 3228 arsa
227 3153 392 3218 erubescite
419 3154 520 3235 itaque
541 3171 608 3216 cum
631 3153 670 3214 ob
692 3152 862 3216 huiusmodi
884 3151 1097 3224 differentiam,
1125 3158 1196 3248 turn⁸
1209 3151 1288 3232 quod
1310 3149 1360 3214 illa

130 3255 356 3337 proverbiorum
388 3255 485 3320 instar
516 3255 577 3318 sint
608 3254 702 3330 dicta,
736 3273 793 3317 nec
818 3254 876 3318 iam
910 3251 1037 3333 amplius
1067 3271 1102 3314 ox
1129 3251 1189 3315 boc
1216 3239 1357 3315 vocabulo

131 3362 244 3423 orcam!
264 3355 423 3422 [lominum
445 3365 575 3420 creatum
598 3375 666 3420 esso
688 3356 827 3442 colligite,
850 3356 903 3418 sed
926 3355 955 3417 id
978 3354 1015 3418 do
1030 3355 1095 3444 eius
1110 3352 1238 3417 bumana
1253 3361 1358 3418 natam

132 3459 379 3540 interpretamini,
401 3459 498 3532 ,ouius
529 3459 643 3524 scilicet
668 3458 824 3540 propriam
853 3465 900 3520 est
929 3456 1032 3519 creari.
1077 3455 1212 3535 Alioquin
1234 3474 1272 3518 an
1294 3473 1356 3518 non

133 3559 316 3641 iniquissime
349 3561 451 3642 agitis,
485 3561 536 3644 qui
565 3581 631 3625 cum
660 3561 738 3624 baran
765 3560 924 3624 dictionem
953 3563 1069 3621 creauit
1097 3577 1113 3620 a
1140 3554 1249 3620 basila
1270 3557 1356 3622 vela

49 3732 55 3742 ,
133 3662 221 3726 Paulo
245 3663 384 3743 usurpari
407 3663 523 3738 auditis,
546 3683 608 3728 non
630 3671 765 3728 naturam
788 3671 819 3726 et
835 3661 982 3742 originem
997 3659 1170 3739 intelligitis,
1195 3660 1247 3723 sed
1262 3679 1360 3724 reno«
1457 3665 1464 3672 '

132 3753 288 3840 nationem,
310 3783 468 3830 sumsero
491 3765 597 3828 eodem
619 3764 761 3828 vocabulo
785 3769 900 3828 creavit
914 3769 1048 3826 utentem
1062 3759 1221 3824 nominum
1235 3761 1355 3838 audibo,

102 3865 194 3972 ⁸eius
216 3875 352 3954 naturam
373 3867 450 3928 inter
472 3885 522 3928 res
545 3875 657 3930 areatas
679 3867 795 3930 audeus
817 3861 1036 3929 annumerare?
1059 3863 1133 3928 cum
1154 3883 1260 3928 rursus
1282 3864 1357 3928 bace

164 4101 185 4137 s.
203 4085 244 4136 Sic
261 4087 362 4149 Segucr.
380 4087 436 4152 lleg.
451 4091 475 4137 ct
487 4085 629 4138 bolckmb
655 4085 718 4138 batn
767 4095 844 4136 aaran
860 4077 1015 4154 ἄνθρωπος.
1036 4145 1042 4157 ,

133 4145 343 4218 συνεβούλευσεν.
801 4155 825 4203 b.
845 4155 902 4217 lteg.
916 4163 940 4205 ct
958 4153 1111 4204 Fetcbmraol
1128 4151 1153 4204 4.
1171 4144 1300 4214 coatrae
1316 4145 1354 4202 at.

164 4223 181 4272 l.
199 4223 255 4272 lide
272 4237 348 4289 sopra
364 4221 496 4289 prg.'101.
514 4237 551 4275 nr.
569 4221 594 4274 4.
612 4217 679 4289 [pag.
693 4220 719 4274 8.
767 4220 827 4272 lbid.
846 4223 945 4284 Ssgaer.
964 4221 1062 4274 Gablei.
1080 4231 1105 4273 ct
1123 4221 1253 4272 Felclm.l
1273 4209 1356 4279 ociose

132 4288 200 4340 brios
218 4285 269 4356 stt]
766 4281 813 4340 nni
830 4287 886 4349 τηό.
924 4290 985 4340 Editl
1004 4290 1085 4341 otalii
1103 4279 1256 4348 arianensis.

163 4371 184 4418 g.
203 4358 345 4415 Segoorian.
367 4356 464 4408 Gobler.
483 4358 590 4410 l'elcbm.
609 4358 631 4408 1.
651 4365 675 4409 οι
691 4358 716 4409 4.
801 4359 817 4410 i.
834 4358 934 4420 Seguer.
953 4365 978 4408 et
995 4357 1099 4413 Felelm.
1117 4356 1141 4407 t.
1160 4347 1263 4424 ηὕρατο.

133 4417 346 4488 προελεύσονται
363 4413 523 4491 ἅνθρωποι,
544 4435 570 4476 οι
587 4435 612 4476 ct
629 4426 716 4488 legitor
801 4427 824 4475 b.
842 4425 942 4487 Segucr.
959 4415 1004 4474 ὅτι
1019 4417 1119 4490 κόροιο.

133 4490 195 4554 apud
212 4492 345 4543 barcariam.
372 4493 452 4550 Ceteri
469 4501 495 4545 ct
510 4495 568 4546 oliti
584 4485 716 4562 περιελεύ-
802 4491 818 4542 Ι.
837 4493 942 4544 Folcbar.
959 4491 984 4543 4.
1001 4485 1091 4541 insol
1105 4501 1149 4555 pat·
