3220 5046
221 199 280 260 174
617 209 643 254 ε.
658 146 813 254 affluam
827 145 1051 252 ιασιτιεειεεττι

132 380 209 425 τινα.
218 362 326 447 λέγετε
364 381 473 426 αοτον.
519 379 655 444 ανοητοι
676 358 730 424 καλ
753 353 956 444 φιλόνεικοι]
999 354 1029 421 εί
1055 355 1116 438 μέν
1143 352 1204 440 γὰρ
1228 347 1345 433 σίίόίως
1365 375 1445 420 σον-

218 473 305 530 είναι
325 458 428 547 μόνον
450 452 550 526 αύτόν
572 458 726 545 ἐλέγομεν
733 507 742 539 ,
765 455 886 543 καὶμὴ
909 455 995 537 ολόν,
1024 452 1176 541 ι’πιθανή
1198 479 1251 534 τις
1271 443 1311 542 ήν
1333 451 1444 522 αότιῦν

216 559 486 650 ήπροςποίητος
508 555 669 645 εύλόβεια,
694 559 723 628 εί
745 560 781 626 δὲ
803 555 913 627 όΐόιον
935 561 1082 645 λέγοντες
1103 553 1327 643 ὁμολογοῦμεν
1342 551 1443 624 αῦτόν
1562 555 1563 559 ’

217 662 290 731 υἱόν
312 663 347 731 ἐν
368 662 511 749 πατρός,
534 665 609 740 πῶς
631 657 650 728 ό
671 659 842 748 γεννηθεὶς
863 655 1008 749 ἀδελφός
1028 663 1087 727 τοῦ
1108 659 1323 746 γεννήσαντος
1345 659 1445 728 όόνα-

217 790 274 832 ται
294 765 509 850 νομίζεσθαι,·
542 766 597 832 καλ
620 764 650 831 εἰ
672 763 719 842 είς
740 769 873 850 πατέρα
894 765 947 830 καὶ
970 761 1042 830 υἱόν
1062 758 1155 851 ήμιῦν
1177 761 1267 830 έστιν
1281 757 1301 850 ἡ
1316 767 1441 844 πίστις,

218 873 303 934 ποία
330 861 514 954 ἀδελφότης
541 863 575 932 έν
597 863 727 944 τούτοις
749 864 857 947 έστίνς
889 858 911 952 ἢ
932 866 1007 942 πῶς
1029 863 1165 931 δύναται
1188 860 1206 929 ό
1229 861 1324 950 λόγος
1347 860 1444 931 ἀδελ-

219 967 284 1057 φὸς
312 969 487 1055 σλέγεσθαι
513 965 647 1047 τούτου,
677 955 716 1032 οῦ
742 965 799 1034 καὶ
820 966 893 1033 ἔστι
914 965 1028 1052 λόγοςς
1061 959 1119 1032 οῦκ
1141 965 1231 1034 ἔστιν
1253 959 1444 1054 όντίῤῥησις

220 1067 300 1159 αῦτη
323 1066 368 1149 ὥς
389 1069 483 1156 παρὰ
504 1063 709 1156 ἀγνοούντων
730 1073 899 1156 γινομένη·
922 1070 1087 1154 συνορῶσι
1108 1065 1169 1152 γὰρ
1192 1069 1246 1133 καί
1268 1061 1362 1133 αῦτολ
1384 1064 1443 1154 τὴν

219 1166 398 1260 ἀλήθειαν·
422 1165 506 1238 όιλλό
528 1169 700 1258 πρόφασίς
722 1168 812 1236 ἐστιν
824 1165 982 1258 ’ίοοόαίκὴ
996 1173 1050 1236 καί
1065 1167 1245 1249 θελόντων,
1268 1163 1334 1247 ἰὡς
1349 1163 1443 1235 εἶπεν

129 1319 133 1326 -
218 1269 237 1340 ό
259 1273 455 1358 Σολσμών“),
479 1267 549 1340 ἇπό
570 1275 629 1361 τῆς
650 1266 813 1359 όληθείας
831 1272 1044 1359 χωρίζεσθαι.
1075 1265 1113 1336 οῦ
1134 1269 1195 1357 γὰρ
1219 1271 1253 1338 ’ἐκ
1273 1293 1364 1350 τινος
1386 1263 1445 1356 ἆρ-

215 1379 276 1463 χής
297 1373 575 1463 προϋπαρχούσης
597 1369 615 1438 ό
638 1371 747 1460 πατὴρ
769 1372 826 1440 καὶ
840 1368 858 1438 ό
873 1371 945 1451 ολὸς
961 1371 1190 1461 ἐγεννήθησαν,
1207 1373 1263 1440 ἵνα
1277 1370 1333 1439 καὶ
1347 1367 1444 1440 όιόελ-

219 1481 279 1567 φολ
301 1480 528 1562 νομισθῶσιν·
552 1469 620 1543 ἀλλ’
646 1470 664 1539 ό
687 1473 797 1563 πατήρ
820 1470 901 1560 ἀρχὴ
922 1477 981 1540 τοῦ
1004 1475 1077 1540 υίοῦ
1099 1477 1152 1541 καλ
1168 1473 1345 1561 ’γεννήτωρ
1361 1473 1442 1555 ἐστί,

80 1665 85 1670 ¹
131 1582 272 1647 αοεκαλ
295 1575 314 1646 ό
337 1577 446 1663 πατὴρ
469 1576 580 1663 πατήρ
603 1575 683 1656 ἐστι,
706 1579 760 1642 καὶ
784 1570 842 1658 οῦχ
864 1574 935 1655 ολός
955 1599 1046 1656 τινος
1067 1583 1185 1663 γέγονε,
1209 1578 1263 1643 καλ
1288 1572 1393 1657 όοὶός
1407 1578 1444 1645 db

220 1679 291 1760 υἱός
313 1679 459 1748 ἐστικαὶ
482 1673 540 1745 οῦκ
562 1673 715 1765 ἀδελφός.
757 1675 787 1744 εἰ
809 1677 845 1744 δέ
867 1672 977 1744 ἆῒόιον
998 1683 1139 1766 γέννημα
1160 1681 1219 1745 τοῦ
1242 1678 1370 1766 πατρὸς
1391 1679 1445 1747 λέ-

219 1805 328 1868 γεται,’
343 1783 452 1858 καλῶς
473 1778 620 1865 λέγεται.Ι
657 1773 694 1845 οῦ
716 1777 777 1866 γὰρ
801 1774 916 1866 ἀτελὴς
938 1774 1036 1848 οόσία
1056 1785 1116 1847 τοῦ
1139 1780 1266 1867 πατρὸς
1288 1771 1326 1868 ήν
1349 1803 1442 1861 ποτε,

219 1877 278 1948 ἵνα
297 1884 351 1947 καλ
371 1880 412 1947 τό
433 1881 536 1947 ’λ’όιον
559 1875 658 1968 αῦτής
681 1879 902 1969 ἔπισομβαίνη
924 1881 1035 1969 ταύτῃ,
1060 1877 1136 1949 οῦδὲ
1152 1877 1197 1962 ὥς
1211 1881 1395 1969 ἄνθρωπος
1410 1883 1446 1964 έξ

220 1977 404 2070 όνθριύποο
426 1989 612 2070 γεγέννηται
634 1978 652 2049 o‘
675 1981 756 2062 οίός,
779 1983 835 2050 ἵνα
855 1981 911 2050 καὶ
925 1979 1074 2072 ὑστερίζῃ
1090 1987 1149 2072 τῆς
1161 1984 1320 2072 πατρῴας
1336 1981 1445 2071 ῦπόρ-

220 2086 316 2166 ξεως·
340 2079 424 2171 ἇλλόι
446 2088 528 2152 θεοῦ
550 2083 691 2172 γέννημό
714 2083 793 2165 ἐστι,
817 2087 869 2151 καὶ
892 2081 958 2164 ι(ῦς
979 2088 1062 2152 θεοῦ
1085 2089 1143 2152 τοῦ
1167 2081 1218 2154 ἆελ
1241 2083 1336 2165 όντσς
1357 2087 1445 2166 ίόιος

221 2181 267 2254 (όν
289 2185 360 2266 υἱός
382 2180 500 2266 ἆϊόίως
521 2183 670 2274 ὑπάρχει.
709 2181 902 2273 ἀνθρώπων
923 2185 1066 2273 μὲνγὰρ
1089 2188 1177 2254 λ’όιον
1199 2187 1261 2254 Ι’τό
1284 2187 1318 2256 ἐν
1336 2185 1443 2276 χρόνῳ

142 2333 151 2354 .
218 2291 333 2375 γεννᾶν
355 2287 412 2356 όιὰ
434 2286 473 2354 τό
495 2283 608 2368 ἀτελές
629 2291 687 2374 τῆς
709 2283 850 2376 φύσεως,
874 2289 958 2355 θεοῦ
981 2288 1017 2354 δὲ
1040 2281 1149 2355 όΐόιον
1171 2287 1210 2354 τό
1230 2295 1372 2378 γέννημα
1388 2287 1445 2356 όιόι

218 2389 257 2454 τὸ
286 2385 339 2457 όελ
365 2392 490 2457 τέλειον
518 2394 576 2479 τῆς
605 2389 745 2477 φύσεως.
791 2388 820 2456 εἰ
841 2391 902 2473 μέν
924 2378 981 2456 οῦν
1004 2385 1062 2456 οῦκ
1084 2390 1173 2458 ἔστιν
1196 2390 1281 2471 υλός,
1317 2385 1386 2457 ἀλλ’
1410 2389 1446 2471 ἐξ

220 2485 279 2557 οῦκ
300 2489 404 2558 όντων
427 2498 556 2578 ποίημα
578 2496 697 2577 γέγονε,
721 2489 940 2558 όεικνύτωσαν
955 2490 1126 2575 πρότερον,
1143 2495 1198 2558 καλ
1213 2487 1258 2570 ὥς
1273 2485 1350 2578 περὶ
1365 2513 1445 2558 ποι-

220 2589 346 2676 ήματος
374 2592 617 2680 φανταζόμενοι
644 2593 864 2679 κραζέτωσαν,
888 2589 956 2658 ἱὅτι
985 2581 1024 2679 ἦν
1046 2617 1129 2662 ποτε
1152 2590 1207 2662 ὅτε
1229 2588 1287 2660 σῦκ
1308 2584 1364 2682 ήν·
1387 2589 1445 2661 οῦκ

223 2689 302 2760 ὄντα
323 2692 384 2781 γὰρ
406 2699 517 2780 γέγονε
538 2693 581 2760 τὰ
601 2693 726 2781 γενητὰ.
772 2694 801 2762 εἰ
823 2695 859 2761 όέ
880 2693 952 2773 οίός
974 2693 1046 2760 έστι
1067 2699 1176 2772 (τοῦτο
1197 2694 1327 2782 γὰρκαὶ
1343 2691 1362 2761 ό
1377 2721 1445 2762 πα-

224 2793 283 2880 τήρ
305 2794 467 2880 λέγεικαὶ
490 2795 525 2862 αἱ
547 2797 670 2884 γραφαὶ
692 2799 827 2881 βοεῦσι),
851 2795 890 2862 τό
912 2797 949 2863 δὲ
970 2795 1041 2876 υίὸς
1063 2794 1158 2864 οῦόὲν
1181 2797 1291 2884 έσερόν
1314 2797 1402 2866 ἐστιν
1425 2791 1446 2884 ἢ

222 2895 262 2962 τό
285 2895 319 2964 έν
338 2901 397 2964 τοῦ
419 2895 547 2985 πατρὸς
568 2897 784 2984 γεννώμενον,
814 2897 853 2980 τό
883 2899 919 2966 δέ
940 2898 1139 2986 γεννώμενον
1161 2898 1195 2966 ἐκ
1216 2902 1296 2986 Ιποῦ
1318 2897 1446 2986 πατρὸς

222 2997 319 3086 λόγος
341 2999 430 3068 έστίν
453 2995 553 3067 αῦτοῦ
575 3003 628 3068 καλ
651 3008 757 3090 σοφία
777 3003 831 3068 καί
854 2996 1074 3088 ἀπαύγασμα·
1097 3009 1131 3068 τί
1152 3002 1204 3070 όεῑ
1225 3003 1328 3088 λέγειν
1349 2995 1371 3088 ή
1393 2997 1447 3068 ότι

222 3096 385 3187 λέγοντες·
407 3092 446 3189 ἦν
468 3128 552 3172 ποτε
575 3099 631 3171 ὅτε
652 3099 710 3170 οῦκ
731 3093 770 3189 ήν
793 3098 907 3184 όυλός,
930 3099 976 3183 ὥς
991 3102 1109 3191 λῃσταί
1123 3129 1210 3183 τινες
1230 3097 1446 3169 ιόποσυλῦσι

222 3201 279 3270 τόν
302 3202 398 3289 λόγον
421 3201 491 3271 όπό
513 3209 571 3271 τοῦ
592 3209 686 3284 θεοῦ,
709 3207 763 3270 καλ
786 3202 937 3290 ἄντικρυς
958 3201 1027 3270 κατ’
1045 3199 1146 3272 αῦτοῦ
1162 3209 1373 3293 φθέγγονται,
1391 3197 1446 3270 ότι
1512 3265 1514 3270 .

221 3293 262 3388 ἦν
283 3327 368 3370 ποτε
389 3308 447 3370 τοῦ
472 3305 557 3373 λόίοο
581 3304 678 3390 λόγου
700 3307 753 3370 καὶ
775 3310 926 3391 Ι’σοφίας
946 3311 1055 3392 χωρίς,
1077 3309 1131 3374 καὶ
1153 3307 1192 3373 τὸ
1215 3307 1287 3394 φιῦς
1307 3294 1346 3392 ήν
1361 3325 1446 3372 ποτε

223 3405 324 3486 χωρὶς
345 3398 454 3488 αῦγής,
477 3403 532 3469 καὶ
555 3402 672 3488 ῦγονος
692 3394 732 3491 ήν
753 3402 773 3491 ἡ
797 3404 883 3492 πηγή
906 3405 961 3472 καὶ
983 3407 1081 3495 ξηρός
1115 3403 1174 3496 κᾷν
1195 3408 1257 3494 γὰρ
1278 3406 1317 3474 τὸ
1340 3404 1446 3492 ὄνομα

223 3504 283 3567 τοῦ
307 3502 427 3590 χρόνον
456 3503 740 3588 προςποιοόμενοι
762 3513 947 3594 φοβεῖσθαι
969 3507 1026 3576 διὰ
1046 3509 1123 3589 τοὺς
1146 3507 1366 3592 ὀνειδίζοντας
1387 3503 1446 3575 αῦ-

223 3601 301 3682 τσός
322 3605 443 3689 λέγωσι
464 3604 531 3691 πρό
552 3603 679 3691 χρόνων
701 3601 800 3673 αὐτόν
823 3602 924 3689 εἶναι,
956 3604 1024 3676 ἀλλ’
1050 3607 1141 3698 ὅμως
1163 3609 1215 3679 ότι
1238 3610 1446 3701 όιαστήματό

221 3727 296 3770 τινα
324 3701 494 3787 όιόόασιν,
525 3705 560 3773 έν
586 3701 637 3786 οἷς
657 3706 702 3794 μὴ
725 3701 809 3776 εἶναι
832 3704 931 3776 αὐτόν
955 3711 1192 3800 φαντάζονται,
1226 3709 1321 3780 οῦδὲν
1349 3701 1448 3801 ἧττον

292 3961 315 4022 ί)
334 3963 402 4014 Prot.
422 3963 461 4026 18,
481 3966 503 4015 1.

258 4111 280 4146 τ.
298 4097 438 4158 8εςσιτλιο.
456 4097 564 4178 τοῦτον.
893 4094 1445 4169 ό.ῦολ1.ειῦε1ελσι.1.όςφησλΣολομιύν.

258 4163 281 4212 b.
301 4163 371 4214 nnn.
396 4165 555 4227 πιθανοτηε.
590 4169 731 4232 8ιςαενίτσ.
749 4170 806 4220 ibid.
893 4187 914 4221 τ.
932 4171 973 4220 Sic
991 4173 1131 4232 senuerim.
1150 4173 1248 4222 nomer.
1267 4181 1291 4223 ιι
1305 4173 1409 4222 ῦιΙεΙισι.
1422 4171 1444 4219 ί.

225 4222 448 4300 ήπροςποέητσς.
485 4235 690 4288 Εόιιίοΰοιααιιλ
708 4228 807 4302 ήπρόε
859 4239 887 4288 λλ
904 4238 1025 4300 Anguem.
1043 4229 1240 4302 γενητήεέστι.
1270 4240 1354 4289 Amet
1371 4237 1444 4288 editio

224 4297 307 4347 τοῦτο
330 4294 506 4366 προσποιητή.
543 4305 589 4354 Alii
611 4297 626 4363 ή
650 4297 721 4370 πρὸς
746 4301 806 4354 τοῦ·
859 4303 976 4356 commui.
994 4299 1127 4369 qutrz'c
1144 4298 1212 4354 ίττι.

226 4378 259 4413 τι
275 4363 463 4437 προςποίητος.
893 4372 910 4421 ί.
934 4373 975 4421 Sic
998 4377 1097 4432 δεςοεε.
1125 4373 1223 4425 Gobler.
1249 4381 1273 4426 εί
1296 4371 1402 4424 Felckm·
1420 4372 1443 4422 1.

260 4449 280 4486 c.
299 4445 398 4499 αιςτετ.
416 4447 441 4489 τι
458 4437 561 4488 felem
572 4438 595 4490 5.
614 4433 753 4504 γενέσθαι.
858 4437 921 4490 editi
939 4453 993 4492 τεεο
1012 4449 1037 4491 ει
1054 4441 1095 4492 alin
1112 4430 1211 4494 ἀΐδιον.
