3102 5042
504 252 612 298 omrro
629 253 667 297 rr.
684 253 799 298 consur
813 253 946 298 tetanos.
1260 240 1320 304 ddi

107 415 163 470 est:
185 405 243 468 llic
266 403 363 468 ll’lrits
386 413 431 466 cst
451 423 534 468 meus
558 405 693 470 dilectus.
738 405 889 486 Siquidem
917 403 1045 485 impletis
1067 407 1223 485 promissis
1244 415 1409 470 rectenac.

107 510 150 572 his
170 505 271 570 verbis
292 504 440 578 indicarit,
463 505 544 568 illum
566 525 636 592 esse
658 525 745 586 quem
767 525 800 568 se
821 505 944 569 misisse
966 506 1089 568 dixerat.

186 611 238 674 at.
283 597 446 686 Utrumque
468 625 539 686 ergo
563 607 716 670 Christum
736 627 804 672 esse
826 608 1043 687 intelligamus,
1065 607 1194 670 Verbum
1216 609 1328 670 scilieet

105 711 231 772 ditinum
253 708 368 772 bomini
391 727 430 788 en
441 707 530 770 illaria
553 717 684 772 assumto
706 709 736 770 in
751 709 840 770 Maria
863 709 1061 772 coniunctum.
1105 710 1234 772 Verbum
1249 709 1327 771 enirn

106 812 161 873 sibi
183 811 242 890 ipsi
265 809 386 872 domurn
405 809 436 870 in
459 810 524 872 eius
547 822 633 872 utero
655 811 814 884 fabricavit,
838 811 1085 890 quemadmodum
1102 810 1171 874 olim
1186 793 1329 874 hdamum

105 933 142 976 ex
163 921 241 974 terra
262 913 454 984 formaverat,
478 911 538 972 imo
561 912 707 974 diviniore
728 921 808 974 certe
829 912 941 986 modo,
962 932 1021 992 quo
1044 913 1081 974 de
1104 913 1256 986 Salomon,
1278 911 1330 992 qui

106 1013 232 1076 Verbum
254 1012 366 1092 optime
394 1019 518 1074 noverat
546 1013 720 1093 sapientiam
743 1013 898 1093 appellari,
914 1013 973 1086 ,sio
1000 1014 1145 1093 loquitur:
1174 1015 1330 1094 Sapientia

107 1115 274 1196 aedificavit
302 1117 362 1178 sibi
382 1115 517 1189 demunt,
546 1135 634 1195 quam
662 1117 860 1196 interpretans
889 1115 1047 1194 hpostolus
1075 1116 1131 1178 ait:
1165 1119 1250 1179 cuius
1272 1135 1329 1180 nos

107 1217 219 1280 Domus
242 1235 363 1287 sumus,
386 1215 514 1296 alibique
537 1218 678 1296 templum
700 1216 840 1297 appellat,
864 1227 1009 1296 quatenus
1032 1233 1139 1296 nempe
1160 1217 1222 1280 lieo
1245 1218 1331 1279 dccet

104 1317 268 1398 intemplo
301 1316 448 1392 babitare,
483 1318 566 1382 cuius
595 1319 718 1398 liguram
747 1318 875 1397 antiquis
902 1319 1035 1398 patribus
1064 1337 1118 1398 per
1139 1319 1330 1382 Salomonem

107 1423 232 1482 iusserat
253 1437 289 1480 err
310 1418 457 1498 lapidibus
479 1419 700 1493 aedificandam,
723 1419 801 1486 trude
824 1428 925 1482 exorta
946 1420 1067 1482 veritate
1090 1421 1182 1500 ligura
1203 1420 1330 1482 evanuit.

108 1521 236 1600 Namque
259 1539 325 1582 cum
348 1521 452 1599 perfidi
474 1520 574 1583 ludaei
603 1521 726 1600 figuram
754 1521 863 1584 vellent
890 1522 1042 1584 veritatem
1070 1521 1166 1602 ipsam
1188 1539 1255 1584 esse
1277 1539 1329 1582 re-

3 1663 34 1708 .‘
109 1641 229 1702 rumque
252 1633 384 1686 evertere
407 1621 582 1695 aedilicium,
605 1623 683 1702 quod
707 1641 762 1684 nos
786 1623 873 1686 Verbi
896 1643 961 1686 oum
983 1632 1087 1686 natura
1110 1623 1237 1686 bumana
1254 1640 1330 1684 con-

107 1723 286 1786 iunctionem
316 1743 384 1786 csse
412 1722 537 1785 tidenter
558 1724 724 1798 credimus,
754 1725 827 1786 nibil
856 1724 914 1786 illis
943 1725 1072 1788 minatus
1101 1733 1146 1786 est
1167 1724 1331 1798 Dominus3

106 1826 160 1888 sod
182 1845 248 1888 oum
270 1825 364 1906 probe
388 1827 488 1898 sciret,
510 1826 629 1887 illorum
650 1823 847 1889 'temeritatem
871 1828 901 1888 in
923 1827 1007 1906 ipsos
1030 1826 1179 1900 recidero,
1202 1826 1275 1887 baec
1295 1823 1332 1886 ad

105 1947 161 1988 ecs
185 1927 271 1989 dixit:
300 1928 417 1991 Solvite
445 1927 589 2008 templum
612 1929 681 2001 hoc,
712 1941 741 1993 ct
768 1933 802 1990 in
829 1931 928 1992 tribas
956 1930 1059 1992 diodus
1088 1929 1222 1992 excitabo
1243 1913 1331 1988 tttuat.

110 2029 227 2103 Quibus
255 2030 352 2092 verbis
380 2029 458 2092 clare
486 2030 618 2092 ostendit
639 2030 773 2091 Salvator
796 2037 903 2109 sponte
926 2038 1011 2092 etex
1033 2049 1066 2090 se
1088 2026 1332 2090 dissolribomi·

108 2151 180 2194 uam
214 2150 312 2212 opera.
358 2132 428 2195 lViei
454 2131 533 2194 enim
555 2129 702 2194 Dominus*
727 2133 932 2212 aedificaverit
954 2131 1072 2193 domum
1099 2140 1137 2192 et·
1156 2129 1335 2192 custodierit

107 2239 267 2306 civitatem,
292 2234 402 2295 trustra
423 2232 559 2295 laborant
581 2230 768 2293 aedificantes
791 2239 822 2292 et
842 2229 962 2308 vigilant
976 2229 1188 2292 custodientes.
1232 2229 1334 2305 tuque

105 2354 182 2415 quac
212 2335 332 2414 quidem
360 2335 534 2413 ludaeorum
563 2341 663 2406 erant,
690 2333 808 2412 penitus
836 2339 907 2394 sunt
935 2330 1094 2404 dissoluta,
1125 2330 1234 2410 quippe
1267 2345 1335 2390 cum

107 2435 233 2498 nonnisi
256 2435 357 2496 umbra
379 2443 489 2512 essent,
512 2437 626 2497 tirmata
648 2443 746 2507 autem
768 2444 815 2496 cst
835 2431 975 2506 Ecclesia,
1002 2441 1105 2518 utpote
1128 2451 1204 2512 quae
1225 2432 1256 2493 in
1277 2449 1334 2512 po·

34 2551 40 2566 ’
111 2545 158 2599 tra
180 2536 299 2598 lundata
323 2545 377 2610 est,
400 2557 495 2618 neque
513 2549 624 2620 portae
647 2538 743 2618 inseri
762 2538 911 2600 adversus
928 2554 992 2598 com
1003 2535 1236 2618 praevalebunt.
1262 2533 1335 2596 lllo-

108 2657 177 2700 rum
200 2648 265 2700 erat
285 2639 398 2702 dicere:
425 2641 529 2714 Quare
553 2641 638 2702 homo
661 2651 694 2702 tu
718 2657 782 2700 cum
806 2643 858 2711 sie,
881 2638 960 2718 sucis
985 2643 1113 2720 teipsum
1134 2634 1254 2698 Ducat?
1276 2635 1334 2696 bo-

106 2761 175 2804 rum
198 2741 362 2820 discipulus
385 2752 432 2804 est
453 2742 681 2815 Samosatensis,
702 2741 781 2802 unde
803 2758 865 2800 non
886 2740 1036 2802 immerito
1058 2757 1112 2800 sua
1135 2756 1208 2799 suos
1231 2736 1335 2812 docet3

108 2863 166 2904 nos
189 2853 288 2906 autem
311 2862 371 2906 non
394 2845 450 2906 ista
473 2845 509 2906 de
532 2845 649 2906 Christo
672 2842 839 2916 didicimus,
863 2841 888 2904 si
912 2851 1008 2904 tamen
1031 2859 1097 2902 eum
1119 2838 1283 2900 audirimus
1306 2843 1338 2898 et

110 2944 149 3004 ab
171 2944 237 3022 ipso
260 2946 358 3006 edocti
379 2963 502 3020 sumus,
535 2953 566 3006 ut
588 2953 687 3006 vetere
707 2943 843 3017 homine,
872 2942 922 3022 qui
951 2939 1150 3020 corrumpitur
1171 2937 1336 3001 secundum

11 3051 17 3062 “
113 3042 258 3106 desideria
280 3047 412 3120 erroris,
441 3047 578 3127 deposito
600 3045 756 3107 induamus
779 3062 888 3105 norum
910 3041 1077 3114 bominem,
1101 3039 1151 3118 qui
1173 3037 1335 3099 secundum

112 3144 207 3208 ileum
233 3156 349 3210 creatus
378 3157 424 3210 est
452 3148 482 3209 in
510 3148 622 3210 iustitia
651 3155 680 3208 et
708 3147 862 3209 sanctitate
890 3142 1032 3204 veritatis.
1083 3137 1218 3202 Christus
1247 3137 1422 3218 igiturnsrt.

108 3257 270 3328 utrumque
294 3267 363 3310 esse
384 3250 434 3328 pie
455 3250 643 3329 intelligatur.

198 3453 249 3514 35.
295 3451 431 3514 Ceterum
454 3451 480 3514 si
504 3470 593 3532 saepe
615 3451 766 3529 Scriptura
788 3447 936 3510 Christum
952 3441 1192 3526 appellet‘ipsius
1211 3459 1336 3523 eorpus,

110 3559 147 3612 ut
175 3569 243 3612 cmn
270 3551 375 3614 beatus
403 3555 509 3642 Petrus
539 3553 575 3614 ad
598 3551 764 3615 Cornehum
792 3549 846 3612 ait:
876 3547 977 3612 lerum
1004 3566 1024 3608 o
1050 3543 1222 3618 Nazareth,
1252 3563 1339 3628 qoem

109 3657 206 3714 occtt
227 3653 308 3716 Deos
330 3653 450 3734 Spiritu
472 3666 586 3727 sancto,
611 3663 639 3716 et
660 3653 697 3716 ad
718 3651 859 3714 ludaeos:
883 3649 984 3714 lerunt
1006 3647 1213 3718 Nazarenam,
1236 3651 1340 3710 virum

111 3756 319 3834 approbatum
340 3773 359 3815 ιι
380 3753 444 3818 lieo
465 3758 499 3818 ia
521 3757 621 3826 vobis,
642 3753 746 3816 boatus
767 3754 838 3815 item
861 3750 967 3814 Paulus
989 3749 1062 3810 haec
1082 3747 1120 3810 ad
1142 3747 1338 3810 Athenienses

91 4025 118 4048 '⁴'
152 4022 174 4056 θ·
192 4007 248 4068 ¹³⁰8·
268 4017 291 4058 0²
308 4009 407 4070 Setutr·
426 4001 514 4075 φησὶν
531 3997 630 4060 edente.
656 4007 702 4057 Alii
754 4006 875 4068 togttcon.
910 4007 938 4070 tlt
956 4004 1052 4056 Gobler.
1072 3997 1176 4068 Πέτρος
1189 3996 1342 4068 Κορνηλίῳ.

112 4083 141 4124 el
160 4073 217 4124 edili
234 4067 289 4141 ἔφη
309 4067 408 4129 vittis.
754 4075 800 4124 httt
816 4083 838 4124 et
857 4073 929 4124 editio
949 4073 1041 4122 Corum.
1060 4066 1164 4138 Πέτρος
1180 4063 1341 4134 Κορνήλιον.

152 4168 167 4216 l.
187 4169 227 4216 Sic
245 4169 301 4232 fleg.
320 4178 344 4218 ct
361 4169 460 4232 Sequor.
495 4169 522 4218 lo
533 4167 586 4220 eliis
602 4167 703 4217 etoditis
788 4177 803 4225 i.
823 4174 920 4226 Gobler.
936 4183 959 4225 et
974 4173 1078 4224 Felcltm.
1091 4173 1112 4222 l.
1131 4172 1244 4222 omittunt
1261 4163 1342 4218 πάλιν

112 4233 175 4282 τῶν
192 4236 267 4286 deest.
754 4235 928 4310 'spuetque
965 4241 1025 4292 lbid.
1044 4241 1099 4302 lieg.
1117 4248 1141 4290 et
1157 4239 1256 4300 Sequor.
1273 4229 1342 4314 ⁷59th

122 4345 126 4352 .
153 4336 175 4381 Β,
194 4319 251 4382 fleg,
276 4322 378 4382 δείξω,
396 4327 420 4370 eq
438 4317 626 4386 scriplum-„55
644 4310 704 4380 ἄχη.
751 4301 916 4370 Ἀθηναίους.
953 4311 1079 4390 ῦειοιίἐι
1103 4307 1160 4386 editi
1180 4297 1341 4380 'atdqvafott-

109 4387 202 4440 esras.
238 4387 282 4438 tin
302 4386 602 4448 creatortcomtnun.
754 4378 812 4427 nem
832 4379 889 4430 ibid·
908 4369 1111 4444 pasicratem
1128 4368 1341 4432 auertentem.
1378 4431 1380 4436 .

151 4479 176 4529 ὴ·
202 4480 237 4530 ¹²⁸
256 4481 662 4546 Rttirscote1,.Seguer.ttastt
681 4488 705 4534 tt
754 4447 836 4496 ‘⁰⁶⁰¹'
