3212 5060
550 265 659 312 curro
674 267 719 312 ιιι.
735 268 849 316 conant
863 269 999 319 munos.
1309 259 1368 322 ddi

172 427 178 439 '
211 423 284 490 42.
329 421 413 496 Quae
435 431 503 482 urm
523 417 565 480 ita
587 416 657 492 sint,
680 415 749 493 iam,
772 417 800 480 si
819 417 924 498 piacet,
946 417 1137 482 hunciocnm
1154 423 1459 501 expendamusrrncu

24 559 27 572 ·
99 522 161 586 De
200 525 265 588 dr'e
296 533 397 586 notun
423 519 479 584 iiio
506 519 556 582 oei
585 519 662 582 inore
682 537 769 584 asmo
796 525 869 594 trit,
901 539 993 602 neque
1022 521 1129 602 dapeii
1148 541 1243 605 nequa
1266 525 1373 590 Filius.

103 624 165 688 lili
197 625 295 688 enim
317 623 401 687 hisce
424 621 454 684 in
482 619 597 694 verbis,
631 637 807 700 quamquam
838 621 888 686 uic
918 622 1012 700 ignari
1044 624 1203 688 admodum
1233 635 1263 688 et
1285 629 1374 704 maci,

23 771 30 806 z
110 726 351 790 certissimum
379 741 451 786 suae
478 721 610 786 haerens
643 729 850 800 argumentum
881 723 1045 786 consistere
1077 725 1266 792 arbitrantur.
1311 729 1375 810 Ego

22 873 31 906 ,
113 847 214 892 vero
254 846 321 890 cum
349 824 515 890 haereticos
542 823 616 886 iuaee
645 821 808 884 obtendere
837 821 1003 903 iisdemque
1030 843 1098 888 sese
1129 827 1278 892 instruere
1299 845 1374 894 con·

24 991 29 1014 k
117 929 263 1012 spicio,
297 928 436 1009 Gigantea
465 925 537 990 mibi
565 925 667 986 ridere
694 923 813 998 videor,
847 923 897 1006 qui
924 942 1031 986 rursus
1052 925 1159 990 beilum
1180 929 1242 994 iieo
1264 931 1374 996 inferre

22 1083 30 1118 :
119 1031 286 1094 audeant
319 1031 432 1110 Nempe
454 1027 526 1092 caeli
548 1035 577 1088 et
598 1033 696 1088 terrae
716 1025 872 1100 Dominus,
893 1042 1058 1106 perquem
1080 1029 1178 1091 omnia
1199 1031 1274 1098 tacta
1295 1043 1375 1108 sunt,

26 1189 31 1220 ,ἱ
124 1133 172 1194 ab
200 1131 268 1195 iilis
288 1133 326 1196 dc
348 1131 397 1194 die
419 1140 449 1192 et
469 1130 544 1192 bora
564 1127 615 1191 iiia
636 1127 792 1202 iudicatur,
815 1127 998 1202 atvertum,
1021 1127 1067 1190 eui
1091 1129 1189 1192 omnia
1209 1140 1280 1194 nota
1295 1142 1375 1209 aunt,

26 1289 27 1292 ,
127 1233 177 1296 ab
204 1233 269 1298 iliis
292 1241 448 1296 accusatur
468 1240 606 1311 tanquam
627 1229 677 1310 qui
700 1229 778 1292 diern
800 1229 881 1294 mum
903 1229 1032 1311 ignoret,
1052 1228 1146 1292 Filius
1167 1230 1305 1312 denique,
1326 1235 1376 1314 qui

128 1335 268 1398 Patrem
291 1335 388 1414 ipsum
411 1333 571 1414 cognoscit,
595 1331 652 1394 diei
674 1332 779 1394 boram
800 1331 917 1394 nescire
939 1330 1062 1406 dieiuur3
1084 1331 1192 1412 quibus
1214 1333 1285 1412 quid
1300 1335 1375 1400 aad·

25 1419 26 1424 ¹
129 1435 205 1498 tius
232 1436 308 1509 dici,
330 1435 376 1498 rei
398 1454 472 1516 quae
492 1451 546 1514 par
567 1435 683 1496 insania
703 1433 804 1514 possit
825 1431 916 1496 esaei
952 1434 1011 1496 Per
1031 1433 1159 1498 Verbum
1182 1436 1281 1497 omnia
1302 1437 1379 1498 iacta

132 1545 239 1611 aunt,
263 1545 411 1616 tempora,
435 1543 643 1616 tempestates,
666 1553 744 1608 nor,
766 1534 848 1608 dies,
870 1553 920 1598 res
944 1553 1049 1598 omnes
1072 1543 1205 1610 creatae,
1228 1543 1379 1600 ettamen

137 1637 250 1718 opifex
284 1657 358 1720 opus
391 1637 497 1700 dieitur
528 1633 690 1716 ignorare?
734 1637 822 1700 Certe
849 1637 916 1717 ipsa
944 1637 1081 1700 lectionis
1105 1637 1199 1700 series
1222 1638 1326 1704 horam
1348 1646 1379 1702 et

138 1739 227 1802 diem
249 1739 328 1802 iiiam
351 1757 368 1800 a
389 1737 464 1800 Filio
479 1737 531 1800 iiei
556 1738 696 1818 cognosci
719 1739 815 1810 docet,
838 1740 1026 1819 quantumvis
1046 1738 1174 1800 Arianos
1195 1739 1375 1821 praecipites

137 1849 214 1921 agat
234 1859 291 1902 sna
313 1839 438 1908 inscitia.
483 1839 635 1919 Siquidem
662 1839 728 1914 iiie,
762 1840 812 1920 qui
839 1840 914 1902 dixit
941 1860 1034 1922 aeque
1057 1840 1171 1915 Fidius,
1207 1840 1287 1906 idem
1309 1841 1375 1923 ipse

140 1941 300 2022 discipulis
333 1961 407 2022 iiilae
439 1940 517 2026 diem
550 1941 632 2004 ilium
664 1941 838 2006 antecedere
865 1942 992 2004 debeant
1025 1943 1174 2006 enarravit
1202 1943 1374 2008 huiusmodi

140 2043 262 2106 verbis:
297 2041 378 2109 iiaee
406 2052 436 2106 ei
463 2043 537 2106 baec
557 2043 657 2106 iuturn
678 2052 764 2116 sunt,
787 2041 899 2112 ,deinde
921 2051 1061 2122 sequetur
1082 2043 1161 2104 finis.
1205 2043 1293 2122 Atqui
1316 2044 1375 2118 iiie,
1464 2078 1470 2090 ·

140 2143 196 2226 qui
226 2163 275 2218 ea,
308 2163 383 2224 quae
412 2145 471 2206 diei
502 2143 542 2204 iiii
561 2135 781 2223 praecurrunt,
813 2143 912 2216 norit,
946 2145 1023 2204 diem
1047 2162 1166 2221 quoque
1188 2143 1303 2222 ipsum,
1326 2145 1376 2224 qui

138 2247 296 2328 praedicta
319 2256 365 2306 est
386 2251 552 2315 secuturus,
577 2243 642 2304 sine
665 2242 754 2304 dubio
778 2243 926 2322 cognitum
948 2243 1046 2304 hahet.
1082 2243 1214 2323 Namque
1230 2243 1256 2304 ai
1271 2243 1376 2307 boram

99 2407 103 2426 ,
141 2349 226 2412 ibam
249 2365 309 2408 non
332 2353 449 2415 nosset,
472 2361 568 2422 neque
590 2362 635 2417 ea,
658 2359 733 2422 quae
754 2343 850 2422 ipsam
865 2341 1054 2414 antecedunt,
1076 2351 1182 2421 posset
1198 2343 1374 2424 significare,

141 2455 252 2528 utpote
274 2447 396 2524 ignarus
419 2443 606 2522 quandonam
628 2445 727 2506 sutura
749 2443 798 2505 iiia
818 2443 893 2505 hera
915 2452 1005 2504 esset.
1035 2441 1207 2508 ,Enimvero
1230 2446 1381 2526 quemad.

145 2548 270 2612 modum
294 2546 320 2608 si
342 2547 408 2626 quis
431 2545 551 2608 domum
573 2547 618 2610 rei
640 2545 744 2608 urbem
765 2544 892 2626 aliquam
906 2543 1111 2624 ignorantibus
1127 2545 1256 2610 indicare
1271 2547 1477 2630 roiensem„

147 2669 192 2724 ea,
216 2658 381 2730 quarente
404 2647 525 2710 domam
540 2647 584 2710 vei
599 2647 704 2712 urbem
720 2655 890 2722 occurrunt,
912 2649 1047 2722 referret,
1071 2647 1268 2729 omnibusque
1283 2667 1371 2712 enar-
1401 2651 1405 2666 ⁸

147 2752 219 2814 ratis
250 2752 379 2814 diceret:
416 2749 528 2812 Deinde
561 2751 659 2813 statim
692 2751 763 2812 urbs
792 2749 837 2811 rei
864 2750 971 2811 domus
994 2757 1147 2826 oecurret;
1179 2749 1257 2812 baud
1286 2751 1374 2814 dubie
1429 2731 1436 2772 ¹

148 2860 255 2913 nosset
275 2851 343 2923 iiie,
367 2851 486 2912 ubinam
509 2852 615 2913 domus
637 2851 683 2912 rei
705 2851 777 2912 urbs
799 2857 937 2912 exstaret.
983 2849 1046 2912 Nisi
1069 2851 1148 2912 enim
1171 2862 1374 2930 cognosceret,

151 2969 207 3038 nee
226 2951 294 3025 iiia,
316 2969 391 3030 quae
414 2962 482 3012 ante
503 2951 585 3030 ipsas
608 2961 777 3025 occurrunt,
800 2952 923 3014 auderet
945 2951 1087 3025 indicare,
1109 2971 1148 3013 ne
1170 2951 1306 3014 videlieet
1325 2952 1373 3013 lo-‘

152 3070 252 3114 corum
274 3050 461 3130 ignoratione
482 3051 669 3116 audientibus
690 3051 794 3132 pronai
816 3052 980 3115 divertendi
1002 3071 1089 3124 causa
1110 3053 1204 3126 ieret,
1236 3052 1281 3114 vel
1310 3052 1376 3134 ipsc

151 3154 181 3216 in
202 3173 236 3216 re
259 3152 451 3232 significanda
478 3152 609 3216 insciens
638 3163 759 3219 erraret.
810 3154 854 3216 ita
888 3154 1124 3234 quandoquidem
1158 3152 1301 3216 Dominus
1331 3171 1375 3226 ea,

151 3274 223 3336 quae
246 3254 304 3316 diei
328 3255 368 3316 iiii
391 3264 421 3316 et
441 3255 533 3317 borae
554 3266 757 3336 praecurrent,
781 3254 878 3332 edicit,
901 3254 1051 3317 fatendum
1074 3273 1146 3317 sanc
1164 3261 1217 3329 est,
1240 3263 1374 3317 enarrate

151 3358 228 3421 iiium
263 3375 371 3430 nosse,
406 3357 545 3437 nulloque
576 3359 667 3420 modo
700 3359 854 3438 ignorare,
888 3357 1073 3439 quandonam
1103 3356 1149 3418 iiia
1178 3355 1252 3418 bora
1274 3355 1374 3419 diesve

153 3459 310 3522 immineat.
618 3517 622 3524 .

231 3562 283 3624 43.
328 3561 386 3622 Gur
409 3569 505 3623 autem
529 3561 609 3642 quod
630 3561 726 3642 probe
747 3560 876 3635 sciebat,
901 3571 970 3623 tnnc
991 3578 1053 3622 non
1075 3569 1175 3639 aperte
1196 3558 1303 3622 dixerit
1324 3560 1371 3621 di-

153 3661 281 3742 scipulis,
305 3661 452 3724 curiosius
467 3661 618 3741 inquirere
641 3682 730 3726 nemo
753 3653 849 3739 debet,
872 3681 939 3724 curn
961 3662 1010 3724 iile
1033 3661 1166 3724 mouerit.
1203 3660 1278 3736 Quia
1294 3666 1372 3726 enain

348 3814 491 3947 {ipsu
506 3816 735 3948 sistite
785 3807 1372 3948 tenrecrescentiu-

153 3941 184 4000 dr
199 3943 232 3999 τό
249 3959 294 4002 etc.
332 3950 422 4000 ibidem
442 3951 498 4010 iieg.
513 3951 534 3998 i.
554 3957 577 4000 et
595 3953 734 4012 beguariam.
785 3945 830 3998 ani
845 3942 919 4005 ὅπως
935 3943 1016 4016 ἐγγὺς
1033 3943 1047 4010 ἡ
1066 3947 1143 4004 πόλις
1159 3943 1205 3998 καὶ
1223 3941 1237 4010 ἦ
1257 3941 1337 4000 oiat‘o.

153 4009 299 4085 deripuerant.
335 4017 414 4068 Ceteri
433 4028 456 4067 et
474 4017 530 4066 editi
548 4008 690 4082 ἐσήμανεν.
820 4033 842 4081 g.
862 4018 1149 4080 statuentesque.
1185 4019 1227 4068 Est
1244 4019 1300 4070 ite!
1318 4015 1374 4066 ποῦ

183 4089 196 4136 i.
220 4089 278 4150 Rag.
298 4086 320 4136 i.
345 4095 368 4136 at
392 4087 491 4148 Segoer.
518 4076 533 4143 ἢ
557 4082 605 4142 τῆς
621 4077 733 4140 πόλεως,
787 4098 852 4150 reto
871 4085 962 4164 Regi.
999 4087 1076 4136 Ceteri
1101 4096 1124 4138 et
1147 4087 1203 4136 editi
1222 4075 1292 4134 ὅπου
1309 4076 1371 4143 reri

153 4154 264 4219 iidemque
280 4154 370 4205 ibidem
390 4162 414 4204 et
431 4153 530 4204 Gobier.
549 4168 577 4202 ae
595 4152 734 4204 Fuluiani.
785 4145 862 4208 πόλις
878 4165 924 4202 και
941 4145 956 4214 ἡ
976 4145 1047 4202 οἰκία
1090 4154 1164 4204 Panic
1189 4162 1244 4218 post
1271 4161 1372 4214 ntcrqne

155 4213 252 4282 iuditii·
287 4222 332 4272 diii
361 4229 385 4272 ⁰1
411 4221 469 4272 ‘diii
491 4215 537 4268 sat
560 4217 608 4280 vit·
629 4215 733 4275 πόλεως
787 4221 843 4284 iieg.
861 4231 884 4272 at
901 4223 1001 4282 Seguer.
1018 4215 1128 4288 μακρὰν
1146 4211 1296 4285 ἀπιστήσῃ.
1325 4214 1371 4266 titi

150 4283 245 4348 ,dupino
280 4290 333 4340 idox
351 4289 408 4352 iieg.
428 4289 450 4340 i.
475 4291 574 4346 Sennea.
593 4288 691 4339 Gohier.
709 4298 735 4341 et
784 4297 807 4339 ct
825 4290 881 4340 aditi
898 4283 1010 4357 μακρὰν
1026 4281 1183 4350 ἀποστήσει

155 4358 248 4409 iaicim.
269 4358 291 4408 i.
308 4353 399 4423 λέγοι,
424 4343 470 4408 eir’
489 4349 571 4410 stade
588 4348 603 4417 ἡ
618 4351 733 4417 nouat
817 4357 841 4406 b.
859 4357 899 4408 Sic
922 4357 979 4420 fleg.
1002 4357 1021 4408 i.
1045 4359 1144 4420 Seguer.
1162 4353 1253 4414 ingiie.
1273 4343 1370 4398 debiti·

157 4417 225 4476 ciria.
260 4427 318 4488 iieg.
338 4425 359 4476 i.
380 4417 395 4485 ἢ
413 4417 429 4484 ἦ
448 4417 528 4476 ninia.
556 4423 647 4489 iieg.2.
658 4425 730 4476 [troii.
784 4425 929 4476 stFeicim.
951 4426 973 4476 i.
1013 4425 1041 4476 it
1059 4425 1099 4474 aiii
1118 4431 1140 4473 et
1159 4420 1232 4470 editio
1251 4409 1368 4487 Comme!-

156 4493 236 4556 iogiie
253 4501 278 4543 et
295 4493 400 4544 isicium.
419 4493 442 4544 d.
461 4485 542 4548 addis
559 4487 574 4553 ἡ
593 4485 671 4548 πόλις
685 4485 733 4542 καὶ
784 4493 896 4546 omittant
911 4487 958 4543 καὶ
975 4481 1246 4558 ttptpatriowm·
1276 4475 1368 4530 ibium
