3102 5042
524 277 631 322 onorio
647 277 684 320 n.
702 277 821 322 conone
836 279 971 322 munos.
1066 343 1070 348 Ι
1283 265 1345 330 637

116 437 184 516 ipse
204 434 282 513 furit
306 449 409 511 opero.
456 430 575 494 Credite
596 429 684 500 mebi,
714 430 793 510 quod
821 447 871 510 eqo
893 433 926 492 in
948 429 1040 492 Putre
1062 449 1128 493 eum
1150 443 1179 495 et
1200 433 1293 498 Peter
1314 439 1430 498 turma.

117 557 173 600 nee.
215 533 359 613 Alioquin
383 544 516 612 propter
545 549 638 613 opero
664 534 732 612 ipso
761 531 872 592 credite
901 531 982 592 mibi.
1027 531 1134 604 Arnen,
1165 553 1250 596 umen
1281 538 1345 600 dieo

115 640 214 709 vobe'e,
237 640 290 717 qui
311 633 407 696 credit
429 638 460 694 in
481 651 536 704 ene,
561 651 664 713 opero,
687 649 762 714 quoe
785 651 836 711 eqo
857 635 949 713 socio,
972 643 1002 696 et
1022 637 1087 714 ipse
1107 636 1209 714 societ,
1233 647 1260 698 ει
1281 657 1347 700 mu—

115 746 190 803 ioro
213 739 257 801 bie
281 738 388 816 societ,
411 737 481 816 quio
505 753 556 813 eqo
579 735 618 796 od
639 734 761 796 Putrem
783 735 870 797 uodo.
914 735 953 796 iit
975 736 1178 817 quodcumque
1198 741 1347 816 petieritis

116 847 152 904 in
175 843 294 902 nomine
316 853 391 907 meo,
416 835 469 898 bor
491 838 611 916 socium,
633 846 669 897 ut
690 835 882 916 qlorifiretur
903 835 997 900 Poter
1018 841 1051 898 iu
1073 837 1160 899 Filio.
1204 838 1307 917 itaque
1322 840 1349 902 si

117 943 212 1004 Pater
234 941 263 1000 in
285 938 358 1000 Vitio
381 937 578 1016 glorificatur,
605 936 697 1000 Filius
719 937 784 998 sine
807 935 895 998 dubio
925 939 1028 1010 interit,
1062 939 1111 1018 qui
1139 940 1196 1000 uit:
1231 939 1293 1019 qu
1315 945 1348 1002 iu

119 1045 217 1107 Putre
238 1052 266 1104 et
286 1041 379 1102 Pater
401 1045 432 1102 in
454 1059 500 1101 nte
523 1053 575 1112 ειι,
603 1049 633 1101 ει
658 1041 786 1114 Quinte
808 1041 891 1112 uidit,
915 1042 990 1102 vidit
1013 1040 1141 1107 Putrem.
1187 1041 1245 1114 Qui
1268 1041 1353 1104 enim·

119 1146 194 1206 baeu
214 1141 358 1222 loquitur,
387 1142 519 1221 seipsum
542 1141 647 1205 Filium
670 1127 738 1204 esse
759 1141 880 1222 probat,
912 1161 978 1204 oum
1000 1142 1080 1204 addit
1101 1155 1136 1206 ut
1157 1143 1348 1224 qlorifieetur

116 1247 214 1310 Pater
235 1249 269 1306 ιἰι
291 1243 378 1307 Filio.

204 1351 257 1413 20.
302 1345 333 1422 Si
356 1345 445 1424 igitur
466 1345 657 1420 contendunt,
680 1345 843 1420 hominem,
866 1364 954 1425 quem
976 1345 1100 1425 gestavit
1122 1345 1270 1418 Verbum.
1293 1347 1345 1410 Fi-

119 1452 192 1512 lium
213 1449 265 1522 Dei
288 1447 474 1526 unigenitum
497 1465 582 1520 esse,
606 1465 668 1508 non
690 1455 788 1509 autem
810 1447 956 1520 Verbum,
985 1449 1120 1528 sequitur
1142 1457 1174 1512 ιιι
1194 1449 1284 1512 bomo
1308 1452 1346 1512 sit

123 1552 192 1625 ilie,
214 1552 313 1630 quiin
336 1550 423 1611 Patre
446 1559 493 1611 εει
515 1561 545 1612 ει
566 1551 595 1610 in
619 1567 677 1629 quo
699 1549 870 1624 Peterem,
893 1552 983 1612 Ιιοιιιο
1007 1551 1076 1613 ἰιειιι
1097 1551 1147 1612 ille
1169 1551 1273 1626 tuerit,
1297 1553 1347 1632 qui

125 1671 215 1715 noum
235 1655 297 1732 ipse
321 1661 352 1714 ει
372 1652 459 1712 Pater
488 1660 548 1725 εει,
581 1651 689 1730 quique
711 1652 741 1713 in
764 1653 832 1715 sinu
854 1663 901 1714 est
922 1653 1035 1727 Patris,
1063 1664 1093 1715 et
1120 1652 1168 1715 lux
1196 1673 1266 1716 vern
1289 1663 1346 1716 est.

118 1757 196 1818 Hinc
215 1756 302 1818 tatoni
325 1762 478 1834 cogentur,
501 1751 643 1816 mundum
666 1771 721 1833 per
741 1753 891 1816 bominem
914 1756 1022 1816 iactum
1045 1773 1123 1829 esse,
1147 1765 1177 1818 et
1196 1755 1346 1820 bominem

116 1879 187 1922 eum
210 1877 287 1930 esse,
312 1855 362 1936 qui
385 1855 466 1918 venit
487 1875 547 1916 non
570 1865 604 1916 ut
625 1855 777 1932 iudicaret,
801 1858 854 1919 sed
877 1857 1074 1920 otmundum
1096 1859 1208 1919 saluum
1230 1859 1348 1935 feceret,

114 1962 218 2042 ipsum
246 1959 372 2038 denique
406 1976 475 2018 esse
505 1957 674 2038 prinsquam
697 1957 842 2020 Abrabam
869 1959 964 2022 fieret.
1009 1960 1093 2023 Iesus
1117 1961 1212 2033 enim,
1243 1961 1347 2039 inquit,

113 2061 298 2126 dimittitis:
327 2061 436 2132 Amen,
465 2079 552 2122 urueu
581 2061 644 2122 dieo
667 2061 767 2132 uobis,
798 2071 958 2142 autequam
980 2062 1131 2123 Abrabam
1158 2064 1263 2142 fieret,
1294 2083 1345 2141 eqo

112 2185 198 2227 sum.
240 2165 285 2224 An
308 2179 369 2224 oon
397 2179 468 2222 vero
496 2160 714 2240 perabsurdum
736 2161 815 2222 dioto
838 2171 902 2236 εει,
936 2182 1004 2223 eum
1033 2163 1161 2223 existere
1189 2173 1345 2243 antequam

111 2269 203 2328 tieret
224 2264 383 2337 Abrabam,
398 2280 492 2342 ‘quem
516 2281 550 2324 ex
573 2261 687 2323 semine
708 2261 841 2322 Abrahae
864 2273 933 2341 post
954 2261 1146 2340 quadraginta
1169 2263 1247 2328 duas
1262 2271 1344 2325 aeta·

112 2378 163 2430 ιεε
186 2376 290 2427 natum
313 2385 380 2427 osse
403 2364 530 2426 volunt?
575 2363 606 2424 Si
629 2362 700 2425 item
723 2381 808 2432 caro.
831 2381 918 2442 quam
940 2363 1067 2424 Verbum
1091 2364 1229 2442 gestavit,
1252 2363 1344 2426 Filius

115 2475 184 2539 εει,
214 2483 252 2526 an
280 2483 340 2526 non
372 2467 563 2528 vehementer
589 2475 735 2545 repugnat
763 2464 959 2538 contendere,
988 2464 1065 2526 hune
1092 2465 1188 2545 ipsum
1216 2485 1345 2540 earnem,

117 2585 211 2648 qoam
234 2584 269 2626 ex
291 2565 378 2630 bieria
399 2567 522 2648 accepit,
545 2585 614 2628 esse
637 2585 692 2647 per
714 2585 801 2647 quam
823 2566 949 2629 mundus
966 2567 1059 2628 iactus
1081 2575 1137 2629 εει.
1181 2569 1258 2642 Quid
1274 2589 1345 2631 vero

116 2669 157 2732 de
180 2667 229 2730 bis
254 2667 479 2730 verbis-dicturi
501 2678 586 2730 sunt:
611 2669 648 2731 Iu
669 2671 780 2732 mundo
804 2668 895 2732 erut?
937 2670 1069 2749 Namque
1091 2670 1291 2749 Evangelisto,
1315 2681 1347 2732 ut

114 2770 299 2851 significaret
325 2771 474 2834 exstitisse
496 2769 601 2832 Filium
630 2771 802 2851 priusquam
831 2771 991 2834 secundum
1023 2791 1141 2833 earnem
1163 2781 1345 2846 nosceretur,

99 2875 191 2946 ,haee
211 2871 340 2934 subiecit
361 2872 465 2934 verba:
495 2873 533 2934 In
553 2875 666 2935 mundo
690 2881 767 2935 erut.
810 2873 904 2934 Porro
934 2873 959 2934 si
993 2893 1053 2934 non
1076 2873 1202 2936 Verbum
1227 2882 1273 2936 εει
1293 2873 1344 2936 Fi-

119 2973 190 3046 tins‚
212 2975 262 3034 sed
283 2975 376 3036 bomo
400 2985 446 3036 εει
462 2974 564 3049 Filius,
588 2974 738 3054 quomodo
760 2973 902 3036 mundum
925 2976 1022 3054 possit
1036 2993 1165 3048 servare,
1189 2993 1256 3036 oum
1278 2975 1345 3053 ipse

125 3091 241 3152 quoque
262 3075 299 3136 sit
322 3095 357 3137 ex
381 3077 515 3139 mundo?
560 3076 647 3150 Quod
670 3077 696 3138 si
719 3095 775 3138 neo
794 3075 841 3138 bis
857 3076 1022 3138 rationibus
1038 3094 1141 3136 eorum
1164 3075 1340 3154 comprime-

123 3185 172 3236 tur
192 3176 382 3254 impudentia,
405 3179 615 3258 respondeant,
638 3177 757 3239 ubinam
780 3179 909 3240 futurum
933 3178 972 3238 sit
986 3176 1125 3251 Verbum,
1149 3177 1173 3237 si
1192 3177 1281 3238 bomo
1298 3184 1344 3237 est

90 3330 102 3360 .,
116 3277 149 3338 in
172 3275 282 3342 Patre?
328 3279 459 3352 Quotum
482 3288 578 3342 autem
604 3279 729 3342 Verbum
753 3279 812 3356 erit
831 3298 896 3342 oum
918 3279 1015 3352 Patrai,
1039 3297 1105 3340 oum
1121 3279 1211 3340 homo
1234 3287 1264 3340 et
1284 3277 1343 3340 Pu-

116 3391 165 3442 ter
185 3398 278 3441 unum
301 3379 387 3442 siut?
431 3380 518 3453 Quod
548 3381 573 3443 si
602 3382 692 3443 bomo
716 3381 882 3461 unigenitus
906 3391 967 3454 εει,
996 3387 1120 3461 quotum
1153 3399 1266 3461 quaeso
1289 3379 1346 3442 erit

114 3481 270 3544 Verbum?
315 3482 366 3544 Vel
388 3485 467 3544 enim
490 3484 653 3546 seeundum
676 3501 743 3546 esse
765 3483 960 3563 suspendebit
980 3483 1103 3564 aliquis,
1137 3483 1183 3544 vel
1205 3483 1231 3544 si
1254 3501 1346 3562 supra

114 3582 303 3661 unigenitum
331 3593 392 3659 est,
423 3585 486 3666 ipse
517 3593 595 3647 uerte
623 3586 709 3647 Potor
738 3585 836 3648 inerit.
877 3585 1137 3660 ¹Quemadmodum
1167 3585 1245 3646 enim
1268 3603 1346 3648 unus

117 3691 167 3744 est
186 3684 285 3756 Pater,
309 3685 347 3746 ita
370 3686 540 3766 unigenitus
565 3707 598 3750 ex
623 3707 658 3750 eo
680 3695 765 3750 natus
790 3708 866 3750 unus
889 3696 944 3751 est.
989 3687 1066 3760 Quiu
1091 3697 1246 3767 praeterea
1270 3688 1345 3748 vera

113 3779 189 3848 buoi
211 3785 333 3848 bomine
356 3789 482 3868 amplius
504 3790 603 3864 babet,
627 3790 652 3850 si
670 3791 799 3854 Verbum
813 3791 905 3852 Filius
928 3807 990 3851 non
1012 3787 1074 3851 sit?
1117 3788 1256 3850 Mundum
1276 3788 1344 3866 qui-

112 3888 186 3950 dem
208 3905 264 3966 per
285 3885 390 3950 Filium
414 3899 443 3952 et
459 3891 586 3952 Verbum
608 3892 716 3954 foetum
739 3913 807 3955 esse
829 3893 971 3972 scriptum
993 3899 1048 3963 εει,
1070 3908 1284 3969 communeque
1300 3899 1347 3952 est

112 3987 217 4052 Verbo
241 3996 271 4049 ει
292 3989 367 4051 Filio
390 3993 533 4055 mundum
555 4011 672 4068 creare,
703 4004 732 4056 at
753 3995 869 4057 Patrem
891 4012 952 4054 non
975 4011 992 4054 o
1013 3992 1126 4067 Verbo,
1156 3991 1209 4054 sed
1233 4009 1249 4052 a
1270 3990 1345 4053 Filio

148 4261 170 4294 e.
190 4243 264 4293 basii.
284 4253 308 4296 et
325 4245 415 4307 ungue.
428 4240 584 4313 γενόμενον.
621 4248 707 4310 Regius
794 4263 814 4300 ε.
834 4249 931 4300 Gobier.
950 4251 988 4298 bie
1006 4256 1029 4298 ει
1047 4261 1101 4298 mor
1118 4239 1210 4300 πόσος.

112 4321 137 4362 ει
156 4313 232 4374 Sego.
250 4307 406 4380 λεγόμενον.
444 4317 488 4366 biii
500 4317 603 4380 euinque
616 4325 709 4366 ιιιιιιιιι·

113 4396 162 4444 que
181 4383 305 4432 omittunt.
795 4385 810 4432 t.
829 4384 869 4433 Sic
894 4385 950 4446 neg.
973 4385 1072 4446 Sequor.
1090 4382 1161 4433 basii.
1181 4391 1204 4430 ει
1221 4375 1345 4440 utigneio.
1501 4401 1515 4435 q

149 4449 173 4498 d.
193 4449 234 4499 Sic
260 4450 365 4512 flesset
388 4451 487 4509 Sequor.
512 4459 537 4501 ιιι
562 4459 585 4504 ει
602 4453 708 4502 b'onoiue
760 4453 786 4500 n
805 4451 828 4502 in
847 4452 900 4502 otiis
919 4461 942 4503 ει
960 4454 1030 4502 editis
1049 4453 1115 4504 deest
1132 4440 1162 4498 ei.

114 4514 181 4578 legit
216 4516 264 4568 ulit
284 4527 307 4569 ει
325 4520 382 4570 editi
400 4511 450 4579 riq,
472 4521 596 4570 mendose.
715 4531 718 4538 ·
