3212 5060
522 241 631 286 orario
647 241 691 285 ιιι.
707 241 823 288 coarat
838 243 973 288 invasos.
1260 305 1265 318 ⁸
1285 231 1348 294 587

121 405 318 461 atramentum
341 395 501 466 obiiciunt,
530 401 563 454 ιιι
585 401 615 453 et
635 392 812 472 simplicium
834 395 941 457 animis
965 395 1120 458 offundant
1141 398 1295 475 tenebras,
1319 411 1348 464 ιι
1357 417 1432 462 mooe

122 519 160 562 ne
187 499 270 580 ipsos
299 517 371 560 suae
393 495 528 559 haeresis
552 494 649 574 capiat
670 495 792 558 oblivio.
835 497 929 558 Nobis
952 497 1032 560 eninr
1053 497 1138 560 velim
1161 503 1347 579 patefaciant,

121 601 200 662 unde
229 600 347 662 tandem
369 597 417 658 iila
439 595 601 658 voluntatis
624 603 654 656 et
675 595 788 658 arbitrii
812 599 943 660 eruerint
965 600 1121 671 vocabulo,
1151 601 1198 663 vel
1219 621 1348 682 quonam

122 721 156 764 ox
179 701 348 781 Scripturas
371 701 437 761 loeo
460 717 494 760 ea
517 697 737 778 expromsarint
757 698 917 776 impietatis
940 699 1122 775 inventores,
1145 722 1271 782 quorum
1288 707 1348 768 uvi.

121 799 180 883 que
206 803 295 864 rerba
324 811 464 881 suspecta
491 817 553 860 non
582 798 694 877 absque
725 817 811 860 cansa
842 799 994 860 babemus.
1040 802 1118 862 Sene
1139 804 1227 867 Peter
1257 809 1345 871 uobis
1408 797 1416 804 ’

120 903 248 966 Verbum
279 923 366 966 suurn
395 922 411 964 e
440 900 521 964 caelo
548 901 721 962 huiusmodi
749 900 871 962 vocibus
901 901 1059 962 revelavit:
1093 903 1150 965 Hic
1179 918 1226 969 est
1249 910 1345 973 Filius

115 1025 205 1068 meua
227 999 365 1068 dilectus.
410 1005 461 1066 Sic
481 1003 551 1064 item
574 1019 627 1081 per
649 1001 789 1065 Davidem
812 1001 961 1082 loquitur;
990 1002 1151 1068 Eructavit
1174 1025 1227 1068 cor
1248 1029 1346 1074 meum

123 1107 250 1170 Verbum
272 1108 390 1170 bouum.
434 1105 537 1166 loanni
567 1121 685 1184 quoque
714 1102 813 1164 dicere
840 1103 1005 1182 praecepit:
1037 1101 1075 1164 lu
1100 1109 1254 1186 principio
1277 1125 1347 1174 erar

126 1208 260 1272 Verbum.
304 1208 347 1268 lta
376 1205 463 1266 etiam
493 1203 594 1284 psallit
613 1205 722 1266 David:
752 1203 840 1286 Apud
862 1215 890 1266 ιι
911 1215 958 1266 ιιι
978 1205 1052 1283 sorva
1074 1210 1169 1281 sitne,
1193 1219 1221 1268 et
1242 1213 1275 1269 m
1297 1211 1347 1273 lu-

120 1314 200 1372 mine
222 1321 273 1372 mo
295 1309 459 1370 uidebimus
482 1307 592 1368 lumem.
637 1303 770 1385 Denique
792 1306 953 1384 Apostolus
982 1305 1102 1367 scribit:
1135 1307 1197 1380 Qui
1218 1329 1285 1372 eum
1307 1316 1348 1374 sit

122 1410 269 1490 splendor
289 1407 422 1489 gloriae,
446 1415 476 1468 ιι
496 1425 619 1469 rursus:
642 1413 695 1489 pul
717 1425 783 1469 ιιιιιι
804 1411 836 1467 iu
857 1407 966 1493 formo,
984 1407 1041 1470 liei
1061 1417 1153 1496 esset,
1178 1417 1208 1470 et
1229 1415 1282 1491 qui
1302 1423 1347 1474 ιιι

121 1515 217 1591 imago
240 1510 298 1574 Dei
318 1509 489 1572 iuov‘aibilv’a.

200 1613 257 1684 fii).
302 1609 416 1689 Ubique
444 1627 550 1670 omncs
578 1607 647 1688 quid
676 1607 716 1668 sit
738 1607 865 1670 Verbum
893 1608 1016 1682 docent,
1045 1627 1192 1690 nemoque
1220 1631 1347 1701 prorsus

120 1711 218 1790 ipsum
251 1711 295 1772 vel
329 1729 364 1772 ex
391 1709 541 1772 voluntate
571 1727 637 1770 ease
666 1709 711 1770 vel
740 1709 862 1770 omnino
893 1711 1000 1772 lactum
1023 1729 1092 1772 esse
1114 1711 1164 1774 ait.
1208 1713 1253 1775 lili
1275 1734 1345 1777 vero

118 1811 239 1874 ubinam
261 1829 374 1892 quaeso
396 1818 574 1889 repererunt
596 1809 775 1872 voluntatem
798 1817 828 1871 et
849 1809 1004 1872 arbitrium
1028 1809 1124 1874 Verbo
1148 1813 1201 1876 Dei
1225 1823 1346 1877 antece-

120 1916 208 1986 dere,
235 1913 293 1975 nisi
316 1914 393 1974 iorte
415 1911 517 1974 missis
540 1911 706 1992 Scripturis
729 1911 875 1974 Valentini
899 1911 1079 1992 impietatem
1102 1915 1228 1996 amplexi
1251 1916 1346 1980 simu-

118 2015 229 2076 latione
256 2012 398 2076 utantur?
441 2013 514 2076 Nam
536 2013 723 2076 Ptolemaeus
747 2013 893 2074 Valentini
921 2014 1084 2094 discipulus
1114 2017 1234 2088 docuit,
1260 2020 1345 2079 Non-

119 2119 195 2178 iaeto
219 2116 279 2179 duo
302 2116 489 2195 casaperta,
520 2115 729 2192 cogitationem
752 2115 863 2176 scilicet
886 2122 915 2174 et
937 2117 1132 2190 voluntatem,
1159 2119 1347 2198 primumque

54 2247 62 2264 ·
119 2219 276 2297 cogitasse,
299 2217 407 2280 deinde
429 2211 571 2288 voluisse,
593 2233 649 2276 neo
670 2233 745 2294 quae
767 2216 940 2294 cogitaverit
961 2217 1098 2296 potuisse
1120 2219 1264 2295 prolerre,
1287 2219 1346 2280 nisi

119 2339 185 2382 cum
209 2318 367 2381 volontatis
388 2318 482 2378 virtus
505 2317 694 2376 accessisset.
737 2315 816 2377 ilinc
837 2324 917 2376 certe
939 2333 1025 2376 suam
1042 2316 1207 2378 doctrinam
1223 2320 1346 2380 mutuati

118 2421 217 2482 Ariani
251 2421 432 2480 voluntatem
461 2425 490 2478 et
517 2415 672 2479 arbitrium
695 2416 791 2478 Verbo
819 2417 925 2479 volunt
947 2417 1131 2478 antecedere.
1177 2419 1283 2482 Verum
1306 2421 1347 2482 illi

73 2575 79 2587 .
119 2520 238 2598 quidem
256 2518 400 2580 Valentini
422 2527 614 2598 propugnant
636 2535 766 2592 errores,
789 2535 845 2579 nos
867 2527 976 2592 autem,
999 2518 1049 2599 qui
1072 2518 1168 2581 divina
1185 2521 1346 2584 evolvimus

119 2621 252 2692 oracula,
281 2620 441 2682 dictionem
468 2631 539 2682 erut
566 2621 602 2682 de
624 2619 699 2682 Filio
728 2620 871 2700 scriptam
900 2620 1082 2694 invenimus,
1112 2622 1432 2702 audivimusquemce,

118 2723 216 2785 solum
245 2741 312 2785 eum
341 2721 372 2783 in
394 2723 481 2784 Patre
509 2741 578 2784 osse
601 2731 631 2784 et
652 2722 749 2784 Patris
770 2721 929 2800 imaginem
951 2740 1032 2784 esse.
1077 2721 1239 2784 didicimus
1262 2741 1344 2796 vero,

118 2825 193 2886 solis
224 2824 315 2885 rebus
347 2823 431 2886 lactis
463 2824 644 2885 voluntatem
678 2831 708 2885 et
734 2821 890 2884 arbitrium
920 2823 1112 2896 antecedere,
1146 2825 1255 2904 qnippe
1278 2844 1344 2886 curn

118 2924 186 2986 illae
207 2933 311 2985 natura
334 2923 490 3003 aliquando
513 2943 574 2984 non
596 2932 708 2986 esseut.
751 2924 909 3002 Haecnos
924 2923 1011 2985 docet
1026 2925 1117 2986 David
1133 2925 1251 2986 Psalmo
1267 2943 1340 2986 can-

119 3021 228 3084 teaimo
249 3023 364 3084 decimo
388 3023 487 3097 tertio,
510 3023 559 3084 ubi
583 3024 623 3086 ita
645 3025 740 3086 canit:
762 3026 845 3087 Deua
868 3037 968 3088 eutero
990 3037 1096 3089 ιιιιιιν
1116 3029 1150 3088 ιἰι
1173 3026 1254 3088 coelo
1271 3039 1299 3090 et
1314 3031 1346 3087 ιἰι
1362 3017 1382 3109 ’1

117 3241 209 3292 Ibidem
228 3257 314 3293 rursus
332 3245 387 3306 iteg.
403 3245 425 3294 i.
443 3243 579 3294 sichahet:
597 3235 708 3293 ἔννοιαν
758 3253 782 3294 ιι
806 3245 862 3294 editi
881 3237 927 3293 lar
981 3237 1099 3298 niumm.
1135 3243 1225 3295 ibidem
1245 3245 1301 3306 lieg.
1325 3245 1345 3296 l.

117 3304 164 3358 eal
181 3304 293 3369 diluetur
307 3301 374 3366 νόει,
395 3303 442 3360 ebat
460 3303 587 3372 deducto.
759 3311 816 3366 τοῖς
832 3308 920 3366 θείοις
952 3312 1046 3376 ιγίοις.
1082 3311 1131 3362 llos
1157 3321 1214 3378 post
1232 3303 1346 3373 ἧιιιιῐειι-

102 3397 109 3412 ·
153 3393 173 3427 ι.
192 3379 249 3439 Reg.
263 3379 284 3428 l.
298 3382 432 3440 etsegoov.
449 3373 619 3449 προβάλλειν.
657 3383 706 3432 Go-
756 3381 931 3446 perdolatum.
950 3381 972 3430 2.
998 3390 1022 3429 et
1045 3381 1118 3431 editio
1138 3381 1254 3430 Commii.
1273 3385 1345 3430 omit-

117 3447 179 3496 blcr.
199 3445 303 3496 isicium.
316 3452 336 3496 l.
356 3455 379 3496 ιι
396 3443 661 3513 iudicandarum,
681 3457 707 3499 ut
757 3455 810 3498 tavit
828 3438 905 3505 ὄντα,
925 3447 990 3514 quod
1009 3449 1032 3498 io
1051 3449 1105 3497 aliia
1125 3463 1183 3498 ross.
1202 3449 1296 3510 iegitur.

118 3524 143 3564 ιι
160 3516 312 3564 emendatum
331 3527 367 3564 est
386 3517 409 3566 in
428 3517 501 3566 basil.
537 3517 705 3566 svciternbe·
791 3531 813 3578 g.
832 3517 872 3565 Sic
891 3515 979 3578 liegl.
998 3519 1132 3578 etSegoer.
1166 3516 1344 3568 dtaliietediti

119 3584 158 3632 bet
175 3582 323 3646 Epiphanius
348 3585 441 3633 haeresi
461 3583 502 3634 33.
530 3585 645 3633 irenaeus
665 3586 705 3634 lib.
757 3582 806 3631 τοῦ
822 3577 973 3650 pivdcpid
981 3575 1134 3646 ψάλλοντος
1150 3577 1181 3632 ἐν
1198 3583 1246 3663 epi.
1285 3585 1345 3634 ibid.

118 3651 135 3700 l.
161 3659 245 3699 eontra
268 3651 381 3700 haereses
405 3665 456 3714 cap.
476 3651 498 3700 e.
518 3647 583 3715 [ta]
606 3653 704 3703 verbnm
756 3651 840 3714 flend
867 3653 940 3702 dasii.
958 3660 982 3701 ιι
1000 3649 1106 3702 ιἰΙιιιιι.
1124 3653 1147 3701 b.
1166 3645 1270 3717 ἀιιιτῳ
1288 3647 1345 3718 τρί-

117 3719 218 3768 emittere
236 3718 274 3768 bic
292 3727 399 3782 usurpat.
436 3719 540 3770 i'elcim.
556 3718 579 3770 2.
598 3727 622 3770 et
632 3721 705 3770 editio
758 3733 804 3784 ιφ.
841 3719 896 3782 lieg.
923 3720 944 3768 l.
971 3726 995 3768 et
1018 3719 1158 3780 Segneriao.
1177 3715 1232 3798 piy.
1268 3721 1345 3770 Editio

119 3785 236 3835 Comeret.
254 3781 430 3849 παραβαλεῖν,
452 3795 477 3834 ot
495 3795 519 3835 et
536 3787 614 3850 prima
634 3801 705 3837 maon
758 3789 876 3838 Commel.
888 3795 912 3837 ιι
921 3787 997 3836 Paria.
1016 3781 1234 3852 ιριικιιιδειιαιῳ.
1267 3788 1344 3850 Editio

119 3853 242 3914 legebatur
261 3854 367 3902 inbaaii.
387 3851 506 3914 itegiosl.
525 3862 548 3903 et
567 3853 707 3904 Falcimb.
757 3864 837 3904 autem
856 3853 1010 3903 Coloniensia
1028 3855 1093 3902 nulla
1114 3864 1139 3903 ut
1157 3855 1220 3904 solet
1237 3857 1344 3904 anctori-

116 3919 297 3992 rrapuyqyaiv.
334 3919 386 3969 lior
404 3919 705 3982 neeisigoecangtic.
757 3929 805 3970 ιιιι
824 3923 897 3970 babet
913 3912 1151 3986 πεντεκαιδεκάτῳ.
1189 3921 1280 3972 ibidem
1299 3937 1344 3986 pro

117 3989 251 4038 (inlaterat
266 3987 370 4038 Falcim.
384 3987 404 4036 i.
423 3980 539 4053 δύναμις
554 3980 705 4049 ἐπεγένετο,
756 3980 910 4048 ψάλλοντος
933 3989 1030 4038 Gubter.
1049 3997 1072 4038 et
1090 3989 1195 4039 ielclm.
1215 3991 1237 4039 l.
1256 3991 1346 4039 babent

118 4063 143 4105 ut
166 4063 190 4106 ιι
209 4054 281 4105 babet
299 4055 455 4118 Epiphanius.
492 4055 630 4104 Ηιιιιιιιιι
648 4055 705 4103 item
755 4051 884 4117 λέγοντος
899 4055 1020 4119 iidemque
1038 4047 1124 4109 obrue·
1140 4059 1260 4107 omittunt
1288 4057 1344 4119 iteg.

115 4123 208 4172 leonaci
223 4125 308 4172 verba:
327 4138 379 4174 eum
396 4129 472 4173 euleu
488 4122 613 4172 uoluntatis
630 4124 704 4172 virtue
757 4121 779 4172 l.
798 4130 822 4170 et
839 4123 938 4184 Sagoer.
957 4123 1045 4174 ibidem
1065 4115 1079 4172 b
1098 4117 1127 4174 dt
1144 4119 1217 4178 θεός.
1245 4125 1270 4174 Ιιι
1290 4125 1344 4174 aliie

116 4191 217 4240 ademit.
260 4189 321 4239 Editi
346 4191 434 4254 aliique
459 4181 575 4254 δύναμις
590 4179 703 4304 istrata.
756 4195 778 4240 at
796 4189 868 4238 editis
886 4183 917 4238 et
933 4189 1010 4240 deest.

115 4257 207 4306 ibidem
220 4259 276 4318 lteg.
289 4257 310 4306 i.
329 4267 353 4307 et
361 4259 461 4320 Segvver.
480 4249 594 4312 tueare
623 4257 705 4321 Aper·
790 4256 814 4306 Ιι.
832 4257 873 4306 Sic
890 4265 991 4322 uterque
1009 4259 1065 4322 [ιιι.
1083 4259 1184 4322 Segner.
1203 4258 1301 4310 Gobler.
1321 4265 1344 4307 ιι

115 4317 186 4370 urai.
225 4323 324 4374 Gobler.
349 4334 372 4374 et
395 4323 501 4374 Felclrm.
524 4326 544 4374 i.
562 4315 705 4372 ἔνιινιιαί
756 4323 908 4374 Feiclrmanni
930 4326 951 4376 1.
987 4329 1015 4376 tt
1039 4326 1080 4376 aiii
1104 4335 1128 4376 ιι
1151 4327 1207 4376 editi
1232 4327 1345 4375 omittunt

115 4381 150 4438 oi
187 4391 266 4442 Ceteri
285 4400 308 4440 et
326 4393 383 4440 editi
402 4383 468 4440 ὅθεν
484 4384 530 4438 ael
548 4382 583 4438 ol.
755 4384 854 4440 nane.
891 4391 942 4442 linx
966 4387 1049 4441 neto
1072 4393 1141 4445 abeat
1165 4409 1178 4442 a
1203 4393 1301 4444 Gobler.
1320 4399 1345 4442 et

150 4456 168 4505 i.
192 4455 247 4518 iteg.
269 4457 292 4506 ¹.
309 4464 334 4506 et
350 4457 450 4520 Seguer.
468 4449 632 4524 ἱντιγόνιες.
659 4457 705 4508 trit
756 4457 862 4508 rusam.
882 4457 905 4509 l.
998 4498 1001 4504 .
1336 4489 1342 4504 .
