3212 5060
512 249 680 296 onmem.
695 247 958 293 nonretffltnes.
1262 241 1321 302 etr

106 424 215 488 nempe
236 405 373 470 Selmtnr
393 403 472 483 ipen:
496 401 581 466 seu
602 399 696 464 Peter
717 378 915 463 utereturi
935 403 969 462 in
990 405 1157 482 εεοιεοὲυοο,
1181 409 1223 466 eie
1246 407 1409 470 deditum.

106 521 138 572 et
165 509 242 574 rebe
270 510 362 570 ettam
391 505 754 582 temereternere.
795 499 870 562 Nem
892 499 1050 564 enmdiu't
1079 503 1174 576 dedit,
1204 523 1238 566 ee
1264 525 1329 574 unu,

106 629 178 674 eeee
198 611 316 674 Putrem
343 606 486 679 declarat,
518 601 660 684 particule
691 611 789 684 eutem
816 597 859 665 eie
884 601 993 676 utitur,
1022 610 1056 666 ut
1077 602 1238 666 naturalem
1260 589 1326 670 Fiiii

107 731 175 776 eum
196 711 283 776 Patre
305 707 526 774 similitudinem
549 713 579 768 et
598 706 809 791 proprietatem
832 703 985 784 significet.
1029 703 1060 765 Si
1083 703 1172 784 igitur
1192 707 1249 768 fuit
1269 708 1325 770 eii·

106 813 226 895 quande
248 831 314 876 urm
335 811 423 874 Peter
443 827 504 873 non
532 807 656 870 baberet
671 822 732 880 ἐο,
761 824 836 886 quae
857 805 962 877 hebet,
989 805 1101 868 nulium
1124 804 1247 870 dubium
1268 817 1325 883 est,
1406 855 1411 862 .

106 904 180 997 quiri
212 913 301 978 εῑίοοι
331 910 419 976 tuerit
450 907 607 990 aliquando
639 907 731 970 Filius
759 925 824 970 cnm
854 905 903 968 itte
929 925 990 968 non
1017 905 1148 974 heberet.
1190 907 1265 972 Nem
1292 918 1327 974 nt

104 1019 195 1080 Peter
215 1015 314 1090 hebet,
336 1013 375 1076 ite
394 1021 427 1088 et
447 1010 549 1074 Filius.
592 1009 699 1072 Verum
721 1009 747 1072 si
768 1009 799 1071 id
820 1009 945 1088 impium
965 1007 1045 1070 dictu
1066 1017 1122 1082 eet,
1144 1010 1325 1073 enontrerie

106 1127 205 1182 entem
226 1117 308 1198 pium
330 1125 376 1178 est
395 1115 550 1187 affirmare,
571 1131 691 1194 semper
710 1112 827 1173 Patrem
849 1111 999 1184 babuisse,
1022 1129 1059 1171 en
1080 1129 1140 1172 nen
1162 1112 1325 1192 pembeur-

107 1220 177 1284 dum
199 1227 261 1292 eet,
289 1217 363 1280 Filio
392 1223 596 1289 asseverante,
624 1213 870 1294 qumtuotum
889 1211 977 1275 Peter
996 1211 1087 1274 bubet
1107 1211 1148 1274 itn
1168 1223 1200 1276 et
1219 1214 1326 1277 Filium

105 1323 227 1393 bebere,
250 1320 316 1384 ilios
338 1317 531 1384 nibilominus
554 1316 741 1389 contendere,
763 1333 824 1376 uon
845 1315 885 1376 ite
899 1315 952 1376 sed
967 1313 1052 1394 aliter
1065 1313 1199 1378 heberei
1221 1315 1326 1396 Utique

105 1422 237 1488 Verbum
259 1420 353 1500 megin
373 1419 431 1482 ute
453 1419 572 1498 dignum
601 1427 664 1492 est,
697 1416 878 1498 proindeque
906 1415 1020 1490 omnin,
1048 1435 1123 1496 quee
1145 1436 1179 1479 se
1200 1437 1217 1480 a
1237 1415 1326 1480 Putre

107 1524 259 1602 ennepiese
282 1529 415 1594 tentetur,
437 1537 471 1582 ee
494 1537 613 1600 semper
634 1518 748 1581 bebene
770 1536 787 1580 ο
808 1517 896 1580 Patre
916 1517 1013 1580 behet.
1057 1517 1152 1580 Porro
1167 1517 1256 1582 Peter
1276 1519 1325 1582 itta

107 1645 124 1690 ε
147 1626 265 1690 nemine
287 1622 384 1694 babet,
407 1621 460 1683 sed
481 1619 572 1684 Fiiiue
595 1609 721 1682 hebete
743 1620 839 1682 Putre.
871 1619 945 1680 Nem
960 1627 993 1680 ut
1006 1617 1174 1700 splendoris
1190 1621 1324 1702 exemplo

105 1735 182 1800 uter,
205 1725 231 1788 ei
253 1725 317 1804 ipse
338 1721 479 1803 splendor
499 1721 748 1802 ite'leqneretnr:
772 1723 899 1785 Omnem
919 1721 1016 1783 lenum
1037 1721 1109 1783 mibi
1131 1721 1181 1784 iux
1202 1724 1238 1786 eti
1255 1723 1325 1786 iiiu-

103 1827 276 1892 minnndum
299 1825 388 1900 dedit,
411 1839 508 1905 neque
530 1843 566 1887 ex
587 1843 636 1886 me
653 1825 722 1904 ipse
744 1824 889 1898 illumino,
912 1824 965 1886 sed
988 1831 1021 1886 ut
1041 1823 1099 1886 inni
1120 1825 1232 1904 pienet3
1253 1844 1326 1888 eene

103 1929 187 1994 hisee
216 1925 314 2004 verbis
336 1945 397 1988 nen
419 1925 563 1988 indiceret
583 1907 620 1988 ee⁴
639 1925 793 2005 aliquande
816 1924 1057 1998 nephetuim,
1085 1925 1137 1987 sed
1165 1928 1267 2008 petius
1290 1947 1407 1994 eurem.

104 2037 188 2096 estet
215 2029 374 2093 sententie:
406 2027 469 2107 ligo
495 2027 569 2092 lucis
598 2047 664 2091 enm
692 2027 848 2107 proprius,
878 2029 1000 2108 eiusque
1027 2027 1126 2088 emnie
1156 2047 1221 2090 mee
1243 2039 1323 2092 sunt.

105 2130 187 2194 idem
209 2129 343 2192 similiter
365 2137 395 2192 et
415 2129 508 2192 multo
530 2129 623 2206 megin
638 2128 675 2188 de
689 2127 763 2190 Filio
787 2128 1005 2206 intelligendum
1028 2136 1083 2188 est
1118 2128 1222 2190 Omnie
1246 2130 1339 2192 euim.

102 2231 192 2294 Peter
211 2231 284 2294 titio
314 2229 412 2302 dedit,
444 2238 474 2292 et
501 2246 607 2289 rursus
630 2227 708 2288 idem
728 2227 816 2288 Peter
838 2227 935 2288 emnia
957 2226 988 2288 in
1010 2225 1083 2287 Filio
1106 2227 1203 2290 babet.
1247 2229 1322 2292 Fiire

103 2333 175 2396 item
207 2331 333 2394 habente
367 2329 471 2390 eedem
504 2345 621 2407 qunque
653 2327 741 2388 Peter
770 2327 870 2388 babet.
915 2326 1075 2406 Siquidem·
1093 2327 1158 2388 Filii
1185 2328 1322 2391 divinitas

102 2433 201 2496 Petris
229 2439 275 2494 est
303 2429 458 2503 divinitas,
487 2437 575 2508 atque
603 2429 643 2490 ite
669 2427 757 2490 Peter
784 2429 815 2489 in
841 2426 915 2490 Filio
938 2447 987 2489 ree
1011 2445 1116 2490 omnes
1137 2429 1322 2510 providentie

106 2533 181 2614 gerit
203 2539 234 2596 et
254 2529 449 2594 administret.

191 2637 242 2700 37.
286 2633 365 2696 Heec
392 2629 555 2712 igiturest
583 2631 699 2694 iliorum
727 2631 884 2694 verborum
908 2631 1063 2694 sententie.
1108 2633 1191 2708 Quae
1211 2635 1323 2714 pariter

105 2735 142 2800 de
162 2737 312 2800 Selmtore
334 2736 461 2798 bumeun
486 2753 569 2798 more
590 2735 737 2807 dicuntur,
760 2753 862 2801 eorum
878 2753 996 2816 qnoque
1010 2734 1058 2815 pia
1074 2745 1121 2798 est
1135 2736 1321 2816 eignibentio.

103 2837 216 2900 idcireo
238 2839 316 2901 enim
337 2838 387 2900 itta
408 2837 490 2916 prius
513 2837 679 2898 examinare
700 2837 796 2899 risum
819 2845 878 2910 eet,
907 2846 940 2899 ut
960 2837 986 2898 ei
1008 2835 1167 2898 Dominum
1188 2837 1320 2912 interre-

107 2943 221 3014 ganum
243 2925 440 3010 audierimus,
463 2937 512 2998 ubi
534 2937 661 3002 Lazarus
683 2937 789 3006 ieneat,
813 2945 943 3010 etcum,
966 2935 1017 2998 ubi
1039 2937 1074 2998 in'
1091 2947 1189 3016 pertes
1212 2938 1320 3001 Caese-

109 3036 292 3108 maerebit,
320 3045 543 3115 percunctetur:
579 3038 673 3110 Quem
694 3057 739 3100 me
761 3038 892 3100 beminen
915 3057 978 3100 οεεε
1006 3037 1133 3101 dieunt?
1160 3049 1204 3100 et:
1240 3039 1321 3114 Quot

106 3153 197 3215 penes
221 3133 359 3202 iaietiei'
381 3143 425 3200 et:
458 3135 539 3224 Quini
559 3137 652 3200 neritis
674 3149 709 3200 ut
729 3140 841 3218 [eciem
862 3135 970 3202 nobie?
992 3157 1027 3198 er
1048 3137 1106 3212 bie,
1128 3155 1203 3218 quen
1225 3139 1319 3218 expli·

108 3235 251 3314 cavimus„
268 3236 322 3300 ise
345 3238 431 3300 etiem
444 3245 524 3300 reete
545 3238 696 3319 pessimus
711 3237 884 3317 intelligere,
907 3237 1084 3320 minimeque
1100 3249 1133 3304 nt
1146 3239 1199 3302 liei
1215 3239 1319 3303 beetee

105 3335 202 3400 Ariani
224 3339 392 3402 eeendelum
413 3339 569 3419 patiemur.
613 3341 713 3422 itaque
734 3341 862 3422 primum
882 3341 918 3402 eb
939 3341 1028 3421 impie
1050 3341 1245 3404 sentientibus
1267 3361 1318 3403 re-

73 3439 76 3456 '
108 3438 278 3517 quirendum
307 3451 368 3514 est,
398 3441 544 3504 undenam
572 3461 639 3506 eum
666 3443 803 3524 igriorem
825 3442 1014 3505 arbitrentur.
1056 3443 1118 3507 Nee
1139 3444 1216 3506 enim
1238 3463 1316 3518 eum,

136 3742 156 3776 e.
175 3721 220 3774 καὶ
236 3723 318 3776 πλέον
335 3728 402 3778 deest
420 3729 443 3777 iu
462 3729 532 3779 iieeii.
559 3730 610 3781 Mox
628 3731 685 3794 Reg.
768 3733 784 3781 i.
809 3733 849 3782 Sic
866 3741 965 3796 οιειηοο
984 3733 1040 3794 iteg.
1056 3740 1080 3782 et
1097 3733 1196 3795 Seguer.
1232 3734 1316 3785 erco-

107 3793 127 3843 1.
144 3787 424 3866 testamentariae
441 3791 562 3847 utrem.
599 3799 644 3850 titi
661 3807 685 3850 et
734 3799 835 3849 bieriun.
855 3808 878 3848 et
896 3800 998 3856 Fetetm.
1019 3801 1041 3849 l.
1059 3793 1216 3880 ἐρωτῶντος
1232 3793 1317 3850 αὐτοῦ

108 3863 159 3913 editi
175 3855 267 3912 urim
285 3855 415 3916 δεδωοώε.
734 3865 787 3916 ποῦ
795 3860 919 3930 Λάζαρος
929 3866 1024 3923 κεῖται,
1042 3881 1087 3916 και
1099 3865 1316 3934 πυνθανομένου.

138 3932 152 3980 t.
175 3933 218 3984 Sic
240 3932 328 3991 uentus
347 3931 368 3982 1.
386 3939 411 3981 et
428 3929 526 3994 sepner,
544 3933 641 3984 Gebier.
660 3942 683 3983 et
732 3933 778 3984 Alii
796 3943 819 3984 et
836 3935 893 3984 editi
909 3928 955 3981 arai
971 3933 1179 4002 πυνθανομένου
1198 3927 1266 3985 ὅταν
1279 3929 1318 3991 eir

108 3997 239 4050 ieiumi
273 4001 343 4050 trin
361 3999 465 4050 editione
483 4000 599 4050 tlemmet.
618 4002 681 4051 etin
732 3995 767 4050 τὰ
783 3996 1108 4070 μίρηΚαεοαρείυεέλθῃ.
1144 4005 1317 4056 imbutores

107 4065 239 4142 ieiumi.
257 4068 344 4119 denunt
361 4069 430 4118 rerba
448 4061 492 4114 rui
510 4065 558 4115 reri
573 4060 635 4116 υἱοῦ
652 4061 683 4119 δὲ
731 4069 788 4132 fleg.
806 4072 905 4132 Segner.
924 4071 1013 4132 ingiie.
1026 4080 1049 4122 et
1058 4071 1129 4121 tinnit.
1146 4067 1209 4120 rba
1224 4017 1306 4137 psit

106 4145 220 4204 εχοποε,
239 4126 320 4184 πάλιν
337 4127 352 4184 ὃ
369 4127 460 4199 πατὴρ
478 4125 548 4184 uniri
564 4127 628 4202 ἔχει.
732 4138 838 4201 νουσιν.
875 4137 971 4189 anier.
991 4148 1014 4188 et
1030 4139 1135 4189 Fetntm.
1150 4141 1172 4188 1.
1190 4135 1253 4188 τίνα
1270 4132 1317 4189 οὐ·

136 4203 319 4264 prolatent.
342 4196 418 4272 νεαρὰ
440 4201 490 4251 τοῦ
512 4211 557 4254 ete.
592 4203 682 4254 ibidem
733 4199 783 4252 τὸν
804 4200 832 4253 u
851 4215 935 4254 ουοον.
970 4206 1048 4257 Ceteri
1066 4215 1090 4256 et
1107 4208 1178 4258 editio
1197 4207 1315 4258 comme.

106 4272 148 4316 καί
162 4272 230 4321 abest
247 4287 260 4320 e
279 4271 375 4322 Gobier.
393 4281 416 4321 et
433 4271 538 4323 Feicim.
559 4272 580 4322 i.
733 4274 794 4322 τίνα
836 4283 942 4336 γουοιν.
1127 4319 1132 4334 ,

137 4332 221 4388 texat
242 4339 310 4390 teet
331 4340 355 4390 in
379 4340 476 4392 Gobier.
495 4347 518 4390 et
535 4340 638 4392 Feteitn.
658 4341 681 4390 1.
766 4342 787 4390 i.
806 4341 845 4391 Sic
856 4341 912 4404 λος.
923 4341 944 4391 i.
958 4342 1057 4406 Sepeer.
1068 4341 1165 4394 Gebier.
1175 4349 1198 4392 et
1209 4337 1313 4388 retum.

109 4403 162 4454 thid.
179 4407 235 4468 neg.
249 4406 272 4456 1.
290 4415 314 4459 et
330 4407 428 4468 segue.
452 4401 680 4474 ποοοξοτοὶσαμεν.
733 4408 754 4458 i.
787 4409 817 4458 in
840 4409 894 4459 eiiis
920 4417 998 4462 entem
1023 4419 1047 4461 et
1069 4409 1173 4459 editione
1197 4401 1313 4456 Cemmel.

110 4469 180 4523 Ceteri
196 4482 221 4524 et
238 4475 294 4526 editi
310 4469 539 4542 aperientium.
731 4461 780 4525 οὖν
800 4476 874 4528 denen
