3176 5058
210 373 212 380 ,
250 305 309 366 114
647 313 672 356 ε.
688 311 840 361 taimen
855 309 1076 356 ειοαιτνιεουει

160 469 302 555 εαυτῆς
329 465 363 533 ἐν
384 464 523 548 Χριστῷ
551 466 697 539 πίστεως
724 459 783 546 τήν
811 455 916 546 ὀρθήν
937 481 1001 544 μου
1023 455 1194 545 φρόνησιν.
1239 455 1307 525 ἔδει
1328 457 1387 542 μὲν
1410 446 1468 525 οῦν

244 566 299 636 καὶ
321 565 399 644 τοὺς
416 559 616 650 Ἀρειανοός,
640 561 735 646 είπερ
758 555 844 643 εἶχον
865 555 1054 646 ὑγιαίνοντα
1075 558 1133 624 τὸν
1148 559 1234 637 νοῦν,
1257 561 1397 626 τοιαῦτα
1411 560 1470 626 λο-

244 668 400 754 γίζεσθαι
420 667 474 732 καὶ
497 667 631 751 φρονεῖν
653 664 729 747 περὶ
745 663 804 728 τοῦ
820 660 1026 730 ἐπισκόπου
1049 657 1161 726 πάντα
1174 659 1238 744 γαρ
1254 657 1383 728 ἐνώπια
1395 671 1469 740 τοῖς

246 770 416 836 συνιοῦσίν
437 765 510 834 ἐστι
530 767 583 832 καὶ
607 757 696 850 ὀρθὰ
716 773 789 842 τοίς
810 758 997 850 εὑρίσκουσι
1017 762 1179 846 γνώσινῑγ.
1225 759 1341 847 ἐπειδὴ
1364 761 1401 828 δὲ
1422 762 1467 850 μή

194 903 199 912 ’
246 867 413 953 μαθόντες
440 867 514 952 Ιτήν
542 872 657 934 πίστιν
684 868 744 952 τής
770 865 950 950 καθολικής
982 857 1153 948 ἐκκλησίας
1180 860 1398 930 πεπτώκασιν
1420 863 1469 943 είς

161 964 410 1056 ε.ιιε.ἀσίβειαν,
433 966 489 1036 καὶ
509 967 629 1035 λοιπὸν
650 965 709 1034 τόν
731 967 807 1032 νοῦν
829 969 1068 1051 πεπηρωμένοι
1083 962 1272 1046 νομίζουσιν
1285 957 1373 1032 οίναι
1393 968 1466 1032 1’καί

246 1069 289 1137 τόι
311 1065 398 1156 όρθὰ
420 1068 569 1156 στρεβλοῖ,
592 1071 645 1135 καὶ
670 1069 801 1153 λέγουσι
822 1066 862 1134 τό
883 1067 944 1151 μὲν
967 1063 1040 1152 φώς
1063 1062 1188 1142 σκότος,
1213 1063 1268 1129 ετὸ
1293 1066 1328 1132 δὲ
1350 1065 1467 1146 σκότος

245 1171 432 1256 νομίζουσιν
454 1164 540 1237 εἶναι
561 1173 643 1258 φώς,
667 1163 844 1256 ἀναγκαῖον
865 1170 919 1234 καὶ
941 1165 983 1232 τόν
1005 1165 1040 1232 ἐκ
1061 1168 1127 1230 τών
1143 1162 1258 1249 ἀλλων
1281 1164 1467 1235 ἐπιστολῶν

243 1277 303 1339 τοῦ
330 1277 509 1340 Διονυσίου
538 1276 763 1357 παραθέσθαι
790 1272 844 1337 καὶ
870 1268 911 1335 τὸ
939 1268 1048 1334 αίτιον
1077 1261 1184 1332 αὐτῶν
1213 1265 1300 1352 πρὸς
1327 1271 1467 1338 πλείονα

242 1373 447 1460 κατάγνωσιν
478 1377 544 1440 τών
577 1373 756 1459 αίρετικών.
803 1371 838 1451 ἐξ
870 1366 978 1438 αότών
1006 1368 1066 1455 γὰρ
1095 1366 1151 1434 καί
1178 1362 1273 1454 ἡμεῖς
1300 1369 1467 1453 μαθόντες

243 1471 330 1541 σῦτιο
353 1477 429 1561 περί
452 1478 510 1543 τοῦ
534 1469 653 1561 ἀνδρὸς
676 1475 860 1562 φρονοῦμεν
882 1473 936 1538 καὶ
958 1469 1137 1557 γράφομεν.

331 1583 377 1643 13.
424 1572 482 1642 “H
513 1577 549 1642 δὲ
577 1575 764 1663 πρόφασις,
799 1569 839 1640 δι’
863 1571 903 1661 ἣν
926 1571 1051 1657 ἐγραψε
1071 1571 1131 1649 τὰς
1153 1567 1256 1649 ἀλλος
1278 1571 1464 1654 ἐπιστολάς,

242 1678 350 1744 ’ἐστιν
384 1673 475 1764 αῦτη.
519 1682 700 1744 Διονυσίου
728 1678 786 1741 τοῦ
819 1672 1005 1742 ἐπισκόπου
1033 1671 1205 1756 μαθόντος
1232 1675 1308 1758 περὶ
1337 1677 1404 1740 τών
1432 1675 1465 1744 ἐν

243 1776 457 1844 Πενταπόλει
483 1779 536 1844 καί
566 1777 650 1864 ζήλῳ
672 1781 730 1866 τῆς
753 1771 919 1862 εὐσεβείας
941 1773 1146 1861 γράψαντος,
1176 1770 1268 1840 καθὰ
1289 1786 1465 1859 προεῖπον,

243 1877 328 1943 κατὰ
347 1881 406 1964 τής
428 1878 585 1963 αίρέσεως
600 1879 781 1963 Σαβελλίου
803 1877 860 1962 τήν
883 1875 968 1962 πρὸς
983 1870 1183 1962 Εὐφράνορα
1204 1875 1257 1942 καί
1278 1869 1466 1960 Ἀμμώνιον

244 1976 433 2066 ἐπιστολήν,
456 1981 544 2059 τινές
564 1983 630 2046 τών
653 1974 722 2046 ἀπὸ
743 1982 802 2068 τής
817 1977 987 2066 ἐκκλησίας
1008 1971 1179 2064 ίάόελφών
1195 1979 1393 2063 φρονοῦντες
1406 1981 1465 2064 μὲν

245 2072 372 2166 ὀρθῶς,
405 2079 450 2166 μή
479 2080 700 2167 ἐρωτήσαντες
722 2082 759 2149 δὲ
780 2075 895 2161 αὐτόν,
929 2079 985 2146 ίνα
1006 2074 1084 2164 παρ’
1109 2071 1210 2144 αάτοῦ
1231 2075 1466 2162 μόθωσιπιῦς

244 2179 396 2267 ἔγραψεν,
420 2176 567 2268 ἀνῆλθον
590 2183 636 2262 είς
657 2182 716 2270 τήν
735 2178 855 2270 Ῥώμην
876 2182 929 2248 καί
952 2179 1180 2268 κατειρήκασιν
1195 2173 1296 2244 αὐτοῦ
1312 2181 1406 2266 παρὰ
1419 2185 1465 2269 τηῖ

244 2276 407 2370 ὁμωνύμῳ
430 2279 531 2352 αὐτοῦ
553 2289 722 2372 Διονυσίῳ
745 2286 791 2362 τώ
815 2281 989 2368 ἐπισκόπῳ
1009 2278 1138 2368 Ῥώμης.
1157 2273 1309 2368 ’κάκεῖνος
1324 2276 1465 2363 ἀκούσας

243 2383 386 2472 ἐγραφεν
418 2381 502 2470 όμοῦ
530 2385 614 2453 κατά
635 2412 671 2454 τε
692 2388 759 2452 τιῦν
779 2383 823 2451 τά
844 2384 1026 2470 Σαβελλίου
1049 2380 1267 2462 όοξαζόντων,
1301 2387 1356 2452 καί
1384 2385 1464 2453 κατὰ

241 2487 308 2550 τιῦν
331 2485 542 2572 φρονούντων
563 2491 676 2566 ταῦτα,
700 2483 787 2571 ἅπερ
810 2488 863 2552 καί
881 2481 1014 2571 Ἀρειος
1035 2485 1136 2568 λέγων
1159 2479 1319 2572 ἐξεβλήθη
1342 2488 1400 2574 τῆς
1415 2486 1464 2554 ἐκ·

241 2584 387 2669 πλησίας,
411 2586 485 2673 ίσην
507 2585 667 2654 καὶκατὰ
688 2585 864 2672 διάμετρον
886 2580 1039 2671 ἀσέβειαν
1062 2579 1147 2650 εἶναι
1161 2584 1262 2668 λίγιον
1277 2585 1334 2671 τήν
1348 2612 1385 2653 τε
1398 2594 1465 2654 Σα-

242 2683 375 2769 βελλίσυ
403 2688 457 2751 καί
484 2685 543 2773 τήν
570 2689 637 2752 τών
663 2685 823 2773 λεγόντων
852 2693 972 2770 κτίσμα
1001 2689 1053 2753 καί
1085 2681 1215 2772 ποίημα
1236 2689 1306 2752 ικαί
1327 2689 1463 2773 γενητόν

246 2778 332 2851 εἶναι
358 2784 416 2853 τόν
443 2789 503 2854 τοῦ
530 2790 615 2855 θεοῦ
637 2787 742 2874 λόγον.
787 2788 957 2856 ἐπέστειλε
992 2787 1028 2854 δὲ
1049 2789 1102 2854 ναί
1124 2791 1291 2872 Διονυσίῳ
1312 2787 1463 2874 δηλῶσαι

244 2884 324 2971 περί
350 2875 395 2953 ὦν
425 2887 571 2977 εἰρήκασι
594 2884 661 2958 κατ’
686 2884 796 2958 αάτοῦ.
841 2891 895 2956 καί
918 2883 1121 2975 ἀντέγραφεν
1144 2885 1244 2968 εὐθὺς
1265 2882 1378 2968 αὐτός,
1408 2894 1462 2958 καὶ

243 2983 413 3075 ἀντέγραψε
433 2990 476 3058 τὰ
495 2992 610 3077 βιβλία
631 2992 760 3078 ἐλέγχου
782 2995 835 3059 καί
859 2987 1063 3075 ἀπολογίας.Υ
1089 2989 1236 3058 ἐνταῦθα
1257 2989 1296 3054 τό
1316 2990 1462 3078 μυσαρὸν

242 3087 454 3178 ἐργαστήριον
475 3095 541 3160 τών
564 3093 810 3179 ΙΙγριοτομόχιον
831 3089 1061 3184 κατανόειὶκαί
1082 3095 1156 3170 πώς
1178 3087 1271 3158 αὐτοὶ
1294 3086 1370 3158 καθ’
1388 3092 1462 3160 ἐαυ-

240 3194 306 3258 τιῦν
327 3191 385 3280 τήν
408 3194 562 3282 αίσχύνην
584 3195 750 3282 ἐκίνησαν·
773 3199 954 3261 Διονυσίου
976 3191 1037 3279 γὰρ
1058 3196 1117 3259 τοῦ
1140 3189 1326 3260 ἐπισκόπου
1345 3188 1462 3282 Ῥώμης

239 3291 431 3377 γράψαντος
463 3299 516 3362 καὶ
548 3295 632 3361 κατὰ
659 3297 725 3360 τών
754 3292 914 3379 λεγόντιον
941 3301 1062 3379 κτίσμα
1082 3292 1138 3361 καί
1160 3299 1290 3381 ποίημα
1311 3293 1369 3363 τὸν
1391 3295 1462 3362 υίὸν

241 3395 300 3456 τοῦ
329 3397 429 3472 θεοῦ,
460 3395 624 3460 δείκνυται
652 3390 695 3478 μή
709 3395 776 3460 Ινῦν
797 3397 931 3479 πρώτον
954 3389 1023 3462 ἀλλ’
1049 3395 1191 3462 ἔκπαλαι
1212 3394 1306 3480 παρὰ
1327 3395 1461 3464 πόντων

242 3485 556 3574 ἀναθεματισθείσα
577 3496 643 3560 τῶν
666 3490 1101 3581 1’χριστομόγιονἈρειανών
1123 3492 1141 3582 ή
1165 3497 1300 3582 αἵρεσις.
1346 3497 1462 3566 ἔπειτα

241 3588 422 3662 Διονυσίου
450 3596 509 3657 τοῦ
539 3593 725 3660 ἐπισκόπου
748 3599 805 3684 τῆς
824 3591 1073 3684 Ἀλεξανδρείας
1095 3592 1362 3683 ἀπολογουμένου
1384 3604 1461 3686 περὶ

242 3679 281 3783 ἦς
303 3691 445 3778 ἔγραφεν
467 3693 661 3783 ἐπιστολῆς,
692 3703 845 3784 φαίνεται
867 3701 920 3765 καί
944 3695 1043 3778 αὐτὸς
1062 3697 1145 3785 μήτε
1167 3693 1272 3776 οῦτιος
1294 3699 1461 3789 φρονήσας

242 3787 287 3870 ώς
309 3788 422 3859 ΙΙαάτοί
446 3795 585 3880 λέγουσι,
608 3797 690 3884 μήτε
713 3793 797 3878 ὅλως
818 3798 876 3887 τήν
895 3796 1027 3886 Ἀρείου
1050 3799 1249 3942 κακοδοξίαρ
1267 3798 1417 3886 ἐσχηκώς.

312 3983 335 4042 ί)
353 3983 419 4032 Ρεοτ.
439 3983 462 4046 θ,
481 3985 504 4035 θ.

274 4131 294 4164 ι.
313 4108 365 4174 τήν
381 4116 449 4170 deest
467 4121 489 4168 in
509 4120 564 4183 neg.
583 4130 606 4172 ιι
624 4124 648 4172 in
667 4123 737 4173 είίιὶε
756 4123 821 4174 desi·
907 4124 930 4174 d.
950 4123 1014 4174 Ηιευ
1031 4125 1117 4174 verim:
1135 4117 1150 4182 ἡ
1170 4119 1198 4172 δὲ
1216 4117 1360 4190 πρόφασιν
1377 4115 1411 4172 δι’
1429 4113 1462 4183 ἢν
1573 4125 1574 4140 ³

239 4183 346 4244 ίεετιοε,
364 4185 465 4237 hibetur
483 4197 561 4238 ινιειο
581 4190 603 4239 in
623 4191 721 4240 Τιοείο.
740 4191 787 4240 ίεε.
799 4199 822 4240 ιι
873 4183 1290 4258 ἔγραψιτὰεάλλαςίυιοτολάς.
1309 4183 1460 4249 ἔστιναῦτη

240 4251 279 4299 Fr.
297 4251 313 4300 Ι.
353 4313 361 4330 ,
874 4259 903 4308 εί
924 4258 1022 4308 modum
1041 4259 1102 4310 tiluii
1121 4259 1199 4310 ίνυεοῑ
1217 4261 1241 4310 in
1259 4261 1373 4310 omnibns
1391 4259 1461 4310 edilis
1572 4303 1573 4314 ,

273 4319 296 4368 h.
314 4330 359 4366 τοι
376 4329 431 4371 nnio
456 4315 490 4370 τό
507 4323 574 4373 σοιτί
593 4325 617 4373 in
636 4324 733 4374 Taurin.
753 4325 821 4375 Goib.
874 4333 898 4374 et
916 4326 1095 4389 manuscriptis,
1115 4328 1183 4391 quisi
1203 4342 1264 4390 quie
1280 4328 1462 4390 subsequuntur

239 4384 822 4452 ίιε.8ιάίοςίιοιίουοτοίίιοιιόίιίεειἰοθες.
875 4393 948 4442 alium
980 4395 1155 4446 constituerent
1183 4402 1320 4444 tractatum.
1362 4395 1461 4442 Τκοείο.

272 4467 293 4502 ι.
312 4453 409 4505 Τεκνία.
427 4456 557 4506 ῦοΙΙεΛοε.
577 4457 644 4505 Ful.
663 4451 695 4506 τὸ
713 4451 744 4506 δὲ
762 4457 822 4506 σκό-
874 4473 929 4510 vero
955 4460 991 4510 sic
1014 4461 1043 4510 ad
1068 4463 1199 4523 marginem
1225 4461 1310 4511 hibet:
1341 4452 1463 4524 λόγοσβ

237 4529 285 4573 τοε
301 4519 363 4586 φώς
381 4523 480 4574 omissis
499 4523 655 4574 intermediis.
873 4524 923 4576 τοῦ
940 4519 1061 4592 μεγάλου
1081 4519 1254 4578 Ἅθανασίου.
1289 4529 1367 4591 Maeni
1391 4529 1462 4578 λώιο-
