3214 5048
567 267 675 314 oetrro
690 269 724 312 rr.
740 269 857 314 coarat
869 267 1007 314 menos.
1331 263 1394 326 407

166 437 199 490 et
218 426 437 506 sumserat
458 439 518 492 ree,
548 417 598 500 qui
620 418 699 482 idem
722 417 832 500 ubique
853 419 890 482 de
911 418 1004 498 rebus
1025 420 1135 482 creatis
1155 419 1283 501 loquens
1303 425 1483 492 verbenam.
1537 481 1541 492 .

164 529 242 607 [ecit
269 525 378 597 utitur,
405 540 469 584 non
497 527 596 582 autem
624 519 674 582 ubi
697 521 734 584 de
753 519 829 582 Fiiiu
852 507 893 583 uti
918 529 965 584 est
986 541 1098 584 sermo.
1140 521 1202 584 Nec
1223 525 1301 588 eninr
1324 527 1397 592 dirit

166 629 245 708 saci,
274 625 329 688 sed
355 627 447 704 pessi
476 630 505 684 et
525 625 619 702 capuit
640 641 686 684 me
707 629 738 684 et
759 626 908 686 cructavit
930 642 1101 688 cormeum
1126 623 1253 690 Verium
1274 627 1394 692 donem.

167 727 264 810 Iptur
285 727 322 788 de
343 724 436 788 rebus
459 723 566 786 creatis
594 721 715 786 dicitur:
753 723 792 786 Ira
819 727 974 806 pn'om'pr'e
1003 727 1093 805 fecit,
1123 727 1162 792 de
1182 727 1257 792 Filio
1279 739 1394 794 autem:

168 829 209 892 io
228 830 383 908 principio
401 835 472 888 eret
497 823 631 888 Ventum.
665 824 699 886 id
719 841 812 903 porro
835 833 881 886 est
903 825 1096 902 discriminis,
1116 830 1196 908 quod
1213 849 1264 894 res
1279 841 1396 896 creatae

169 929 227 992 sui)
253 926 401 1008 principio
434 933 507 990 suot
534 926 628 988 tectae
658 925 830 1004 habentque
863 925 1011 990 existendi
1042 928 1218 1008 principium
1251 934 1395 1014 temporis

169 1029 341 1094 dcundum
363 1028 538 1100 immitis,
560 1028 599 1090 ita
621 1035 654 1090 ut
675 1027 749 1090 haec
768 1025 858 1090 verba
879 1031 913 1090 ta
932 1032 1088 1110 priuc'pio
1102 1029 1175 1108 feeit
1189 1030 1396 1100 idemrateent

170 1150 206 1194 ec
227 1130 254 1192 ri
275 1129 424 1192 diceretur
445 1149 464 1192 c
483 1133 636 1210 principio
658 1130 747 1208 feeit,
781 1129 1027 1208 quemadmodum
1049 1129 1211 1204 Dominus.
1245 1135 1295 1212 qui
1315 1137 1395 1216 quod

169 1233 282 1296 iecerat
303 1239 384 1294 recte
400 1230 467 1310 ipse
480 1238 615 1303 noverat,
638 1230 747 1304 docuit,
770 1248 835 1294 cum
850 1231 1028 1294 Pharisaeos
1043 1230 1092 1294 tris
1105 1233 1266 1296 confutavit
1280 1235 1395 1300 verbis:

170 1333 238 1407 Qui
254 1332 329 1395 titos
352 1334 543 1412 cprioc'pio
573 1334 704 1404 menori,
732 1332 900 1396 macutum
922 1343 949 1396 et
970 1333 1116 1412 [murone
1135 1334 1210 1412 fecit
1231 1352 1292 1396 eos.
1336 1336 1396 1400 Res

170 1433 250 1496 enim
272 1433 365 1496 factm
386 1431 423 1494 eb
445 1431 544 1510 aliquo
565 1431 723 1510 principio,
745 1449 813 1494 eum
835 1431 989 1512 aliqnando
1005 1449 1066 1494 nen
1081 1441 1194 1507 esrem,
1217 1443 1248 1496 et
1261 1435 1398 1500 conditae

171 1541 244 1595 suot
264 1541 295 1594 et
315 1541 445 1607 creatas,
475 1533 554 1612 quod
576 1533 641 1612 ipse
664 1532 796 1613 Spiritus
817 1541 937 1596 sanctus
959 1534 998 1596 ita
1020 1533 1051 1594 io
1072 1533 1200 1596 Psalmis
1223 1536 1397 1600 declaravit:

169 1633 210 1696 m
241 1645 275 1696 tu
308 1635 473 1696 reuredum
500 1637 667 1714 pmiocipia,
698 1635 845 1711 Domine,
879 1645 993 1697 terrem
1024 1637 1182 1715 sesdorti,
1215 1637 1395 1704 etiterum:

167 1735 287 1798 Memor
308 1745 371 1798 esto
393 1739 635 1816 ¹cootprepntiom'r
659 1744 738 1806 tune,
762 1753 850 1816 quem
867 1737 1036 1816 possedisti
1055 1754 1074 1798 n
1092 1741 1257 1819 puisu'pr'o.
1300 1740 1396 1804 Mani-

168 1839 277 1900 testum
299 1844 398 1898 autem
420 1845 476 1910 est,
498 1837 540 1910 id,
562 1834 643 1916 quod
664 1836 698 1898 fit
712 1837 877 1900 &modum
895 1839 1061 1918 princepis,
1082 1837 1260 1918 principium
1275 1840 1395 1916 hahere,

169 1955 205 2000 er
227 1957 286 2017 quo
315 1924 446 2010 creatur,
477 1945 506 1999 et
527 1936 619 2000 neum
650 1937 911 2016 congregationem
934 1936 970 1998 ab
992 1937 1091 2018 aliquo
1112 1942 1289 2018 possedisse
1309 1943 1395 2022 prin-

170 2038 258 2118 cipin.
301 2031 362 2102 iam
390 2037 470 2118 qnod
498 2039 572 2100 haec
598 2038 687 2101 rerba
715 2039 753 2102 io
773 2042 926 2119 principio
948 2039 1022 2117 [ecit
1044 2057 1081 2100 er
1103 2057 1156 2112 oo,
1186 2042 1267 2120 quod
1289 2043 1396 2108 dieitur

167 2140 251 2220 fecit,
275 2140 352 2202 idem
375 2140 437 2202 sint
458 2158 493 2201 ae
514 2144 610 2221 eoepit
630 2141 745 2219 sonere.
767 2139 833 2220 ipse
855 2140 943 2200 docet
959 2138 1087 2218 Moyses,
1110 2140 1158 2217 qui
1181 2149 1250 2218 post
1271 2141 1395 2204 ahsolu-

169 2249 228 2307 tum
247 2259 348 2302 rernm
371 2240 503 2301 omnium
525 2240 705 2301 creationem
733 2239 777 2301 sic
802 2229 953 2318 loquitur:
987 2234 1027 2300 m
1056 2240 1206 2303 teneamur
1232 2239 1316 2302 Deus
1339 2243 1398 2306 diet

168 2346 296 2421 septimo
325 2351 354 2402 at
381 2340 584 2419 sanctificavit
616 2339 719 2410 illum,
754 2343 823 2420 pute
853 2341 887 2398 to
915 2340 982 2416 ipro
1006 2349 1179 2400 cessaverat
1202 2338 1239 2401 ad
1262 2342 1397 2407 emordet

168 2441 411 2521 operimentis,
434 2457 509 2520 quoe
532 2443 628 2520 coepit
649 2438 732 2502 Deua
752 2440 865 2518 fecere.
909 2437 1011 2517 ltaque
1032 2455 1082 2500 res
1102 2445 1217 2500 creatae
1238 2439 1303 2502 tisri
1325 2459 1395 2502 coe-

168 2549 289 2622 perunt.
332 2541 370 2602 tt
390 2539 443 2602 liei
467 2539 593 2602 Verbum
616 2559 681 2603 urm
702 2538 897 2620 principium,
928 2557 962 2600 ex
986 2557 1045 2619 quo
1069 2538 1122 2614 sit,
1145 2538 1256 2602 nullum
1279 2540 1395 2612 habent,

167 2643 278 2712 merito
300 2661 356 2706 nec
377 2661 445 2704 esse
464 2660 522 2704 nec
544 2642 608 2706 tieri
631 2642 739 2724 coepit,
762 2643 815 2704 sed
837 2659 956 2722 semper
977 2641 1055 2702 tuit·
1085 2640 1183 2720 Opera
1205 2641 1294 2722 igitur
1309 2643 1394 2723 prio·

166 2745 290 2826 cipiurn,
313 2763 380 2806 cum
404 2745 486 2818 finnt,
509 2744 628 2818 habent,
651 2743 730 2824 quud
752 2744 872 2824 quidem
893 2742 1072 2823 principium
1093 2742 1193 2816 rebus,
1216 2761 1291 2822 quae
1313 2745 1395 2818 iiont,

167 2847 254 2926 prius
284 2855 347 2920 est;
379 2845 508 2908 Verbum
530 2853 628 2906 autem
651 2863 717 2906 cum
739 2863 800 2906 non
823 2844 864 2904 sit
884 2863 920 2905 ex
942 2862 1067 2906 numero
1090 2862 1191 2906 rerum
1214 2861 1290 2922 quae
1311 2843 1395 2920 fiunt,

167 2948 236 3026 ipse
253 2945 361 3024 potius
387 2963 488 3006 rernm
515 2944 694 3023 principium
721 2942 893 3006 habentium
921 2945 1043 3004 effector
1065 2951 1121 3004 est.
1164 2943 1277 3004 Deinde
1297 2943 1397 3020 ipsum

168 3063 242 3108 esse
257 3043 325 3104 sire
347 3050 451 3104 natura
474 3059 575 3104 rerum
598 3043 739 3104 tectarum
762 3041 792 3102 in
814 3059 850 3102 eu
879 3042 964 3120 ipso,
998 3041 1077 3118 quod
1103 3041 1194 3112 fiunt,
1223 3033 1345 3100 modum
1368 3051 1398 3102 et

167 3161 345 3234 mensuram
366 3137 478 3212 haben
495 3161 605 3222 easque
625 3142 705 3204 Deus
728 3141 764 3202 ab
786 3141 884 3220 aliquo
906 3140 1053 3222 principio
1074 3139 1279 3219 perverbum
1301 3139 1397 3200 tacere

169 3245 319 3326 incoepit,
351 3254 384 3307 ut
415 3261 522 3324 nempe
556 3252 638 3306 esset
668 3243 875 3324 perspicuum,
906 3243 973 3304 ilias
1004 3259 1065 3304 non
1100 3240 1194 3304 tuisse
1224 3239 1396 3320 priusquam

168 3349 285 3410 fierent.
328 3347 366 3408 tt
387 3346 515 3409 Verbum
535 3365 597 3408 non
618 3345 649 3408 in
671 3345 729 3408 aiio
752 3345 899 3426 principio
921 3343 1010 3407 hahet
1030 3350 1065 3405 ut
1085 3342 1140 3418 sit,
1169 3359 1255 3421 quam
1278 3339 1343 3402 roio
1365 3340 1396 3404 in

168 3449 274 3524 Patre,
309 3449 375 3527 qui,
407 3457 441 3512 ut
468 3447 509 3510 iiii
539 3449 625 3510 etiam
657 3447 862 3521 consentiunt,
890 3444 1029 3526 principii
1056 3454 1104 3506 est
1125 3461 1248 3524 expers,
1277 3451 1310 3506 ut
1328 3441 1395 3524 ipse

167 3569 289 3631 qumque
308 3549 402 3612 Filius
424 3551 488 3614 sine
509 3551 656 3631 principio
679 3550 787 3612 existat
807 3547 838 3610 in
857 3547 963 3622 Patre,
991 3566 1008 3610 a
1030 3565 1088 3626 quo
1111 3545 1227 3625 genitus
1248 3552 1310 3618 est,
1333 3563 1479 3614 nonrecm.

172 3661 269 3714 autem
292 3659 419 3712 oreatus.

205 3885 226 3922 a.
244 3862 315 3924 uout.
334 3878 358 3920 at
375 3868 479 3918 Falsum.
499 3868 521 3917 i.
538 3861 619 3916 πάλιν
637 3871 756 3920 omittunt
842 3871 856 3920 i.
881 3869 982 3929 sepner.
1007 3865 1103 3918 Gobter.
1129 3872 1153 3914 et
1175 3863 1279 3914 Fsietm.
1300 3863 1322 3913 1.
1341 3861 1398 3912 τῶν

171 3939 236 3988 raom
255 3937 358 3998 nouam,
381 3936 504 4014 incitos.
522 3944 545 3986 o
564 3937 666 3988 serua.
684 3937 708 3986 a.
727 3921 760 3996 io
809 3927 905 4004 ἀρχήν.
943 3935 1006 3984 saro
1024 3941 1049 3982 o
1067 3933 1108 3983 aas
1126 3929 1183 3980 τῶν
1199 3924 1250 3990 τὴν
1267 3921 1362 3998 ἀρχήν.

172 3999 334 4135 &mistio
359 4069 454 4122 Gobter.
479 4069 631 4118 Fetekmaooi
652 4068 674 4118 1.
693 4077 716 4118 et
733 4068 756 4117 5.
810 4035 865 4148 δὲ·
879 4031 1274 4163 ἷὲὲΙΙῗόᾶξύυθιῗῖΙίἓοὲᾞίΙ
1285 4033 1398 4146 {2⁸¹2ss

171 4132 412 4269 Ικῖσίὲἶΐεθω
448 4203 474 4254 lu
499 4203 553 4253 am·
571 4209 595 4252 a
613 4202 683 4252 adim
701 4199 758 4250 τῶν
809 4161 892 4234 τὸμὴ
910 4155 988 4217 εἶναι.
1016 4167 1042 4216 in
1061 4167 1114 4218 otiis
1132 4175 1156 4217 et
1173 4168 1243 4217 editis
1261 4168 1330 4216 deest
1341 4159 1396 4213 eci.

171 4273 248 4326 deest.
841 4268 858 4318 l.
877 4267 1009 4331 Sapaeos
1050 4261 1096 4315 καὶ
1112 4257 1168 4315 κατ’
1185 4257 1308 4320 ἐκείνους.
1334 4265 1396 4316 Editi

204 4329 758 4402 h.Segner.etiteg.r¹1'pEorn.Editietaiii
809 4343 833 4385 at
850 4334 890 4386 alii
910 4333 979 4400 roias
1040 4327 1163 4390 ἐκείνους.
1193 4337 1284 4386 ibidem
1297 4334 1396 4393 Segner.

168 4399 296 4472 ἤρξαντο.
324 4405 543 4470 PaoiopostSepc.
562 4395 662 4468 ἤρξατο
680 4389 760 4453 εἶναι.
808 4411 833 4454 et
850 4403 906 4465 Reg.
926 4395 1008 4456 αὐτὸς
1025 4394 1159 4468 iosippus.
1195 4401 1274 4450 Ceteri
1293 4407 1316 4448 et
1339 4397 1395 4448 editi

173 4475 275 4523 Feteim.
295 4473 319 4523 4.
339 4463 449 4537 ἤρξατο,
469 4463 533 4522 οὐδέ
551 4481 595 4527 ete.
810 4459 891 4523 αὐτὸς
908 4461 1035 4537 ἄναρχος.
