3220 5046
573 281 684 326 onorio
699 283 721 326 n
737 282 851 328 cunrat
866 283 1003 328 munos.
1337 273 1396 337 too

168 455 234 498 nun
254 435 301 498 his
323 432 423 496 rudeis
446 433 548 494 docet:
574 431 713 496 Cluacar
728 433 787 496 Dra·
800 437 900 498 uirtus
923 445 952 498 et
966 435 1025 498 liei
1044 437 1204 516 repuncta.
1240 436 1302 498 Nec
1315 437 1394 500 erim
1404 455 1482 500 nos.

166 537 224 600 lroc
251 537 282 598 in
310 536 378 612 loco
401 533 518 594 Patrem
542 531 634 596 soluit
656 531 837 614 significare,
870 543 903 618 ut
934 537 1038 600 soletis
1071 537 1149 598 inter
1177 557 1232 602 ros
1261 539 1395 602 dictitare

165 628 297 702 aientes:
324 637 413 700 Pater
440 653 494 696 sua
521 634 616 714 ipsius
644 643 691 696 est
719 637 901 717 sempiterna
927 639 1029 700 cutus.
1073 639 1139 702 Non
1166 641 1205 702 ita
1235 657 1308 702 saue
1340 649 1481 703 estune

166 739 228 804 Nec
249 739 330 800 enim
353 735 440 798 dixit:
470 735 534 815 ipse
556 735 634 798 Deus
658 744 705 798 cst
726 737 835 809 virtus.
864 739 933 800 sed:
962 739 1026 800 eius
1055 749 1101 802 est
1128 742 1231 804 virtus.
1276 741 1394 806 Nemini

168 859 260 920 porro
284 837 407 900 dubium
427 837 524 910 literit,
547 837 616 918 quin
640 837 680 909 iu.
703 839 784 916 quod
806 838 871 898 eius
894 847 950 912 est,
973 859 1033 902 noo
1056 841 1132 904 idem
1155 845 1194 905 sit
1208 845 1287 923 qnod
1310 845 1394 924 ipse:

170 959 227 1002 nee
248 949 347 1000 tamen
373 940 430 1000 lror
458 939 557 1018 ipsum
578 939 614 1000 ab
637 957 673 1001 eo
696 947 744 1002 est
764 938 908 1012 alienum,
937 941 990 1002 sed
1019 941 1119 1018 potius
1146 944 1210 1006 eius
1237 948 1391 1026 proprium

171 1049 228 1104 est
272 1041 380 1102 Verum
402 1039 505 1119 legite,
528 1059 603 1119 quae
624 1047 729 1120 postea
751 1051 931 1120 sequuntur,
955 1048 985 1104 et
1007 1043 1209 1105 convertimini
1230 1048 1268 1107 ad
1289 1049 1392 1112 domi-

171 1157 242 1202 uum
265 1141 423 1215 (Dratinus
450 1151 550 1204 autent
572 1141 709 1222 Spiritus
732 1153 806 1218 ert),
836 1141 966 1223 illudque
994 1143 1032 1206 de
1059 1142 1133 1205 titio
1163 1143 1285 1224 intelligi
1312 1149 1394 1212 lacila

170 1242 368 1322 perspicietis.

258 1347 307 1409 12.
350 1345 462 1424 Nempe
488 1353 646 1425 postquam
674 1335 835 1408 creationis
862 1345 1062 1414 meminisset,
1092 1345 1174 1407 valde
1202 1356 1398 1426 congruenter

168 1446 206 1508 de
228 1445 343 1525 opificis
365 1447 396 1508 in
419 1445 483 1526 ipsa
506 1447 654 1508 creatione
677 1445 782 1508 rirmte
804 1446 946 1526 loquitur,
969 1465 1044 1527 quae
1067 1447 1186 1526 quidem
1209 1447 1301 1510 virum
1323 1449 1397 1510 Ver·

168 1547 238 1608 bum
261 1557 308 1609 est
328 1547 393 1619 llei,
418 1567 473 1627 per
495 1547 574 1628 quod
596 1547 695 1608 omnia
718 1549 792 1610 laeta
814 1555 895 1610 sunt.
939 1549 970 1608 Si
994 1547 1085 1628 igitur
1107 1567 1208 1610 rerum
1230 1557 1395 1612 creaturam

169 1657 271 1712 natura
292 1649 385 1712 Deum
409 1667 445 1712 ex
467 1669 501 1710 se
524 1650 588 1712 sola
610 1649 675 1710 sine
690 1647 764 1710 Filio
787 1651 885 1728 possit
906 1651 1131 1722 commiscere,
1154 1650 1251 1712 ridete
1266 1669 1305 1712 no
1322 1669 1393 1714 rua-

169 1749 208 1812 tis
229 1750 405 1812 arbitrantes
428 1751 516 1812 etiam
539 1750 605 1813 sine
626 1749 701 1812 Filio
724 1750 803 1812 illam
825 1769 894 1814 esse
915 1753 1029 1814 laomor.
1067 1752 1098 1812 Si
1119 1770 1210 1831 porro
1226 1752 1325 1814 omnia
1338 1771 1394 1832 par

166 1850 271 1914 Filium
293 1853 366 1914 lacta
388 1861 458 1914 sunt
478 1861 509 1913 et
529 1853 560 1913 io
582 1870 618 1912 eo
641 1853 819 1926 consistunt,
843 1853 867 1913 is
892 1853 941 1933 qui
963 1854 1019 1915 rite
1041 1863 1168 1916 creatam
1185 1861 1318 1917 naturam
1333 1873 1390 1918 ro-

166 1951 254 2014 luerit
274 1952 477 2034 contemplari,
501 1953 628 2015 Verbum
644 1971 772 2033 qnoque,
795 1971 811 2013 a
834 1971 892 2032 quo
915 1962 962 2015 est
982 1955 1111 2028 condita,
1134 1955 1300 2019 necessarie
1315 1977 1389 2020 con-

167 2053 364 2132 templabitur,
386 2073 421 2116 ac
441 2053 558 2116 Patrem
580 2071 635 2134 per
657 2053 751 2132 ipsam
774 2053 935 2133 intelligere
957 2056 1086 2134 incipiet.
1132 2057 1261 2129 Quodsi
1282 2077 1391 2120 semn-

167 2155 236 2218 dum
258 2155 438 2218 Salvatorem
461 2154 554 2218 Nemo
576 2159 662 2216 nouit
684 2153 805 2216 Putrem
827 2159 891 2216 nisi
912 2155 1006 2220 Filius
1028 2167 1057 2218 et
1079 2161 1129 2218 cus·
1148 2158 1281 2220 uoluerit
1296 2157 1392 2220 bilius

167 2256 311 2326 recolere,
334 2263 359 2318 si
381 2257 452 2318 item
474 2255 610 2334 Philippo
633 2255 760 2317 dicenti:
783 2257 907 2320 ostertde
927 2258 1013 2320 nodis
1029 2251 1160 2330 Putrem,
1183 2275 1244 2318 non
1261 2275 1391 2338 respon-

168 2356 225 2418 dit:
248 2357 363 2418 intuere
384 2375 433 2416 ree
455 2365 587 2428 creatas,
610 2357 681 2417 sed:
711 2359 764 2438 pul
783 2357 858 2418 uidit
880 2375 940 2426 me,
964 2359 1039 2418 uidit
1061 2355 1202 2428 Putrem:
1235 2357 1393 2420 admodum

168 2443 380 2517 convenienter¹
401 2456 508 2518 Paulus
531 2457 662 2518 Gentiles
685 2457 857 2538 increpans,
888 2457 967 2536 quod
996 2467 1171 2520 concentum
1199 2467 1228 2520 et
1258 2459 1393 2522 ordinem

170 2573 268 2618 rerum
291 2565 453 2618 creatarum
476 2556 707 2638 contemplantes
735 2559 809 2622 ntuit
837 2559 874 2622 de
897 2559 993 2621 Verbo
1022 2578 1122 2622 earum
1150 2560 1256 2639 opifice
1278 2563 1392 2640 cogita-

168 2664 236 2720 rent
256 2659 395 2736 (namque
416 2677 465 2720 res
487 2667 600 2721 (reama
622 2679 709 2722 suum
732 2660 862 2723 indicant
884 2662 1033 2741 opificem,
1063 2668 1097 2722 ut
1124 2681 1177 2742 per
1199 2662 1280 2742 ipsas
1303 2661 1391 2724 etiarn

168 2777 270 2822 verum
290 2757 385 2821 [lcum
405 2769 600 2838 agnoscerent
621 2761 864 2846 abstinerentque
879 2781 895 2822 a
912 2781 1010 2824 rerum
1033 2771 1196 2824 creatarum
1212 2764 1313 2838 cultu),
1336 2763 1390 2824 ad-

169 2859 290 2922 modum
314 2860 432 2939 inquam
455 2861 664 2923 convenienter
686 2862 774 2923 dixit:
803 2869 986 2943 sempiterne
1013 2882 1128 2944 quoque
1154 2869 1219 2925 erlrr
1240 2867 1342 2925 uirtus
1364 2875 1392 2926 rt

168 2962 329 3032 diviniter,
363 2969 396 3021 ut
426 2961 473 3022 hie
494 2961 601 3022 Filium
629 2961 816 3040 signiticaret.
866 2962 961 3023 Porro
983 2981 1049 3024 curn
1073 2964 1155 3024 aiunt
1184 2963 1298 3024 Soncti:
1332 2963 1396 3035 Qus

168 3063 272 3124 eer'rta’t
294 3072 364 3124 eote
380 3063 509 3134 saecula,
534 3073 563 3124 et
574 3081 634 3143 per
649 3081 733 3141 quem
747 3065 819 3141 fecit
832 3064 965 3134 soeculo,
988 3080 1049 3123 non
1065 3062 1162 3123 minus
1175 3061 1280 3122 Filium
1295 3070 1393 3123 aeter·

168 3181 237 3224 uuna
261 3162 534 3244 sempiternumque
555 3163 742 3243 praedicant,
772 3181 899 3241 eumque
930 3163 985 3223 hac
1006 3161 1120 3224 ratione
1141 3161 1234 3226 Deum
1257 3179 1326 3222 esse
1348 3161 1392 3222 si-

168 3263 313 3342 gnificant.
357 3263 431 3326 Nam
452 3263 545 3326 lsalas
568 3263 654 3326 dicit:
684 3264 766 3327 Deos
788 3268 1006 3344 sempeternus,
1036 3267 1090 3344 qui
1110 3265 1226 3324 creuut't
1247 3265 1392 3325 termr'sros

167 3373 278 3428 terroe.
321 3363 456 3428 Susanna
479 3385 596 3447 quoque
619 3365 729 3428 atenac:
751 3365 836 3428 Deos
859 3368 1049 3445 sempiterne.
1093 3362 1206 3426 Bsmclr
1221 3363 1291 3424 item
1315 3361 1391 3425 scri-

166 3463 241 3542 psit:
271 3465 409 3530 clamato
432 3469 471 3530 ad
491 3468 589 3530 Deum
609 3471 827 3547 sempiternum
848 3471 880 3527 r'u
902 3467 1003 3528 diebus
1024 3469 1113 3536 meir,
1146 3475 1176 3526 et
1196 3465 1283 3544 paulo
1305 3471 1389 3544 post:

166 3563 227 3644 Epo
249 3571 328 3630 suun
342 3573 466 3648 sperem
478 3572 510 3630 s'n
525 3573 750 3648 sempiternum,
773 3567 902 3630 salutm
917 3579 1059 3637 vermem,
1082 3579 1111 3630 et
1132 3571 1214 3630 venit
1228 3567 1303 3629 mr’ls'
1313 3586 1390 3646 pee-

168 3666 248 3728 dr'unr
269 3687 288 3728 u
310 3667 431 3732 Sancto.
476 3669 549 3730 Cum
569 3678 667 3732 autem
688 3668 849 3748 Apostolus
871 3667 907 3729 ad
922 3667 1074 3730 Hebraeos
1096 3667 1220 3730 scribat:
1247 3669 1310 3740 Qui
1325 3687 1390 3732 cusa

203 3901 226 3948 ς.
244 3885 386 3948 Saguntino.
399 3881 563 3938 διανοεῖσθε.
836 3887 858 3936 lt.
877 3887 917 3936 Sic
935 3887 1034 3948 Seguer.
1049 3887 1145 3936 center.
1165 3885 1269 3933 l'eleltm.
1286 3885 1306 3932 l.
1326 3895 1348 3934 et
1364 3887 1388 3936 iu

802 3961 866 4004 terto
879 3954 1066 4004 Grsecolsstne.
1093 3953 1153 4001 llrliti
1173 3943 1187 3998 d
1206 3943 1271 4004 dede
1289 3944 1303 3997 d
1323 3943 1388 4000 cloi-

802 4033 868 4073 νιος.
906 4020 956 4070 llox
975 4021 1030 4082 lleg.
1050 4027 1074 4068 et
1091 4019 1196 4068 Felclm.
1213 4019 1233 4068 1.
1244 4011 1388 4068 loedere.

838 4090 854 4137 l.
874 4087 915 4138 ste
932 4089 1031 4148 Seguer.
1057 4094 1079 4134 et
1103 4095 1180 4135 textus
1198 4087 1304 4136 Graecus
1323 4087 1389 4134 Scrl-

804 4163 897 4219 pluras.
934 4155 995 4204 ttdtu
1013 4145 1082 4218 πρὸς
1105 4146 1154 4199 τὸν
1171 4146 1240 4200 θεὸν
1257 4145 1308 4200 τὸν
1324 4144 1389 4200 elat-

803 4235 871 4270 νων.
908 4221 959 4270 lion
979 4221 1076 4284 Segner.
1095 4213 1141 4268 stul
1156 4211 1220 4286 μετ’
1241 4210 1320 4282 ὀλίγα
1334 4231 1389 4283 φη-

804 4284 858 4338 σίν,
894 4288 953 4338 tuit.
972 4289 1070 4350 Saruer.
1090 4287 1189 4336 Galles.
1208 4287 1316 4362 usletan,
1326 4285 1347 4332 l.
1366 4291 1389 4332 et

202 4355 217 4404 i.
235 4355 276 4404 Sic
300 4357 440 4418 Sepuerisn.
462 4357 554 4420 Regias
577 4357 651 4408 Basil.
671 4357 752 4418 tngu-
804 4358 910 4407 Graecas
929 4353 1068 4418 Scripturas
1086 4362 1163 4403 textas
1180 4344 1225 4400 dari
1237 4349 1276 4413 τῷ
1286 4347 1390 4412 ururlp

169 4436 222 4472 eso.
240 4424 377 4474 llolrleriao.
396 4433 420 4474 et
438 4425 574 4476 Felclraau.
592 4425 614 4473 l.
650 4427 678 4473 tt
696 4424 752 4474 editi
804 4416 855 4482 triv
872 4417 1013 4487 europiam
1035 4414 1122 4498 s‘rprre’u²
1156 4419 1218 4496 ξάἰιί
1246 4425 1270 4464 et
1287 4416 1327 4464 alil
1345 4407 1390 4463 snt

169 4484 275 4550 dedere.
804 4487 844 4552 ζῷ
863 4481 967 4551 αἰωνίῳ
986 4499 1091 4550 europs
1109 4497 1194 4548 opus.

201 3985 224 4036 h.
243 3985 283 4034 Sic
302 3986 440 4048 Sepuericn.
459 3996 483 4036 et
501 3988 567 4052 fleg„
586 3995 612 4037 ut
629 3995 653 4038 et
668 3987 751 4038 Omni-

169 4051 245 4102 bouus
256 4053 323 4118 legit.
334 4055 438 4103 Felclm.
451 4055 474 4104 5.
493 4045 532 4101 δι’
553 4045 646 4110 αὐτόν,
667 4069 751 4118 qinom·

168 4119 296 4170 admodum
323 4121 415 4171 ridetur
446 4123 533 4184 lrgissa
563 4123 684 4178 Nunnius,
712 4123 752 4185 qui

169 4189 236 4237 rrrtit
254 4196 277 4238 ut
294 4205 335 4252 per
362 4205 412 4239 sunt
429 4205 506 4239 orrum
523 4191 595 4239 lirum
613 4189 751 4250 intellipoul.

169 4253 219 4302 llor
238 4257 337 4318 Sepuer,
370 4249 487 4316 rodente
504 4247 714 4316 asturienses.
