<?xml version="1.0" encoding="UTF-8"?>
<!DOCTYPE html PUBLIC "-//W3C//DTD XHTML 1.0 Transitional//EN"
    "http://www.w3.org/TR/xhtml1/DTD/xhtml1-transitional.dtd">
<html xmlns="http://www.w3.org/1999/xhtml" xml:lang="en" lang="en">
 <head>
  <title>
</title>
<meta http-equiv="Content-Type" content="text/html;charset=utf-8" />
  <meta name='ocr-system' content='tesseract 3.04.00' />
  <meta name='ocr-capabilities' content='ocr_page ocr_carea ocr_par ocr_line ocrx_word'/>
</head>
<body>
  <div class='ocr_page' id='page_1' title='image "./sanctiathanasii03athagoog_0317.png"; bbox 0 0 3216 5048; ppageno 0'>
   <div class='ocr_carea' id='block_1_1' title="bbox 566 300 1391 363">
    <p class='ocr_par' dir='ltr' id='par_1_1' title="bbox 566 300 1391 363">
     <span class='ocr_line' id='line_1_1' title="bbox 566 300 1391 363; baseline 0.016 -13"><span class='ocrx_word' id='word_1_1' title='bbox 566 307 674 352; x_wconf 80' lang='lat' dir='ltr'><strong>onemo</strong></span> <span class='ocrx_word' id='word_1_2' title='bbox 690 307 711 352; x_wconf 88' lang='lat'><strong>1.</strong></span> <span class='ocrx_word' id='word_1_3' title='bbox 728 309 844 355; x_wconf 76' lang='lat' dir='ltr'><strong>course</strong></span> <span class='ocrx_word' id='word_1_4' title='bbox 857 309 993 356; x_wconf 78' lang='lat' dir='ltr'><strong>munos.</strong></span> <span class='ocrx_word' id='word_1_5' title='bbox 1330 300 1391 363; x_wconf 76' lang='lat'><strong>269</strong></span> 
     </span>
    </p>
   </div>
   <div class='ocr_carea' id='block_1_2' title="bbox 155 457 1477 3466">
    <p class='ocr_par' dir='ltr' id='par_1_2' title="bbox 161 457 1477 744">
     <span class='ocr_line' id='line_1_2' title="bbox 163 457 1477 544; baseline -0.001 -19"><span class='ocrx_word' id='word_1_6' title='bbox 163 459 268 525; x_wconf 75' lang='lat' dir='ltr'><strong>iorum</strong></span> <span class='ocrx_word' id='word_1_7' title='bbox 289 459 367 523; x_wconf 77' lang='lat' dir='ltr'><strong>da&#39;er&#39;t</strong></span> <span class='ocrx_word' id='word_1_8' title='bbox 388 475 540 541; x_wconf 78' lang='lat' dir='ltr'><strong>uopumu:</strong></span> <span class='ocrx_word' id='word_1_9' title='bbox 564 457 658 522; x_wconf 72' lang='lat' dir='ltr'><strong>retur</strong></span> <span class='ocrx_word' id='word_1_10' title='bbox 680 477 763 523; x_wconf 81' lang='grc' dir='ltr'><em>οιιιιι</em></span> <span class='ocrx_word' id='word_1_11' title='bbox 786 479 818 524; x_wconf 84' lang='grc' dir='ltr'><strong>οι</strong></span> <span class='ocrx_word' id='word_1_12' title='bbox 842 473 883 533; x_wconf 84' lang='lat' dir='ltr'><strong>tu,</strong></span> <span class='ocrx_word' id='word_1_13' title='bbox 906 481 958 544; x_wconf 78' lang='lat' dir='ltr'><strong>epo</strong></span> <span class='ocrx_word' id='word_1_14' title='bbox 981 461 1067 526; x_wconf 81' lang='lat' dir='ltr'><strong>dodr&#39;e</strong></span> <span class='ocrx_word' id='word_1_15' title='bbox 1086 466 1181 543; x_wconf 76' lang='lat' dir='ltr'><strong>penui</strong></span> <span class='ocrx_word' id='word_1_16' title='bbox 1201 461 1256 528; x_wconf 78' lang='lat' dir='ltr'><strong>tei</strong></span> <span class='ocrx_word' id='word_1_17' title='bbox 1297 463 1334 526; x_wconf 79' lang='lat' dir='ltr'><strong>Bt</strong></span> <span class='ocrx_word' id='word_1_18' title='bbox 1355 465 1477 526; x_wconf 76' lang='lat' dir='ltr'><strong>adnue</strong></span> 
     </span>
     <span class='ocr_line' id='line_1_3' title="bbox 161 559 1393 645; baseline 0.003 -21"><span class='ocrx_word' id='word_1_19' title='bbox 161 561 293 644; x_wconf 69' lang='lat' dir='ltr'><strong>Ampelos</strong></span> <span class='ocrx_word' id='word_1_20' title='bbox 325 560 443 643; x_wconf 76' lang='lat' dir='ltr'><strong>quidem</strong></span> <span class='ocrx_word' id='word_1_21' title='bbox 465 559 552 622; x_wconf 75' lang='lat' dir='ltr'><strong>dicit:</strong></span> <span class='ocrx_word' id='word_1_22' title='bbox 577 559 641 633; x_wconf 86' lang='lat' dir='ltr'><strong>Qur&#39;</strong></span> <span class='ocrx_word' id='word_1_23' title='bbox 663 562 741 640; x_wconf 74' lang='lat' dir='ltr'><strong>lucit</strong></span> <span class='ocrx_word' id='word_1_24' title='bbox 761 561 890 642; x_wconf 71' lang='lat' dir='ltr'><strong>Accedes</strong></span> <span class='ocrx_word' id='word_1_25' title='bbox 918 582 990 626; x_wconf 82' lang='lat' dir='ltr'><strong>tuor</strong></span> <span class='ocrx_word' id='word_1_26' title='bbox 1020 567 1149 645; x_wconf 80' lang='lat' dir='ltr'><strong>spiritur</strong></span> <span class='ocrx_word' id='word_1_27' title='bbox 1178 575 1208 628; x_wconf 86' lang='lat' dir='ltr'><strong>et</strong></span> <span class='ocrx_word' id='word_1_28' title='bbox 1234 567 1393 628; x_wconf 81' lang='lat' dir='ltr'><strong>miur&#39;rtror</strong></span> 
     </span>
     <span class='ocr_line' id='line_1_4' title="bbox 162 663 525 744; baseline -0.019 -16"><span class='ocrx_word' id='word_1_29' title='bbox 162 683 236 728; x_wconf 84' lang='lat' dir='ltr'><strong>suos</strong></span> <span class='ocrx_word' id='word_1_30' title='bbox 258 666 413 744; x_wconf 75' lang='lat' dir='ltr'><strong>flammam</strong></span> <span class='ocrx_word' id='word_1_31' title='bbox 436 663 525 740; x_wconf 72' lang='lat' dir='ltr'><strong>ionis.</strong></span> 
     </span>
    </p>

    <p class='ocr_par' dir='ltr' id='par_1_3' title="bbox 155 759 1394 3466">
     <span class='ocr_line' id='line_1_5' title="bbox 249 759 1392 849; baseline 0.01 -29"><span class='ocrx_word' id='word_1_32' title='bbox 249 765 301 828; x_wconf 82' lang='lat'><strong>58.</strong></span> <span class='ocrx_word' id='word_1_33' title='bbox 345 759 424 822; x_wconf 80' lang='lat' dir='ltr'>Fieri</span> <span class='ocrx_word' id='word_1_34' title='bbox 453 777 524 840; x_wconf 74' lang='lat' dir='ltr'><strong>ergo</strong></span> <span class='ocrx_word' id='word_1_35' title='bbox 554 760 710 841; x_wconf 89' lang='lat' dir='ltr'><strong>proprium</strong></span> <span class='ocrx_word' id='word_1_36' title='bbox 732 769 779 823; x_wconf 89' lang='lat' dir='ltr'><strong>est</strong></span> <span class='ocrx_word' id='word_1_37' title='bbox 799 779 900 824; x_wconf 90' lang='lat' dir='ltr'><strong>rerum</strong></span> <span class='ocrx_word' id='word_1_38' title='bbox 921 764 1078 838; x_wconf 75' lang='lat' dir='ltr'><strong>factarum,</strong></span> <span class='ocrx_word' id='word_1_39' title='bbox 1107 783 1181 845; x_wconf 86' lang='lat' dir='ltr'><strong>quas</strong></span> <span class='ocrx_word' id='word_1_40' title='bbox 1211 785 1302 849; x_wconf 89' lang='lat' dir='ltr'><strong>opera</strong></span> <span class='ocrx_word' id='word_1_41' title='bbox 1318 771 1392 831; x_wconf 81' lang='lat' dir='ltr'><strong>‘esso</strong></span> 
     </span>
     <span class='ocr_line' id='line_1_6' title="bbox 162 847 1390 942; baseline 0.003 -14"><span class='ocrx_word' id='word_1_42' title='bbox 162 865 244 928; x_wconf 84' lang='lat' dir='ltr'><strong>dicit.</strong></span> <span class='ocrx_word' id='word_1_43' title='bbox 289 863 326 924; x_wconf 80' lang='lat' dir='ltr'><strong>tt</strong></span> <span class='ocrx_word' id='word_1_44' title='bbox 348 879 415 923; x_wconf 89' lang='lat' dir='ltr'><strong>oum</strong></span> <span class='ocrx_word' id='word_1_45' title='bbox 437 861 474 923; x_wconf 88' lang='lat' dir='ltr'><strong>de</strong></span> <span class='ocrx_word' id='word_1_46' title='bbox 495 860 570 923; x_wconf 84' lang='lat' dir='ltr'><strong>Filio</strong></span> <span class='ocrx_word' id='word_1_47' title='bbox 592 861 735 942; x_wconf 88' lang='lat' dir='ltr'><strong>loquitur,</strong></span> <span class='ocrx_word' id='word_1_48' title='bbox 759 879 821 923; x_wconf 94' lang='lat' dir='ltr'><strong>non</strong></span> <span class='ocrx_word' id='word_1_49' title='bbox 843 860 936 924; x_wconf 87' lang='lat' dir='ltr'><strong>utitur</strong></span> <span class='ocrx_word' id='word_1_50' title='bbox 950 863 1083 926; x_wconf 77' lang='lat' dir='ltr'><strong>factionis</strong></span> <span class='ocrx_word' id='word_1_51' title='bbox 1097 867 1239 930; x_wconf 75' lang='lat' dir='ltr'><strong>vocabulo</strong></span> <span class='ocrx_word' id='word_1_52' title='bbox 1256 847 1311 932; x_wconf 66' lang='lat' dir='ltr'><strong>nec</strong></span> <span class='ocrx_word' id='word_1_53' title='bbox 1325 867 1390 932; x_wconf 88' lang='lat' dir='ltr'><strong>iieri</strong></span> 
     </span>
     <span class='ocr_line' id='line_1_7' title="bbox 164 963 1389 1049; baseline 0.005 -23"><span class='ocrx_word' id='word_1_54' title='bbox 164 965 223 1038; x_wconf 89' lang='lat' dir='ltr'><strong>ait,</strong></span> <span class='ocrx_word' id='word_1_55' title='bbox 256 963 309 1026; x_wconf 88' lang='lat' dir='ltr'><strong>sed</strong></span> <span class='ocrx_word' id='word_1_56' title='bbox 331 981 398 1026; x_wconf 91' lang='lat' dir='ltr'><strong>eum</strong></span> <span class='ocrx_word' id='word_1_57' title='bbox 420 970 589 1037; x_wconf 81' lang='lat' dir='ltr'><strong>oeternum,</strong></span> <span class='ocrx_word' id='word_1_58' title='bbox 623 979 725 1041; x_wconf 80' lang='lat' dir='ltr'><strong>regem</strong></span> <span class='ocrx_word' id='word_1_59' title='bbox 754 969 783 1026; x_wconf 91' lang='lat' dir='ltr'><strong>et</strong></span> <span class='ocrx_word' id='word_1_60' title='bbox 810 969 973 1024; x_wconf 78' lang='lat' dir='ltr'><strong>creatorem</strong></span> <span class='ocrx_word' id='word_1_61' title='bbox 1001 963 1085 1025; x_wconf 88' lang='lat' dir='ltr'><strong>hisee</strong></span> <span class='ocrx_word' id='word_1_62' title='bbox 1112 965 1209 1030; x_wconf 86' lang='lat' dir='ltr'><strong>verbis</strong></span> <span class='ocrx_word' id='word_1_63' title='bbox 1240 969 1389 1049; x_wconf 80' lang='lat' dir='ltr'><strong>agnoscit:</strong></span> 
     </span>
     <span class='ocr_line' id='line_1_8' title="bbox 168 1062 1389 1147; baseline 0.007 -21"><span class='ocrx_word' id='word_1_64' title='bbox 168 1063 307 1128; x_wconf 76' lang='lat' dir='ltr'><strong>Tirones</strong></span> <span class='ocrx_word' id='word_1_65' title='bbox 330 1073 410 1137; x_wconf 84' lang='lat' dir='ltr'><strong>tour,</strong></span> <span class='ocrx_word' id='word_1_66' title='bbox 433 1063 525 1137; x_wconf 81' lang='lat' dir='ltr'><strong>Deus,</strong></span> <span class='ocrx_word' id='word_1_67' title='bbox 548 1069 580 1127; x_wconf 84' lang='grc' dir='ltr'><strong>ιἰι</strong></span> <span class='ocrx_word' id='word_1_68' title='bbox 603 1065 757 1128; x_wconf 78' lang='lat' dir='ltr'><strong>soeculum</strong></span> <span class='ocrx_word' id='word_1_69' title='bbox 778 1062 904 1140; x_wconf 75' lang='lat' dir='ltr'><strong>soeculi,</strong></span> <span class='ocrx_word' id='word_1_70' title='bbox 926 1075 956 1126; x_wconf 86' lang='lat' dir='ltr'><strong>et</strong></span> <span class='ocrx_word' id='word_1_71' title='bbox 977 1071 1011 1126; x_wconf 86' lang='lat' dir='ltr'><strong>tu</strong></span> <span class='ocrx_word' id='word_1_72' title='bbox 1026 1068 1058 1126; x_wconf 86' lang='grc' dir='ltr'><strong>ιἰι</strong></span> <span class='ocrx_word' id='word_1_73' title='bbox 1069 1069 1233 1147; x_wconf 77' lang='lat' dir='ltr'><strong>principio,</strong></span> <span class='ocrx_word' id='word_1_74' title='bbox 1256 1069 1389 1146; x_wconf 77' lang='lat' dir='ltr'><strong>Domr&#39;rre,</strong></span> 
     </span>
     <span class='ocr_line' id='line_1_9' title="bbox 164 1165 1391 1248; baseline 0.005 -20"><span class='ocrx_word' id='word_1_75' title='bbox 164 1175 281 1228; x_wconf 79' lang='lat' dir='ltr'><strong>terram</strong></span> <span class='ocrx_word' id='word_1_76' title='bbox 301 1166 452 1246; x_wconf 69' lang='lat' dir='ltr'><strong>fundasti,</strong></span> <span class='ocrx_word' id='word_1_77' title='bbox 475 1175 504 1228; x_wconf 82' lang='lat' dir='ltr'><strong>ot</strong></span> <span class='ocrx_word' id='word_1_78' title='bbox 526 1183 620 1246; x_wconf 83' lang='lat' dir='ltr'><strong>opero</strong></span> <span class='ocrx_word' id='word_1_79' title='bbox 640 1185 786 1229; x_wconf 79' lang='lat' dir='ltr'><strong>montrum</strong></span> <span class='ocrx_word' id='word_1_80' title='bbox 807 1176 932 1228; x_wconf 84' lang='lat' dir='ltr'><strong>tuorum</strong></span> <span class='ocrx_word' id='word_1_81' title='bbox 952 1176 1026 1228; x_wconf 85' lang='lat' dir='ltr'><strong>eoru</strong></span> <span class='ocrx_word' id='word_1_82' title='bbox 1043 1166 1127 1229; x_wconf 81' lang='lat' dir='ltr'><strong>coeli.</strong></span> <span class='ocrx_word' id='word_1_83' title='bbox 1163 1165 1230 1248; x_wconf 78' lang='lat' dir='ltr'><strong>Ipsi</strong></span> <span class='ocrx_word' id='word_1_84' title='bbox 1239 1171 1391 1248; x_wconf 74' lang='lat' dir='ltr'><strong>potitust,</strong></span> 
     </span>
     <span class='ocr_line' id='line_1_10' title="bbox 164 1265 1391 1348; baseline 0.003 -18"><span class='ocrx_word' id='word_1_85' title='bbox 164 1277 199 1332; x_wconf 81' lang='grc' dir='ltr'><strong>ιιι</strong></span> <span class='ocrx_word' id='word_1_86' title='bbox 220 1279 321 1330; x_wconf 76' lang='lat' dir='ltr'><strong>auton</strong></span> <span class='ocrx_word' id='word_1_87' title='bbox 342 1285 512 1348; x_wconf 79' lang='lat' dir='ltr'><strong>perornare.</strong></span> <span class='ocrx_word' id='word_1_88' title='bbox 556 1266 599 1328; x_wconf 82' lang='lat' dir='ltr'><strong>Er</strong></span> <span class='ocrx_word' id='word_1_89' title='bbox 621 1267 748 1347; x_wconf 86' lang='lat' dir='ltr'><strong>quibus,</strong></span> <span class='ocrx_word' id='word_1_90' title='bbox 777 1266 804 1329; x_wconf 88' lang='lat' dir='ltr'><strong>ei</strong></span> <span class='ocrx_word' id='word_1_91' title='bbox 831 1265 938 1328; x_wconf 81' lang='lat' dir='ltr'><strong>velient</strong></span> <span class='ocrx_word' id='word_1_92' title='bbox 967 1265 1035 1340; x_wconf 89' lang='lat' dir='ltr'><strong>isti,</strong></span> <span class='ocrx_word' id='word_1_93' title='bbox 1063 1265 1236 1346; x_wconf 81' lang='lat' dir='ltr'><strong>perspicere</strong></span> <span class='ocrx_word' id='word_1_94' title='bbox 1257 1279 1391 1347; x_wconf 81' lang='lat' dir='ltr'><strong>possent,</strong></span> 
     </span>
     <span class='ocr_line' id='line_1_11' title="bbox 161 1367 1394 1448; baseline 0.002 -18"><span class='ocrx_word' id='word_1_95' title='bbox 161 1367 251 1431; x_wconf 84' lang='lat' dir='ltr'><strong>ulium</strong></span> <span class='ocrx_word' id='word_1_96' title='bbox 274 1385 344 1430; x_wconf 89' lang='lat' dir='ltr'><strong>esse</strong></span> <span class='ocrx_word' id='word_1_97' title='bbox 367 1367 501 1448; x_wconf 86' lang='lat' dir='ltr'><strong>opificem</strong></span> <span class='ocrx_word' id='word_1_98' title='bbox 524 1375 554 1430; x_wconf 90' lang='lat' dir='ltr'><strong>et</strong></span> <span class='ocrx_word' id='word_1_99' title='bbox 575 1368 630 1429; x_wconf 89' lang='lat' dir='ltr'><strong>alia</strong></span> <span class='ocrx_word' id='word_1_100' title='bbox 646 1385 747 1448; x_wconf 85' lang='lat' dir='ltr'><strong>opera,</strong></span> <span class='ocrx_word' id='word_1_101' title='bbox 771 1367 852 1430; x_wconf 83' lang='lat' dir='ltr'><strong>ilium</strong></span> <span class='ocrx_word' id='word_1_102' title='bbox 868 1367 1006 1430; x_wconf 90' lang='lat' dir='ltr'><strong>nimirum</strong></span> <span class='ocrx_word' id='word_1_103' title='bbox 1021 1385 1091 1429; x_wconf 89' lang='lat' dir='ltr'><strong>esse</strong></span> <span class='ocrx_word' id='word_1_104' title='bbox 1105 1367 1210 1441; x_wconf 87' lang='lat' dir='ltr'><strong>Deum,</strong></span> <span class='ocrx_word' id='word_1_105' title='bbox 1232 1367 1307 1430; x_wconf 86' lang='lat' dir='ltr'><strong>haec</strong></span> <span class='ocrx_word' id='word_1_106' title='bbox 1321 1369 1394 1432; x_wconf 80' lang='lat' dir='ltr'><strong>tactu</strong></span> 
     </span>
     <span class='ocr_line' id='line_1_12' title="bbox 162 1467 1394 1550; baseline 0.001 -19"><span class='ocrx_word' id='word_1_107' title='bbox 162 1487 233 1532; x_wconf 90' lang='lat' dir='ltr'><strong>esse</strong></span> <span class='ocrx_word' id='word_1_108' title='bbox 255 1478 342 1532; x_wconf 84' lang='lat' dir='ltr'><strong>etex</strong></span> <span class='ocrx_word' id='word_1_109' title='bbox 364 1468 458 1530; x_wconf 86' lang='lat' dir='ltr'><strong>nihilo</strong></span> <span class='ocrx_word' id='word_1_110' title='bbox 478 1468 632 1549; x_wconf 85' lang='lat' dir='ltr'><strong>producta.</strong></span> <span class='ocrx_word' id='word_1_111' title='bbox 677 1468 750 1532; x_wconf 86' lang='lat' dir='ltr'><strong>Nem</strong></span> <span class='ocrx_word' id='word_1_112' title='bbox 766 1469 846 1549; x_wconf 89' lang='lat' dir='ltr'><strong>quod</strong></span> <span class='ocrx_word' id='word_1_113' title='bbox 861 1468 910 1530; x_wconf 88' lang='lat' dir='ltr'><strong>htc</strong></span> <span class='ocrx_word' id='word_1_114' title='bbox 931 1467 1053 1532; x_wconf 88' lang='lat' dir='ltr'><strong>dicitur:</strong></span> <span class='ocrx_word' id='word_1_115' title='bbox 1077 1473 1139 1550; x_wconf 84' lang='lat' dir='ltr'><strong>iprr&#39;</strong></span> <span class='ocrx_word' id='word_1_116' title='bbox 1155 1469 1309 1550; x_wconf 72' lang='lat' dir='ltr'><strong>porricere,</strong></span> <span class='ocrx_word' id='word_1_117' title='bbox 1332 1487 1394 1532; x_wconf 90' lang='lat' dir='ltr'><strong>non</strong></span> 
     </span>
     <span class='ocr_line' id='line_1_13' title="bbox 161 1570 1393 1650; baseline 0.001 -17"><span class='ocrx_word' id='word_1_118' title='bbox 161 1571 202 1634; x_wconf 84' lang='lat' dir='ltr'><strong>ita</strong></span> <span class='ocrx_word' id='word_1_119' title='bbox 225 1571 336 1634; x_wconf 88' lang='lat' dir='ltr'><strong>dictum</strong></span> <span class='ocrx_word' id='word_1_120' title='bbox 359 1579 405 1632; x_wconf 87' lang='lat' dir='ltr'><strong>est</strong></span> <span class='ocrx_word' id='word_1_121' title='bbox 426 1570 511 1650; x_wconf 83' lang='lat' dir='ltr'><strong>qussi</strong></span> <span class='ocrx_word' id='word_1_122' title='bbox 532 1570 684 1649; x_wconf 84' lang='lat' dir='ltr'><strong>periturae</strong></span> <span class='ocrx_word' id='word_1_123' title='bbox 706 1570 768 1632; x_wconf 91' lang='lat' dir='ltr'><strong>sint</strong></span> <span class='ocrx_word' id='word_1_124' title='bbox 788 1588 839 1632; x_wconf 89' lang='lat' dir='ltr'><strong>res</strong></span> <span class='ocrx_word' id='word_1_125' title='bbox 862 1579 989 1644; x_wconf 80' lang='lat' dir='ltr'><strong>creatus,</strong></span> <span class='ocrx_word' id='word_1_126' title='bbox 1012 1570 1066 1631; x_wconf 86' lang='lat' dir='ltr'><strong>sed</strong></span> <span class='ocrx_word' id='word_1_127' title='bbox 1081 1579 1114 1632; x_wconf 91' lang='lat' dir='ltr'><strong>ut</strong></span> <span class='ocrx_word' id='word_1_128' title='bbox 1128 1587 1229 1634; x_wconf 86' lang='lat' dir='ltr'><strong>rerum</strong></span> <span class='ocrx_word' id='word_1_129' title='bbox 1251 1573 1393 1634; x_wconf 82' lang='lat' dir='ltr'><strong>tectarum</strong></span> 
     </span>
     <span class='ocr_line' id='line_1_14' title="bbox 158 1670 1390 1752; baseline -0.002 -16"><span class='ocrx_word' id='word_1_130' title='bbox 158 1681 295 1736; x_wconf 85' lang='lat' dir='ltr'><strong>naturam</strong></span> <span class='ocrx_word' id='word_1_131' title='bbox 324 1691 341 1734; x_wconf 87' lang='lat' dir='ltr'><strong>n</strong></span> <span class='ocrx_word' id='word_1_132' title='bbox 371 1671 431 1733; x_wconf 83' lang='lat' dir='ltr'><strong>dne</strong></span> <span class='ocrx_word' id='word_1_133' title='bbox 460 1671 609 1734; x_wconf 86' lang='lat' dir='ltr'><strong>indicaret.</strong></span> <span class='ocrx_word' id='word_1_134' title='bbox 655 1671 729 1733; x_wconf 89' lang='lat' dir='ltr'><strong>Nam</strong></span> <span class='ocrx_word' id='word_1_135' title='bbox 757 1689 832 1752; x_wconf 80' lang='lat' dir='ltr'><strong>quae</strong></span> <span class='ocrx_word' id='word_1_136' title='bbox 854 1671 954 1752; x_wconf 89' lang='lat' dir='ltr'><strong>perire</strong></span> <span class='ocrx_word' id='word_1_137' title='bbox 975 1678 1122 1752; x_wconf 87' lang='lat' dir='ltr'><strong>possunt,</strong></span> <span class='ocrx_word' id='word_1_138' title='bbox 1149 1670 1218 1734; x_wconf 86' lang='lat' dir='ltr'><strong>iicet</strong></span> <span class='ocrx_word' id='word_1_139' title='bbox 1245 1671 1390 1736; x_wconf 85' lang='lat' dir='ltr'><strong>beneficio</strong></span> 
     </span>
     <span class='ocr_line' id='line_1_15' title="bbox 160 1772 1388 1852; baseline -0.002 -16"><span class='ocrx_word' id='word_1_140' title='bbox 160 1774 311 1836; x_wconf 78' lang='lat' dir='ltr'><strong>effectoris</strong></span> <span class='ocrx_word' id='word_1_141' title='bbox 332 1791 394 1834; x_wconf 90' lang='lat' dir='ltr'><strong>non</strong></span> <span class='ocrx_word' id='word_1_142' title='bbox 416 1781 554 1852; x_wconf 88' lang='lat' dir='ltr'><strong>pereant,</strong></span> <span class='ocrx_word' id='word_1_143' title='bbox 587 1780 686 1834; x_wconf 84' lang='lat' dir='ltr'><strong>temen</strong></span> <span class='ocrx_word' id='word_1_144' title='bbox 709 1791 746 1834; x_wconf 81' lang='lat' dir='ltr'><strong>ex</strong></span> <span class='ocrx_word' id='word_1_145' title='bbox 767 1773 859 1835; x_wconf 82' lang='lat' dir='ltr'><strong>nihilo</strong></span> <span class='ocrx_word' id='word_1_146' title='bbox 889 1781 958 1834; x_wconf 89' lang='lat' dir='ltr'><strong>sunt</strong></span> <span class='ocrx_word' id='word_1_147' title='bbox 984 1774 1075 1847; x_wconf 83' lang='lat' dir='ltr'><strong>sacta,</strong></span> <span class='ocrx_word' id='word_1_148' title='bbox 1111 1791 1203 1852; x_wconf 84' lang='lat' dir='ltr'><strong>eaque</strong></span> <span class='ocrx_word' id='word_1_149' title='bbox 1230 1772 1388 1852; x_wconf 81' lang='lat' dir='ltr'><strong>aliquando</strong></span> 
     </span>
     <span class='ocr_line' id='line_1_16' title="bbox 159 1867 1387 1954; baseline -0.001 -17"><span class='ocrx_word' id='word_1_150' title='bbox 159 1893 222 1937; x_wconf 92' lang='lat' dir='ltr'><strong>non</strong></span> <span class='ocrx_word' id='word_1_151' title='bbox 244 1874 338 1936; x_wconf 80' lang='lat' dir='ltr'><strong>tuisse</strong></span> <span class='ocrx_word' id='word_1_152' title='bbox 360 1873 424 1954; x_wconf 85' lang='lat' dir='ltr'><strong>ipsa</strong></span> <span class='ocrx_word' id='word_1_153' title='bbox 445 1867 599 1936; x_wconf 87' lang='lat' dir='ltr'><strong>testantur.</strong></span> <span class='ocrx_word' id='word_1_154' title='bbox 646 1872 721 1946; x_wconf 86' lang='lat' dir='ltr'><strong>Quia</strong></span> <span class='ocrx_word' id='word_1_155' title='bbox 742 1872 831 1952; x_wconf 79' lang='lat' dir='ltr'><strong>igitur</strong></span> <span class='ocrx_word' id='word_1_156' title='bbox 852 1891 886 1936; x_wconf 85' lang='lat' dir='ltr'><strong>ea</strong></span> <span class='ocrx_word' id='word_1_157' title='bbox 909 1881 957 1936; x_wconf 89' lang='lat' dir='ltr'><strong>est</strong></span> <span class='ocrx_word' id='word_1_158' title='bbox 983 1873 1101 1936; x_wconf 86' lang='lat' dir='ltr'><strong>iliorum</strong></span> <span class='ocrx_word' id='word_1_159' title='bbox 1127 1881 1247 1946; x_wconf 84' lang='lat' dir='ltr'><strong>natura,</strong></span> <span class='ocrx_word' id='word_1_160' title='bbox 1276 1873 1387 1937; x_wconf 85' lang='lat' dir='ltr'><strong>ideirco</strong></span> 
     </span>
     <span class='ocr_line' id='line_1_17' title="bbox 163 1967 1386 2055; baseline -0.001 -17"><span class='ocrx_word' id='word_1_161' title='bbox 163 1975 199 2038; x_wconf 91' lang='lat' dir='ltr'><strong>do</strong></span> <span class='ocrx_word' id='word_1_162' title='bbox 221 1975 296 2036; x_wconf 80' lang='lat' dir='ltr'><strong>Filio</strong></span> <span class='ocrx_word' id='word_1_163' title='bbox 319 1967 439 2037; x_wconf 77' lang='lat' dir='ltr'><strong>dieitur:</strong></span> <span class='ocrx_word' id='word_1_164' title='bbox 471 1973 512 2036; x_wconf 85' lang='grc' dir='ltr'><strong>Τιι</strong></span> <span class='ocrx_word' id='word_1_165' title='bbox 535 1984 636 2036; x_wconf 83' lang='lat' dir='ltr'><strong>outem</strong></span> <span class='ocrx_word' id='word_1_166' title='bbox 654 1993 830 2055; x_wconf 80' lang='lat' dir='ltr'><strong>permanes,</strong></span> <span class='ocrx_word' id='word_1_167' title='bbox 860 1982 893 2036; x_wconf 90' lang='lat' dir='ltr'><strong>ut</strong></span> <span class='ocrx_word' id='word_1_168' title='bbox 914 1975 978 2038; x_wconf 87' lang='lat' dir='ltr'><strong>eius</strong></span> <span class='ocrx_word' id='word_1_169' title='bbox 1001 1975 1071 2037; x_wconf 87' lang='lat' dir='ltr'><strong>inde</strong></span> <span class='ocrx_word' id='word_1_170' title='bbox 1093 1976 1267 2038; x_wconf 83' lang='lat' dir='ltr'><strong>ostendatur</strong></span> <span class='ocrx_word' id='word_1_171' title='bbox 1288 1983 1386 2038; x_wconf 88' lang='lat' dir='ltr'><strong>aeter-</strong></span> 
     </span>
     <span class='ocr_line' id='line_1_18' title="bbox 159 2073 1387 2156; baseline -0.002 -16"><span class='ocrx_word' id='word_1_172' title='bbox 159 2077 249 2140; x_wconf 88' lang='lat' dir='ltr'><strong>nitas.</strong></span> <span class='ocrx_word' id='word_1_173' title='bbox 293 2073 365 2140; x_wconf 82' lang='lat' dir='ltr'><strong>Nem</strong></span> <span class='ocrx_word' id='word_1_174' title='bbox 387 2075 455 2155; x_wconf 82' lang='lat' dir='ltr'><strong>quia</strong></span> <span class='ocrx_word' id='word_1_175' title='bbox 470 2074 593 2138; x_wconf 89' lang='lat' dir='ltr'><strong>interire</strong></span> <span class='ocrx_word' id='word_1_176' title='bbox 615 2093 676 2136; x_wconf 91' lang='lat' dir='ltr'><strong>non</strong></span> <span class='ocrx_word' id='word_1_177' title='bbox 691 2083 801 2156; x_wconf 89' lang='lat' dir='ltr'><strong>potest,</strong></span> <span class='ocrx_word' id='word_1_178' title='bbox 811 2083 857 2138; x_wconf 83' lang='lat' dir='ltr'><strong>‘ut</strong></span> <span class='ocrx_word' id='word_1_179' title='bbox 876 2083 1006 2155; x_wconf 87' lang='lat' dir='ltr'><strong>possunt</strong></span> <span class='ocrx_word' id='word_1_180' title='bbox 1019 2095 1069 2138; x_wconf 88' lang='lat' dir='ltr'><strong>res</strong></span> <span class='ocrx_word' id='word_1_181' title='bbox 1092 2077 1195 2148; x_wconf 74' lang='lat' dir='ltr'><strong>termo,</strong></span> <span class='ocrx_word' id='word_1_182' title='bbox 1218 2077 1273 2137; x_wconf 89' lang='lat' dir='ltr'><strong>sed</strong></span> <span class='ocrx_word' id='word_1_183' title='bbox 1287 2077 1387 2154; x_wconf 89' lang='lat' dir='ltr'><strong>potius</strong></span> 
     </span>
     <span class='ocr_line' id='line_1_19' title="bbox 157 2175 1387 2258; baseline -0.003 -17"><span class='ocrx_word' id='word_1_184' title='bbox 157 2177 216 2242; x_wconf 87' lang='lat' dir='ltr'><strong>rim</strong></span> <span class='ocrx_word' id='word_1_185' title='bbox 238 2176 328 2240; x_wconf 87' lang='lat' dir='ltr'><strong>habet</strong></span> <span class='ocrx_word' id='word_1_186' title='bbox 348 2193 467 2258; x_wconf 79' lang='lat' dir='ltr'><strong>semper</strong></span> <span class='ocrx_word' id='word_1_187' title='bbox 488 2176 691 2256; x_wconf 87' lang='lat' dir='ltr'><strong>permanendi,</strong></span> <span class='ocrx_word' id='word_1_188' title='bbox 717 2177 787 2238; x_wconf 91' lang='lat' dir='ltr'><strong>hinc</strong></span> <span class='ocrx_word' id='word_1_189' title='bbox 808 2175 935 2238; x_wconf 87' lang='lat' dir='ltr'><strong>alienum</strong></span> <span class='ocrx_word' id='word_1_190' title='bbox 957 2177 1077 2255; x_wconf 83' lang='lat' dir='ltr'><strong>quidem</strong></span> <span class='ocrx_word' id='word_1_191' title='bbox 1099 2185 1147 2238; x_wconf 89' lang='lat' dir='ltr'><strong>est</strong></span> <span class='ocrx_word' id='word_1_192' title='bbox 1166 2175 1203 2237; x_wconf 85' lang='lat' dir='ltr'><strong>de</strong></span> <span class='ocrx_word' id='word_1_193' title='bbox 1225 2175 1291 2254; x_wconf 89' lang='lat' dir='ltr'><strong>ipso</strong></span> <span class='ocrx_word' id='word_1_194' title='bbox 1315 2175 1387 2237; x_wconf 89' lang='lat' dir='ltr'><strong>dici:</strong></span> 
     </span>
     <span class='ocr_line' id='line_1_20' title="bbox 156 2277 1389 2358; baseline -0.005 -15"><span class='ocrx_word' id='word_1_195' title='bbox 156 2281 224 2344; x_wconf 88' lang='lat' dir='ltr'><strong>Non</strong></span> <span class='ocrx_word' id='word_1_196' title='bbox 246 2279 302 2342; x_wconf 85' lang='lat' dir='ltr'><strong>ruit</strong></span> <span class='ocrx_word' id='word_1_197' title='bbox 322 2279 496 2358; x_wconf 82' lang='lat' dir='ltr'><strong>prinsquam</strong></span> <span class='ocrx_word' id='word_1_198' title='bbox 519 2283 600 2338; x_wconf 88' lang='lat' dir='ltr'><strong>esset</strong></span> <span class='ocrx_word' id='word_1_199' title='bbox 621 2277 754 2356; x_wconf 75' lang='lat' dir='ltr'><strong>genitus:</strong></span> <span class='ocrx_word' id='word_1_200' title='bbox 777 2285 808 2338; x_wconf 90' lang='lat' dir='ltr'><strong>at</strong></span> <span class='ocrx_word' id='word_1_201' title='bbox 827 2277 980 2357; x_wconf 87' lang='lat' dir='ltr'><strong>proprium</strong></span> <span class='ocrx_word' id='word_1_202' title='bbox 1003 2277 1067 2339; x_wconf 89' lang='lat' dir='ltr'><strong>eins</strong></span> <span class='ocrx_word' id='word_1_203' title='bbox 1090 2285 1152 2350; x_wconf 87' lang='lat' dir='ltr'><strong>est,</strong></span> <span class='ocrx_word' id='word_1_204' title='bbox 1177 2293 1297 2354; x_wconf 82' lang='lat' dir='ltr'><strong>semper</strong></span> <span class='ocrx_word' id='word_1_205' title='bbox 1319 2291 1389 2338; x_wconf 88' lang='lat' dir='ltr'><strong>esse</strong></span> 
     </span>
     <span class='ocr_line' id='line_1_21' title="bbox 157 2373 1388 2456; baseline -0.006 -12"><span class='ocrx_word' id='word_1_206' title='bbox 157 2388 189 2444; x_wconf 90' lang='lat' dir='ltr'><strong>ct</strong></span> <span class='ocrx_word' id='word_1_207' title='bbox 210 2398 279 2443; x_wconf 90' lang='lat' dir='ltr'><strong>cum</strong></span> <span class='ocrx_word' id='word_1_208' title='bbox 300 2379 596 2456; x_wconf 82' lang='lat' dir='ltr'><strong>Petrepermanere.</strong></span> <span class='ocrx_word' id='word_1_209' title='bbox 641 2377 705 2438; x_wconf 87' lang='lat' dir='ltr'><strong>Etsi</strong></span> <span class='ocrx_word' id='word_1_210' title='bbox 725 2385 824 2440; x_wconf 87' lang='lat' dir='ltr'><strong>autem</strong></span> <span class='ocrx_word' id='word_1_211' title='bbox 846 2377 1008 2456; x_wconf 73' lang='lat' dir='ltr'><strong>Apostolus</strong></span> <span class='ocrx_word' id='word_1_212' title='bbox 1023 2374 1156 2454; x_wconf 81' lang='lat' dir='ltr'><strong>Epistoid</strong></span> <span class='ocrx_word' id='word_1_213' title='bbox 1177 2376 1213 2436; x_wconf 91' lang='lat' dir='ltr'><strong>ad</strong></span> <span class='ocrx_word' id='word_1_214' title='bbox 1235 2373 1388 2437; x_wconf 87' lang='lat' dir='ltr'><strong>Hebraeos</strong></span> 
     </span>
     <span class='ocr_line' id='line_1_22' title="bbox 157 2476 1388 2558; baseline -0.005 -14"><span class='ocrx_word' id='word_1_215' title='bbox 157 2481 234 2544; x_wconf 81' lang='lat' dir='ltr'><strong>haec</strong></span> <span class='ocrx_word' id='word_1_216' title='bbox 253 2495 318 2539; x_wconf 93' lang='lat' dir='ltr'><strong>non</strong></span> <span class='ocrx_word' id='word_1_217' title='bbox 340 2477 521 2557; x_wconf 78' lang='lat' dir='ltr'><strong>scripsisset,</strong></span> <span class='ocrx_word' id='word_1_218' title='bbox 545 2495 581 2538; x_wconf 84' lang='lat' dir='ltr'><strong>ex</strong></span> <span class='ocrx_word' id='word_1_219' title='bbox 596 2476 660 2542; x_wconf 86' lang='lat' dir='ltr'><strong>aliis</strong></span> <span class='ocrx_word' id='word_1_220' title='bbox 675 2485 773 2540; x_wconf 87' lang='lat' dir='ltr'><strong>tamen</strong></span> <span class='ocrx_word' id='word_1_221' title='bbox 789 2478 921 2540; x_wconf 87' lang='lat' dir='ltr'><strong>eiusdem</strong></span> <span class='ocrx_word' id='word_1_222' title='bbox 936 2476 1080 2558; x_wconf 87' lang='lat' dir='ltr'><strong>Epistoiis</strong></span> <span class='ocrx_word' id='word_1_223' title='bbox 1095 2485 1183 2558; x_wconf 88' lang='lat' dir='ltr'><strong>atquc</strong></span> <span class='ocrx_word' id='word_1_224' title='bbox 1198 2495 1234 2538; x_wconf 86' lang='lat' dir='ltr'><strong>ex</strong></span> <span class='ocrx_word' id='word_1_225' title='bbox 1249 2476 1388 2538; x_wconf 81' lang='lat' dir='ltr'><strong>universa</strong></span> 
     </span>
     <span class='ocr_line' id='line_1_23' title="bbox 157 2577 1387 2659; baseline -0.003 -13"><span class='ocrx_word' id='word_1_226' title='bbox 157 2581 215 2646; x_wconf 87' lang='lat' dir='ltr'><strong>alia</strong></span> <span class='ocrx_word' id='word_1_227' title='bbox 237 2579 390 2659; x_wconf 82' lang='lat' dir='ltr'><strong>Scriptum</strong></span> <span class='ocrx_word' id='word_1_228' title='bbox 411 2577 479 2640; x_wconf 83' lang='lat' dir='ltr'><strong>talia</strong></span> <span class='ocrx_word' id='word_1_229' title='bbox 500 2579 541 2641; x_wconf 88' lang='lat' dir='ltr'><strong>de</strong></span> <span class='ocrx_word' id='word_1_230' title='bbox 552 2578 649 2642; x_wconf 85' lang='lat' dir='ltr'><strong>Verbo</strong></span> <span class='ocrx_word' id='word_1_231' title='bbox 665 2579 849 2644; x_wconf 87' lang='lat' dir='ltr'><strong>comminisci</strong></span> <span class='ocrx_word' id='word_1_232' title='bbox 871 2597 944 2641; x_wconf 87' lang='lat' dir='ltr'><strong>sane</strong></span> <span class='ocrx_word' id='word_1_233' title='bbox 964 2577 1203 2658; x_wconf 85' lang='lat' dir='ltr'><strong>prohiberentur.</strong></span> <span class='ocrx_word' id='word_1_234' title='bbox 1248 2578 1387 2642; x_wconf 83' lang='lat' dir='ltr'><strong>Ceterum</strong></span> 
     </span>
     <span class='ocr_line' id='line_1_24' title="bbox 157 2679 1386 2765; baseline -0.002 -19"><span class='ocrx_word' id='word_1_235' title='bbox 157 2681 397 2765; x_wconf 83' lang='lat' dir='ltr'><strong>quandoquidem</strong></span> <span class='ocrx_word' id='word_1_236' title='bbox 425 2679 490 2760; x_wconf 91' lang='lat' dir='ltr'><strong>ipse</strong></span> <span class='ocrx_word' id='word_1_237' title='bbox 517 2697 633 2762; x_wconf 89' lang='lat' dir='ltr'><strong>qnoque</strong></span> <span class='ocrx_word' id='word_1_238' title='bbox 661 2681 781 2763; x_wconf 90' lang='lat' dir='ltr'><strong>scripsit</strong></span> <span class='ocrx_word' id='word_1_239' title='bbox 809 2689 840 2743; x_wconf 85' lang='lat' dir='ltr'><strong>et</strong></span> <span class='ocrx_word' id='word_1_240' title='bbox 868 2699 957 2762; x_wconf 86' lang='lat' dir='ltr'><strong>supra</strong></span> <span class='ocrx_word' id='word_1_241' title='bbox 986 2681 1186 2756; x_wconf 88' lang='lat' dir='ltr'><strong>ostendimus,</strong></span> <span class='ocrx_word' id='word_1_242' title='bbox 1220 2681 1326 2744; x_wconf 86' lang='lat' dir='ltr'><strong>Filium</strong></span> <span class='ocrx_word' id='word_1_243' title='bbox 1349 2699 1386 2744; x_wconf 86' lang='lat' dir='ltr'><strong>ox</strong></span> 
     </span>
     <span class='ocr_line' id='line_1_25' title="bbox 155 2779 1385 2862; baseline -0.002 -15"><span class='ocrx_word' id='word_1_244' title='bbox 155 2793 262 2847; x_wconf 85' lang='lat' dir='ltr'><strong>natura</strong></span> <span class='ocrx_word' id='word_1_245' title='bbox 275 2783 373 2844; x_wconf 85' lang='lat' dir='ltr'><strong>Patris</strong></span> <span class='ocrx_word' id='word_1_246' title='bbox 391 2799 464 2843; x_wconf 78' lang='lat' dir='ltr'><strong>&#39;esse</strong></span> <span class='ocrx_word' id='word_1_247' title='bbox 486 2779 626 2859; x_wconf 76' lang='lat' dir='ltr'><strong>genitum,</strong></span> <span class='ocrx_word' id='word_1_248' title='bbox 649 2790 678 2843; x_wconf 90' lang='lat' dir='ltr'><strong>et</strong></span> <span class='ocrx_word' id='word_1_249' title='bbox 699 2781 780 2844; x_wconf 89' lang='lat' dir='ltr'><strong>ilium</strong></span> <span class='ocrx_word' id='word_1_250' title='bbox 803 2781 924 2862; x_wconf 89' lang='lat' dir='ltr'><strong>quidem</strong></span> <span class='ocrx_word' id='word_1_251' title='bbox 938 2801 1005 2854; x_wconf 87' lang='lat' dir='ltr'><strong>esse</strong></span> <span class='ocrx_word' id='word_1_252' title='bbox 1021 2783 1201 2858; x_wconf 79' lang='lat' dir='ltr'><strong>effectorem,</strong></span> <span class='ocrx_word' id='word_1_253' title='bbox 1223 2789 1385 2845; x_wconf 84' lang='lat' dir='ltr'><strong>rosentem</strong></span> 
     </span>
     <span class='ocr_line' id='line_1_26' title="bbox 156 2880 1385 2963; baseline -0.002 -17"><span class='ocrx_word' id='word_1_254' title='bbox 156 2883 230 2947; x_wconf 85' lang='lat' dir='ltr'><strong>alias</strong></span> <span class='ocrx_word' id='word_1_255' title='bbox 254 2883 290 2946; x_wconf 87' lang='lat' dir='ltr'><strong>ab</strong></span> <span class='ocrx_word' id='word_1_256' title='bbox 313 2901 349 2945; x_wconf 91' lang='lat' dir='ltr'><strong>eo</strong></span> <span class='ocrx_word' id='word_1_257' title='bbox 372 2881 459 2955; x_wconf 84' lang='lat' dir='ltr'><strong>eiiici,</strong></span> <span class='ocrx_word' id='word_1_258' title='bbox 482 2880 563 2942; x_wconf 88' lang='lat' dir='ltr'><strong>illum</strong></span> <span class='ocrx_word' id='word_1_259' title='bbox 578 2900 646 2944; x_wconf 85' lang='lat' dir='ltr'><strong>esse</strong></span> <span class='ocrx_word' id='word_1_260' title='bbox 662 2883 861 2961; x_wconf 87' lang='lat' dir='ltr'><strong>splendorem,</strong></span> <span class='ocrx_word' id='word_1_261' title='bbox 886 2883 1023 2957; x_wconf 84' lang='lat' dir='ltr'><strong>Verbum,</strong></span> <span class='ocrx_word' id='word_1_262' title='bbox 1046 2883 1201 2961; x_wconf 81' lang='lat' dir='ltr'><strong>imaginem</strong></span> <span class='ocrx_word' id='word_1_263' title='bbox 1219 2891 1249 2946; x_wconf 89' lang='lat' dir='ltr'><strong>et</strong></span> <span class='ocrx_word' id='word_1_264' title='bbox 1263 2883 1385 2963; x_wconf 83' lang='lat' dir='ltr'><strong>sepien-</strong></span> 
     </span>
     <span class='ocr_line' id='line_1_27' title="bbox 156 2981 1385 3058; baseline -0.002 -12"><span class='ocrx_word' id='word_1_265' title='bbox 156 2985 231 3047; x_wconf 84' lang='lat' dir='ltr'><strong>tirm</strong></span> <span class='ocrx_word' id='word_1_266' title='bbox 253 2983 360 3057; x_wconf 80' lang='lat' dir='ltr'><strong>Petris,</strong></span> <span class='ocrx_word' id='word_1_267' title='bbox 381 2999 432 3044; x_wconf 89' lang='lat' dir='ltr'><strong>res</strong></span> <span class='ocrx_word' id='word_1_268' title='bbox 454 2999 526 3042; x_wconf 82' lang='lat' dir='ltr'><strong>vero</strong></span> <span class='ocrx_word' id='word_1_269' title='bbox 549 2983 640 3043; x_wconf 82' lang='lat' dir='ltr'><strong>tactas</strong></span> <span class='ocrx_word' id='word_1_270' title='bbox 662 2981 739 3043; x_wconf 82' lang='lat' dir='ltr'><strong>intre</strong></span> <span class='ocrx_word' id='word_1_271' title='bbox 753 2981 928 3044; x_wconf 76' lang='lat' dir='ltr'><strong>Trinitatem</strong></span> <span class='ocrx_word' id='word_1_272' title='bbox 945 2983 1088 3044; x_wconf 87' lang='lat' dir='ltr'><strong>assistere</strong></span> <span class='ocrx_word' id='word_1_273' title='bbox 1110 2991 1140 3043; x_wconf 89' lang='lat' dir='ltr'><strong>et</strong></span> <span class='ocrx_word' id='word_1_274' title='bbox 1161 2983 1288 3058; x_wconf 81' lang='lat' dir='ltr'><strong>servire3</strong></span> <span class='ocrx_word' id='word_1_275' title='bbox 1310 2983 1385 3046; x_wconf 87' lang='lat' dir='ltr'><strong>alius</strong></span> 
     </span>
     <span class='ocr_line' id='line_1_28' title="bbox 157 3079 1386 3162; baseline -0.002 -18"><span class='ocrx_word' id='word_1_276' title='bbox 157 3099 230 3160; x_wconf 79' lang='lat' dir='ltr'><strong>ergo</strong></span> <span class='ocrx_word' id='word_1_277' title='bbox 253 3079 370 3160; x_wconf 73' lang='lat' dir='ltr'><strong>generis</strong></span> <span class='ocrx_word' id='word_1_278' title='bbox 400 3089 430 3144; x_wconf 92' lang='lat' dir='ltr'><strong>et</strong></span> <span class='ocrx_word' id='word_1_279' title='bbox 454 3089 576 3143; x_wconf 81' lang='lat' dir='ltr'><strong>naturae</strong></span> <span class='ocrx_word' id='word_1_280' title='bbox 605 3089 652 3143; x_wconf 89' lang='lat' dir='ltr'><strong>est</strong></span> <span class='ocrx_word' id='word_1_281' title='bbox 671 3081 763 3144; x_wconf 82' lang='lat' dir='ltr'><strong>Filius</strong></span> <span class='ocrx_word' id='word_1_282' title='bbox 791 3101 879 3162; x_wconf 89' lang='lat' dir='ltr'><strong>quam</strong></span> <span class='ocrx_word' id='word_1_283' title='bbox 907 3101 1009 3144; x_wconf 88' lang='lat' dir='ltr'><strong>rerum</strong></span> <span class='ocrx_word' id='word_1_284' title='bbox 1032 3082 1190 3156; x_wconf 83' lang='lat' dir='ltr'><strong>iacturum,</strong></span> <span class='ocrx_word' id='word_1_285' title='bbox 1224 3099 1258 3142; x_wconf 89' lang='lat' dir='ltr'><strong>ac</strong></span> <span class='ocrx_word' id='word_1_286' title='bbox 1284 3082 1386 3160; x_wconf 84' lang='lat' dir='ltr'><strong>potius</strong></span> 
     </span>
     <span class='ocr_line' id='line_1_29' title="bbox 155 3179 1388 3263; baseline 0 -19"><span class='ocrx_word' id='word_1_287' title='bbox 155 3181 299 3262; x_wconf 88' lang='lat' dir='ltr'><strong>proprius</strong></span> <span class='ocrx_word' id='word_1_288' title='bbox 322 3189 369 3243; x_wconf 88' lang='lat' dir='ltr'><strong>est</strong></span> <span class='ocrx_word' id='word_1_289' title='bbox 389 3182 574 3246; x_wconf 78' lang='lat' dir='ltr'><strong>substantiae</strong></span> <span class='ocrx_word' id='word_1_290' title='bbox 589 3183 687 3245; x_wconf 87' lang='lat' dir='ltr'><strong>Patris</strong></span> <span class='ocrx_word' id='word_1_291' title='bbox 710 3183 891 3263; x_wconf 86' lang='lat' dir='ltr'><strong>eandemque</strong></span> <span class='ocrx_word' id='word_1_292' title='bbox 914 3201 948 3244; x_wconf 88' lang='lat' dir='ltr'><strong>ao</strong></span> <span class='ocrx_word' id='word_1_293' title='bbox 968 3181 1018 3244; x_wconf 88' lang='lat' dir='ltr'><strong>ilie</strong></span> <span class='ocrx_word' id='word_1_294' title='bbox 1033 3189 1168 3244; x_wconf 86' lang='lat' dir='ltr'><strong>naturam</strong></span> <span class='ocrx_word' id='word_1_295' title='bbox 1183 3181 1281 3244; x_wconf 89' lang='lat' dir='ltr'><strong>habet.</strong></span> <span class='ocrx_word' id='word_1_296' title='bbox 1312 3179 1388 3244; x_wconf 85' lang='lat' dir='ltr'><strong>Hinc</strong></span> 
     </span>
     <span class='ocr_line' id='line_1_30' title="bbox 156 3282 1386 3365; baseline 0 -19"><span class='ocrx_word' id='word_1_297' title='bbox 156 3282 235 3346; x_wconf 93' lang='lat' dir='ltr'><strong>enim</strong></span> <span class='ocrx_word' id='word_1_298' title='bbox 265 3292 296 3345; x_wconf 89' lang='lat' dir='ltr'><strong>et</strong></span> <span class='ocrx_word' id='word_1_299' title='bbox 324 3283 388 3363; x_wconf 87' lang='lat' dir='ltr'><strong>ipse</strong></span> <span class='ocrx_word' id='word_1_300' title='bbox 409 3283 502 3346; x_wconf 86' lang='lat' dir='ltr'><strong>Filius</strong></span> <span class='ocrx_word' id='word_1_301' title='bbox 530 3303 591 3346; x_wconf 93' lang='lat' dir='ltr'><strong>non</strong></span> <span class='ocrx_word' id='word_1_302' title='bbox 620 3284 710 3346; x_wconf 81' lang='lat' dir='ltr'><strong>dixit:</strong></span> <span class='ocrx_word' id='word_1_303' title='bbox 737 3283 830 3347; x_wconf 84' lang='lat' dir='ltr'><strong>Peter</strong></span> <span class='ocrx_word' id='word_1_304' title='bbox 850 3301 934 3348; x_wconf 84' lang='lat' dir='ltr'><strong>meus</strong></span> <span class='ocrx_word' id='word_1_305' title='bbox 953 3287 1169 3365; x_wconf 84' lang='lat' dir='ltr'><strong>procstoutr&#39;or</strong></span> <span class='ocrx_word' id='word_1_306' title='bbox 1189 3301 1236 3346; x_wconf 84' lang='lat' dir='ltr'><strong>me</strong></span> <span class='ocrx_word' id='word_1_307' title='bbox 1258 3293 1320 3356; x_wconf 84' lang='lat' dir='ltr'><strong>cst,</strong></span> <span class='ocrx_word' id='word_1_308' title='bbox 1348 3301 1386 3346; x_wconf 86' lang='lat' dir='ltr'><strong>ne</strong></span> 
     </span>
     <span class='ocr_line' id='line_1_31' title="bbox 156 3383 1383 3466; baseline 0 -20"><span class='ocrx_word' id='word_1_309' title='bbox 156 3385 222 3465; x_wconf 86' lang='lat' dir='ltr'><strong>quis</strong></span> <span class='ocrx_word' id='word_1_310' title='bbox 246 3403 313 3448; x_wconf 92' lang='lat' dir='ltr'><strong>eum</strong></span> <span class='ocrx_word' id='word_1_311' title='bbox 342 3385 430 3448; x_wconf 86' lang='lat' dir='ltr'><strong>alium</strong></span> <span class='ocrx_word' id='word_1_312' title='bbox 457 3385 591 3450; x_wconf 85' lang='lat' dir='ltr'><strong>aPatris</strong></span> <span class='ocrx_word' id='word_1_313' title='bbox 620 3394 724 3448; x_wconf 88' lang='lat' dir='ltr'><strong>natura</strong></span> <span class='ocrx_word' id='word_1_314' title='bbox 746 3403 814 3448; x_wconf 90' lang='lat' dir='ltr'><strong>esse</strong></span> <span class='ocrx_word' id='word_1_315' title='bbox 842 3385 1058 3466; x_wconf 85' lang='lat' dir='ltr'><strong>suspicaretur,</strong></span> <span class='ocrx_word' id='word_1_316' title='bbox 1092 3385 1146 3448; x_wconf 89' lang='lat' dir='ltr'><strong>sed</strong></span> <span class='ocrx_word' id='word_1_317' title='bbox 1173 3389 1273 3448; x_wconf 83' lang='lat' dir='ltr'><strong>maior</strong></span> <span class='ocrx_word' id='word_1_318' title='bbox 1301 3383 1383 3461; x_wconf 81' lang='lat' dir='ltr'><strong>dixit,</strong></span> 
     </span>
    </p>
   </div>
   <div class='ocr_carea' id='block_1_3' title="bbox 148 3627 1383 4587">
    <p class='ocr_par' dir='ltr' id='par_1_4' title="bbox 155 3627 1383 3978">
     <span class='ocr_line' id='line_1_32' title="bbox 157 3627 1383 3702; baseline 0.003 -18"><span class='ocrx_word' id='word_1_319' title='bbox 157 3627 314 3696; x_wconf 69' lang='lat' dir='ltr'><strong>decicimas.</strong></span> <span class='ocrx_word' id='word_1_320' title='bbox 352 3639 424 3689; x_wconf 84' lang='lat' dir='ltr'><strong>Basii.</strong></span> <span class='ocrx_word' id='word_1_321' title='bbox 443 3640 540 3692; x_wconf 84' lang='lat' dir='ltr'><strong>Gobier.</strong></span> <span class='ocrx_word' id='word_1_322' title='bbox 558 3640 664 3691; x_wconf 78' lang='lat' dir='ltr'><strong>Feioirm.</strong></span> <span class='ocrx_word' id='word_1_323' title='bbox 679 3641 700 3691; x_wconf 87' lang='lat'><strong>1.</strong></span> <span class='ocrx_word' id='word_1_324' title='bbox 721 3650 744 3692; x_wconf 87' lang='lat' dir='ltr'><strong>et</strong></span> <span class='ocrx_word' id='word_1_325' title='bbox 829 3641 850 3688; x_wconf 83' lang='lat' dir='ltr'><strong>k.</strong></span> <span class='ocrx_word' id='word_1_326' title='bbox 868 3640 1008 3702; x_wconf 75' lang='lat' dir='ltr'><strong>Segoerion.</strong></span> <span class='ocrx_word' id='word_1_327' title='bbox 1031 3631 1120 3699; x_wconf 76' lang='grc' dir='ltr'><em>πάσης</em></span> <span class='ocrx_word' id='word_1_328' title='bbox 1143 3637 1191 3700; x_wconf 81' lang='grc' dir='ltr'><strong>τῆς</strong></span> <span class='ocrx_word' id='word_1_329' title='bbox 1209 3630 1288 3699; x_wconf 76' lang='grc' dir='ltr'><strong><em>ἄλλης</em></strong></span> <span class='ocrx_word' id='word_1_330' title='bbox 1304 3633 1383 3696; x_wconf 72' lang='grc' dir='ltr'><strong><em>θείας</em></strong></span> 
     </span>
     <span class='ocr_line' id='line_1_33' title="bbox 157 3696 1383 3776; baseline 0 -20"><span class='ocrx_word' id='word_1_331' title='bbox 157 3705 243 3768; x_wconf 73' lang='lat' dir='ltr'><strong>Regios</strong></span> <span class='ocrx_word' id='word_1_332' title='bbox 266 3696 423 3755; x_wconf 63' lang='lat' dir='ltr'><strong>&amp;aetenae</strong></span> <span class='ocrx_word' id='word_1_333' title='bbox 460 3707 551 3771; x_wconf 74' lang='lat' dir='ltr'><strong>tingite.</strong></span> <span class='ocrx_word' id='word_1_334' title='bbox 569 3699 742 3759; x_wconf 77' lang='grc' dir='ltr'><strong>ἀπόλλυνται.</strong></span> <span class='ocrx_word' id='word_1_335' title='bbox 792 3705 906 3776; x_wconf 71' lang='grc' dir='ltr'><em>γραφῆς</em></span> <span class='ocrx_word' id='word_1_336' title='bbox 922 3700 1072 3758; x_wconf 69' lang='grc' dir='ltr'><strong>ἐκωλύοντο</strong></span> <span class='ocrx_word' id='word_1_337' title='bbox 1090 3701 1220 3756; x_wconf 81' lang='grc' dir='ltr'><strong>τοιοῦτόν</strong></span> <span class='ocrx_word' id='word_1_338' title='bbox 1231 3720 1258 3756; x_wconf 85' lang='grc' dir='ltr'><strong>τι</strong></span> <span class='ocrx_word' id='word_1_339' title='bbox 1276 3703 1383 3774; x_wconf 76' lang='grc' dir='ltr'><em>φαντά-</em></span> 
     </span>
     <span class='ocr_line' id='line_1_34' title="bbox 155 3767 1383 3844; baseline 0.003 -23"><span class='ocrx_word' id='word_1_340' title='bbox 155 3771 207 3822; x_wconf 79' lang='lat' dir='ltr'><strong>iior</strong></span> <span class='ocrx_word' id='word_1_341' title='bbox 226 3775 325 3836; x_wconf 69' lang='lat' dir='ltr'><strong>Segner.</strong></span> <span class='ocrx_word' id='word_1_342' title='bbox 344 3775 442 3826; x_wconf 82' lang='lat' dir='ltr'><strong>Gobter.</strong></span> <span class='ocrx_word' id='word_1_343' title='bbox 461 3783 484 3824; x_wconf 84' lang='lat' dir='ltr'><strong>et</strong></span> <span class='ocrx_word' id='word_1_344' title='bbox 502 3776 606 3826; x_wconf 76' lang='lat' dir='ltr'><strong>nereum.</strong></span> <span class='ocrx_word' id='word_1_345' title='bbox 627 3777 648 3828; x_wconf 86' lang='lat'><strong>1.</strong></span> <span class='ocrx_word' id='word_1_346' title='bbox 668 3767 742 3842; x_wconf 78' lang='grc' dir='ltr'><strong><em>ὅμως</em></strong></span> <span class='ocrx_word' id='word_1_347' title='bbox 794 3773 888 3832; x_wconf 63' lang='lat' dir='ltr'><strong>(sodor</strong></span> <span class='ocrx_word' id='word_1_348' title='bbox 905 3769 1034 3844; x_wconf 78' lang='grc' dir='ltr'><strong>περὶτοῦ</strong></span> <span class='ocrx_word' id='word_1_349' title='bbox 1053 3767 1120 3825; x_wconf 78' lang='lat' dir='ltr'><strong>otoo.</strong></span> <span class='ocrx_word' id='word_1_350' title='bbox 1156 3776 1227 3825; x_wconf 78' lang='lat' dir='ltr'><strong>desii.</strong></span> <span class='ocrx_word' id='word_1_351' title='bbox 1242 3777 1339 3827; x_wconf 81' lang='lat' dir='ltr'><strong>Gobier.</strong></span> <span class='ocrx_word' id='word_1_352' title='bbox 1359 3783 1383 3825; x_wconf 88' lang='lat' dir='ltr'><strong>et</strong></span> 
     </span>
     <span class='ocr_line' id='line_1_35' title="bbox 155 3831 1382 3908; baseline 0.005 -20"><span class='ocrx_word' id='word_1_353' title='bbox 155 3831 184 3888; x_wconf 74' lang='lat' dir='ltr'><strong>tx</strong></span> <span class='ocrx_word' id='word_1_354' title='bbox 200 3837 257 3888; x_wconf 75' lang='grc' dir='ltr'><strong>τῶν</strong></span> <span class='ocrx_word' id='word_1_355' title='bbox 273 3834 311 3907; x_wconf 72' lang='grc' dir='ltr'><strong>μὴ</strong></span> <span class='ocrx_word' id='word_1_356' title='bbox 331 3837 421 3890; x_wconf 72' lang='grc' dir='ltr'><em>ὄντων</em></span> <span class='ocrx_word' id='word_1_357' title='bbox 437 3838 541 3908; x_wconf 78' lang='grc' dir='ltr'><strong>γέγονε.</strong></span> <span class='ocrx_word' id='word_1_358' title='bbox 792 3844 899 3894; x_wconf 80' lang='lat' dir='ltr'><strong>Feickm.</strong></span> <span class='ocrx_word' id='word_1_359' title='bbox 920 3845 941 3894; x_wconf 94' lang='lat' dir='ltr'><strong>l.</strong></span> <span class='ocrx_word' id='word_1_360' title='bbox 966 3853 990 3894; x_wconf 82' lang='lat' dir='ltr'><strong>rt</strong></span> <span class='ocrx_word' id='word_1_361' title='bbox 1012 3845 1069 3906; x_wconf 67' lang='lat' dir='ltr'><strong>lies.</strong></span> <span class='ocrx_word' id='word_1_362' title='bbox 1093 3855 1121 3892; x_wconf 81' lang='grc' dir='ltr'><strong>τι</strong></span> <span class='ocrx_word' id='word_1_363' title='bbox 1142 3841 1277 3892; x_wconf 79' lang='grc' dir='ltr'><strong>τοιοῦτον.</strong></span> <span class='ocrx_word' id='word_1_364' title='bbox 1322 3843 1382 3894; x_wconf 82' lang='lat' dir='ltr'><strong>item</strong></span> 
     </span>
     <span class='ocr_line' id='line_1_36' title="bbox 793 3902 1335 3978; baseline -0.007 -17"><span class='ocrx_word' id='word_1_365' title='bbox 793 3911 891 3962; x_wconf 79' lang='lat' dir='ltr'><strong>Gobier</strong></span> <span class='ocrx_word' id='word_1_366' title='bbox 910 3918 933 3960; x_wconf 83' lang='grc' dir='ltr'><strong>ιι</strong></span> <span class='ocrx_word' id='word_1_367' title='bbox 951 3911 1058 3960; x_wconf 76' lang='lat' dir='ltr'><strong>retckm.</strong></span> <span class='ocrx_word' id='word_1_368' title='bbox 1078 3909 1101 3960; x_wconf 89' lang='lat'><strong>1.</strong></span> <span class='ocrx_word' id='word_1_369' title='bbox 1120 3905 1248 3978; x_wconf 72' lang='grc' dir='ltr'><strong>περὶτοῦ</strong></span> <span class='ocrx_word' id='word_1_370' title='bbox 1266 3902 1335 3958; x_wconf 79' lang='lat' dir='ltr'><strong>vind.</strong></span> 
     </span>
    </p>

    <p class='ocr_par' dir='ltr' id='par_1_5' title="bbox 790 3977 1383 4180">
     <span class='ocr_line' id='line_1_37' title="bbox 826 3977 1383 4040; baseline 0 -13"><span class='ocrx_word' id='word_1_371' title='bbox 826 3977 842 4028; x_wconf 91' lang='grc' dir='ltr'><strong>Ι.</strong></span> <span class='ocrx_word' id='word_1_372' title='bbox 861 3981 961 4040; x_wconf 75' lang='lat' dir='ltr'><strong>Seguer.</strong></span> <span class='ocrx_word' id='word_1_373' title='bbox 985 3979 1083 4029; x_wconf 85' lang='lat' dir='ltr'><strong>Gobier.</strong></span> <span class='ocrx_word' id='word_1_374' title='bbox 1102 3987 1125 4028; x_wconf 93' lang='lat' dir='ltr'><strong>et</strong></span> <span class='ocrx_word' id='word_1_375' title='bbox 1144 3979 1248 4028; x_wconf 73' lang='lat' dir='ltr'><strong>deicitur.</strong></span> <span class='ocrx_word' id='word_1_376' title='bbox 1267 3977 1290 4028; x_wconf 90' lang='lat'><strong>1.</strong></span> <span class='ocrx_word' id='word_1_377' title='bbox 1309 3977 1383 4028; x_wconf 88' lang='lat' dir='ltr'><strong>omit-</strong></span> 
     </span>
     <span class='ocr_line' id='line_1_38' title="bbox 791 4035 1383 4112; baseline -0.007 -16"><span class='ocrx_word' id='word_1_378' title='bbox 791 4053 844 4096; x_wconf 88' lang='lat' dir='ltr'><strong>tunt</strong></span> <span class='ocrx_word' id='word_1_379' title='bbox 860 4041 983 4112; x_wconf 75' lang='grc' dir='ltr'><em>γέννημα</em></span> <span class='ocrx_word' id='word_1_380' title='bbox 1000 4053 1024 4096; x_wconf 87' lang='lat' dir='ltr'><strong>et</strong></span> <span class='ocrx_word' id='word_1_381' title='bbox 1042 4035 1090 4101; x_wconf 79' lang='lat' dir='ltr'><strong>uir,</strong></span> <span class='ocrx_word' id='word_1_382' title='bbox 1110 4060 1212 4112; x_wconf 81' lang='lat' dir='ltr'><strong>moxque</strong></span> <span class='ocrx_word' id='word_1_383' title='bbox 1230 4046 1320 4096; x_wconf 86' lang='lat' dir='ltr'><strong>habent</strong></span> <span class='ocrx_word' id='word_1_384' title='bbox 1337 4037 1383 4104; x_wconf 73' lang='lat' dir='ltr'><strong>du·</strong></span> 
     </span>
     <span class='ocr_line' id='line_1_39' title="bbox 790 4113 925 4180; baseline -0.022 -16"><span class='ocrx_word' id='word_1_385' title='bbox 790 4113 925 4180; x_wconf 76' lang='grc' dir='ltr'><strong>μιοοργετ.</strong></span> 
     </span>
    </p>

    <p class='ocr_par' dir='ltr' id='par_1_6' title="bbox 790 4169 1380 4300">
     <span class='ocr_line' id='line_1_40' title="bbox 825 4169 1380 4244; baseline -0.014 -12"><span class='ocrx_word' id='word_1_386' title='bbox 825 4195 858 4232; x_wconf 84' lang='lat' dir='ltr'><strong>nr.</strong></span> <span class='ocrx_word' id='word_1_387' title='bbox 877 4183 977 4243; x_wconf 76' lang='lat' dir='ltr'><strong>Sepuer.</strong></span> <span class='ocrx_word' id='word_1_388' title='bbox 996 4181 1052 4244; x_wconf 70' lang='lat' dir='ltr'><strong>dog.</strong></span> <span class='ocrx_word' id='word_1_389' title='bbox 1071 4181 1175 4232; x_wconf 77' lang='lat' dir='ltr'><strong>Fulcim.</strong></span> <span class='ocrx_word' id='word_1_390' title='bbox 1196 4181 1220 4230; x_wconf 89' lang='lat'><strong>1.</strong></span> <span class='ocrx_word' id='word_1_391' title='bbox 1235 4187 1259 4230; x_wconf 87' lang='lat' dir='ltr'><strong>et</strong></span> <span class='ocrx_word' id='word_1_392' title='bbox 1270 4179 1294 4229; x_wconf 84' lang='lat'><strong>5.</strong></span> <span class='ocrx_word' id='word_1_393' title='bbox 1312 4169 1380 4226; x_wconf 71' lang='lat' dir='ltr'><strong>tori.</strong></span> 
     </span>
     <span class='ocr_line' id='line_1_41' title="bbox 790 4239 1033 4300; baseline -0.008 0"><span class='ocrx_word' id='word_1_394' title='bbox 790 4249 854 4300; x_wconf 84' lang='lat' dir='ltr'><strong>Editi</strong></span> <span class='ocrx_word' id='word_1_395' title='bbox 873 4257 897 4299; x_wconf 84' lang='lat' dir='ltr'><strong>et</strong></span> <span class='ocrx_word' id='word_1_396' title='bbox 914 4249 955 4299; x_wconf 82' lang='lat' dir='ltr'><strong>eiii</strong></span> <span class='ocrx_word' id='word_1_397' title='bbox 972 4239 1033 4298; x_wconf 75' lang='lat' dir='ltr'><strong>etat</strong></span> 
     </span>
    </p>

    <p class='ocr_par' dir='ltr' id='par_1_7' title="bbox 826 4311 1381 4380">
     <span class='ocr_line' id='line_1_42' title="bbox 826 4311 1381 4380; baseline -0.02 -13"><span class='ocrx_word' id='word_1_398' title='bbox 826 4333 850 4367; x_wconf 90' lang='lat' dir='ltr'><strong>n.</strong></span> <span class='ocrx_word' id='word_1_399' title='bbox 868 4317 909 4368; x_wconf 87' lang='lat' dir='ltr'><strong>Sic</strong></span> <span class='ocrx_word' id='word_1_400' title='bbox 926 4317 985 4380; x_wconf 77' lang='lat' dir='ltr'><strong>Reg.</strong></span> <span class='ocrx_word' id='word_1_401' title='bbox 1003 4326 1027 4368; x_wconf 82' lang='lat' dir='ltr'><strong>et</strong></span> <span class='ocrx_word' id='word_1_402' title='bbox 1045 4317 1185 4379; x_wconf 74' lang='lat' dir='ltr'><strong>Segnerirn.</strong></span> <span class='ocrx_word' id='word_1_403' title='bbox 1221 4311 1300 4364; x_wconf 82' lang='lat' dir='ltr'><strong>Ceteri</strong></span> <span class='ocrx_word' id='word_1_404' title='bbox 1324 4322 1381 4358; x_wconf 79' lang='lat' dir='ltr'><strong>vero</strong></span> 
     </span>
    </p>

    <p class='ocr_par' dir='ltr' id='par_1_8' title="bbox 148 4375 1381 4587">
     <span class='ocr_line' id='line_1_43' title="bbox 186 4375 1381 4452; baseline -0.009 -21"><span class='ocrx_word' id='word_1_405' title='bbox 186 4383 202 4431; x_wconf 91' lang='lat' dir='ltr'><strong>i.</strong></span> <span class='ocrx_word' id='word_1_406' title='bbox 220 4382 262 4434; x_wconf 90' lang='lat' dir='ltr'><strong>Sic</strong></span> <span class='ocrx_word' id='word_1_407' title='bbox 287 4383 386 4447; x_wconf 62' lang='lat' dir='ltr'><strong>sepner.</strong></span> <span class='ocrx_word' id='word_1_408' title='bbox 413 4393 436 4435; x_wconf 84' lang='lat' dir='ltr'><strong>et</strong></span> <span class='ocrx_word' id='word_1_409' title='bbox 459 4385 515 4448; x_wconf 67' lang='lat' dir='ltr'><strong>Res.</strong></span> <span class='ocrx_word' id='word_1_410' title='bbox 550 4387 579 4436; x_wconf 75' lang='lat' dir='ltr'><strong>At</strong></span> <span class='ocrx_word' id='word_1_411' title='bbox 602 4385 700 4437; x_wconf 82' lang='lat' dir='ltr'><strong>Gohler.</strong></span> <span class='ocrx_word' id='word_1_412' title='bbox 719 4393 743 4437; x_wconf 85' lang='lat' dir='ltr'><strong>et</strong></span> <span class='ocrx_word' id='word_1_413' title='bbox 793 4393 816 4435; x_wconf 88' lang='lat' dir='ltr'><strong>et</strong></span> <span class='ocrx_word' id='word_1_414' title='bbox 834 4384 890 4434; x_wconf 86' lang='lat' dir='ltr'><strong>editi</strong></span> <span class='ocrx_word' id='word_1_415' title='bbox 907 4397 963 4450; x_wconf 83' lang='grc' dir='ltr'><strong>μου</strong></span> <span class='ocrx_word' id='word_1_416' title='bbox 979 4377 1112 4452; x_wconf 74' lang='grc' dir='ltr'><strong>κρείττων</strong></span> <span class='ocrx_word' id='word_1_417' title='bbox 1128 4376 1212 4432; x_wconf 69' lang='grc' dir='ltr'><em>ἐστίν.</em></span> <span class='ocrx_word' id='word_1_418' title='bbox 1238 4377 1298 4426; x_wconf 87' lang='lat' dir='ltr'><strong>ibid.</strong></span> <span class='ocrx_word' id='word_1_419' title='bbox 1308 4375 1381 4450; x_wconf 56' lang='lat' dir='ltr'><strong>Sego.</strong></span> 
     </span>
     <span class='ocr_line' id='line_1_44' title="bbox 148 4437 1381 4518; baseline -0.003 -19"><span class='ocrx_word' id='word_1_420' title='bbox 148 4449 290 4502; x_wconf 77' lang='lat' dir='ltr'><strong>Feietmen.</strong></span> <span class='ocrx_word' id='word_1_421' title='bbox 311 4453 332 4502; x_wconf 89' lang='lat'><strong>1.</strong></span> <span class='ocrx_word' id='word_1_422' title='bbox 359 4447 498 4517; x_wconf 78' lang='grc' dir='ltr'><em>διαμένειν</em></span> <span class='ocrx_word' id='word_1_423' title='bbox 524 4445 575 4500; x_wconf 75' lang='grc' dir='ltr'><strong>σὺν</strong></span> <span class='ocrx_word' id='word_1_424' title='bbox 591 4451 630 4516; x_wconf 76' lang='grc' dir='ltr'><strong>τῷ</strong></span> <span class='ocrx_word' id='word_1_425' title='bbox 647 4445 742 4518; x_wconf 72' lang='grc' dir='ltr'><strong><em>πατρί.</em></strong></span> <span class='ocrx_word' id='word_1_426' title='bbox 792 4447 870 4508; x_wconf 77' lang='grc' dir='ltr'><em>ξένον</em></span> <span class='ocrx_word' id='word_1_427' title='bbox 887 4463 928 4504; x_wconf 79' lang='grc' dir='ltr'><strong>τις</strong></span> <span class='ocrx_word' id='word_1_428' title='bbox 944 4449 999 4510; x_wconf 73' lang='grc' dir='ltr'><strong>τῆς.</strong></span> <span class='ocrx_word' id='word_1_429' title='bbox 1036 4449 1098 4498; x_wconf 82' lang='lat' dir='ltr'><strong>Editi</strong></span> <span class='ocrx_word' id='word_1_430' title='bbox 1122 4457 1147 4498; x_wconf 85' lang='lat' dir='ltr'><strong>et</strong></span> <span class='ocrx_word' id='word_1_431' title='bbox 1168 4446 1208 4496; x_wconf 80' lang='lat' dir='ltr'><strong>eiii</strong></span> <span class='ocrx_word' id='word_1_432' title='bbox 1231 4437 1308 4516; x_wconf 61' lang='grc' dir='ltr'><strong>ξέγῡν</strong></span> <span class='ocrx_word' id='word_1_433' title='bbox 1325 4450 1381 4495; x_wconf 61' lang='grc' dir='ltr'><em>τις·</em></span> 
     </span>
     <span class='ocr_line' id='line_1_45' title="bbox 150 4503 1359 4587; baseline -0.001 -20"><span class='ocrx_word' id='word_1_434' title='bbox 150 4517 232 4568; x_wconf 85' lang='lat' dir='ltr'><strong>Ceteri</strong></span> <span class='ocrx_word' id='word_1_435' title='bbox 249 4526 274 4570; x_wconf 89' lang='lat' dir='ltr'><strong>et</strong></span> <span class='ocrx_word' id='word_1_436' title='bbox 291 4519 348 4572; x_wconf 81' lang='lat' dir='ltr'><strong>editi</strong></span> <span class='ocrx_word' id='word_1_437' title='bbox 367 4514 556 4587; x_wconf 72' lang='grc' dir='ltr'><strong>συνδιαμένειν</strong></span> <span class='ocrx_word' id='word_1_438' title='bbox 572 4514 667 4584; x_wconf 78' lang='grc' dir='ltr'><strong><em>πατρί.</em></strong></span> <span class='ocrx_word' id='word_1_439' title='bbox 793 4519 847 4576; x_wconf 77' lang='lat' dir='ltr'><strong>dior</strong></span> <span class='ocrx_word' id='word_1_440' title='bbox 865 4518 961 4571; x_wconf 81' lang='lat' dir='ltr'><strong>Gobier.</strong></span> <span class='ocrx_word' id='word_1_441' title='bbox 981 4525 1004 4567; x_wconf 87' lang='lat' dir='ltr'><strong>et</strong></span> <span class='ocrx_word' id='word_1_442' title='bbox 1020 4514 1127 4566; x_wconf 81' lang='lat' dir='ltr'><strong>Feietm.</strong></span> <span class='ocrx_word' id='word_1_443' title='bbox 1139 4514 1161 4564; x_wconf 86' lang='lat' dir='ltr'><strong>i.</strong></span> <span class='ocrx_word' id='word_1_444' title='bbox 1179 4503 1359 4566; x_wconf 53' lang='lat' dir='ltr'><strong>&amp;mmmm</strong></span> 
     </span>
    </p>
   </div>
   <div class='ocr_carea' id='block_1_4' title="bbox 151 3936 741 4145">
    <p class='ocr_par' dir='ltr' id='par_1_9' title="bbox 151 3936 741 4145">
     <span class='ocr_line' id='line_1_46' title="bbox 189 3936 741 4010; baseline 0.007 -20"><span class='ocrx_word' id='word_1_445' title='bbox 189 3939 213 3990; x_wconf 83' lang='lat' dir='ltr'><strong>ir.</strong></span> <span class='ocrx_word' id='word_1_446' title='bbox 231 3941 331 4004; x_wconf 72' lang='lat' dir='ltr'><strong>sepner.</strong></span> <span class='ocrx_word' id='word_1_447' title='bbox 350 3936 492 4010; x_wconf 73' lang='grc' dir='ltr'><strong>διαμινεῖο.</strong></span> <span class='ocrx_word' id='word_1_448' title='bbox 529 3944 572 3994; x_wconf 82' lang='lat' dir='ltr'><strong>ttii</strong></span> <span class='ocrx_word' id='word_1_449' title='bbox 583 3952 606 3994; x_wconf 88' lang='lat' dir='ltr'><strong>et</strong></span> <span class='ocrx_word' id='word_1_450' title='bbox 618 3943 674 3994; x_wconf 89' lang='lat' dir='ltr'><strong>editi</strong></span> <span class='ocrx_word' id='word_1_451' title='bbox 684 3939 741 3994; x_wconf 75' lang='grc' dir='ltr'><em>διοι-</em></span> 
     </span>
     <span class='ocr_line' id='line_1_47' title="bbox 151 4002 741 4124; baseline 0.01 -68"><span class='ocrx_word' id='word_1_452' title='bbox 151 4002 269 4124; x_wconf 48' lang='grc' dir='ltr'><strong>ἐιονιιι.ἱ</strong></span> <span class='ocrx_word' id='word_1_453' title='bbox 286 4009 338 4088; x_wconf 75' lang='lat' dir='ltr'><strong>idox</strong></span> <span class='ocrx_word' id='word_1_454' title='bbox 351 4011 451 4073; x_wconf 73' lang='lat' dir='ltr'><strong>Segner.</strong></span> <span class='ocrx_word' id='word_1_455' title='bbox 461 4011 558 4092; x_wconf 27' lang='lat' dir='ltr'><strong>dot-riter.</strong></span> <span class='ocrx_word' id='word_1_456' title='bbox 569 4021 593 4062; x_wconf 87' lang='lat' dir='ltr'><strong>et</strong></span> <span class='ocrx_word' id='word_1_457' title='bbox 602 4011 705 4092; x_wconf 51' lang='lat' dir='ltr'><strong>feletem.</strong></span> <span class='ocrx_word' id='word_1_458' title='bbox 719 4013 741 4090; x_wconf 71' lang='lat'><strong>¹,-</strong></span> 
     </span>
     <span class='ocr_line' id='line_1_48' title="bbox 242 4071 740 4145; baseline 0.008 -21"><span class='ocrx_word' id='word_1_459' title='bbox 242 4089 273 4124; x_wconf 81' lang='grc' dir='ltr'><strong>τι</strong></span> <span class='ocrx_word' id='word_1_460' title='bbox 291 4071 437 4128; x_wconf 67' lang='grc' dir='ltr'><strong>δονασθοι</strong></span> <span class='ocrx_word' id='word_1_461' title='bbox 465 4079 525 4130; x_wconf 77' lang='grc' dir='ltr'><em>Εάιιι</em></span> <span class='ocrx_word' id='word_1_462' title='bbox 544 4088 568 4129; x_wconf 85' lang='lat' dir='ltr'><strong>et</strong></span> <span class='ocrx_word' id='word_1_463' title='bbox 585 4080 625 4129; x_wconf 82' lang='lat' dir='ltr'><strong>ain</strong></span> <span class='ocrx_word' id='word_1_464' title='bbox 643 4091 697 4145; x_wconf 75' lang='grc' dir='ltr'><strong>εχει</strong></span> <span class='ocrx_word' id='word_1_465' title='bbox 708 4093 740 4128; x_wconf 81' lang='grc' dir='ltr'><strong>τι</strong></span> 
     </span>
    </p>
   </div>
   <div class='ocr_carea' id='block_1_5' title="bbox 150 4089 741 4332">
    <p class='ocr_par' dir='ltr' id='par_1_10' title="bbox 150 4089 741 4332">
     <span class='ocr_line' id='line_1_49' title="bbox 152 4089 741 4212; baseline 0.005 -19"><span class='ocrx_word' id='word_1_466' title='bbox 152 4089 299 4196; x_wconf 46' lang='lat' dir='ltr'><strong>frixonum.</strong></span> <span class='ocrx_word' id='word_1_467' title='bbox 334 4147 407 4197; x_wconf 80' lang='lat' dir='ltr'><strong>Penio</strong></span> <span class='ocrx_word' id='word_1_468' title='bbox 420 4155 478 4212; x_wconf 85' lang='lat' dir='ltr'><strong>post</strong></span> <span class='ocrx_word' id='word_1_469' title='bbox 489 4148 588 4210; x_wconf 74' lang='lat' dir='ltr'><strong>Seguer.</strong></span> <span class='ocrx_word' id='word_1_470' title='bbox 608 4139 691 4196; x_wconf 73' lang='grc' dir='ltr'><strong><em>αὐτοῦ</em></strong></span> <span class='ocrx_word' id='word_1_471' title='bbox 709 4141 741 4196; x_wconf 79' lang='grc' dir='ltr'><strong>τὸ</strong></span> 
     </span>
     <span class='ocr_line' id='line_1_50' title="bbox 150 4200 741 4332; baseline 0.005 -68"><span class='ocrx_word' id='word_1_472' title='bbox 150 4208 282 4332; x_wconf 48' lang='lat' dir='ltr'><strong>{gimo</strong></span> <span class='ocrx_word' id='word_1_473' title='bbox 300 4205 348 4262; x_wconf 78' lang='lat' dir='ltr'><strong>oriar</strong></span> <span class='ocrx_word' id='word_1_474' title='bbox 365 4200 399 4275; x_wconf 77' lang='grc' dir='ltr'><strong>ἦν</strong></span> <span class='ocrx_word' id='word_1_475' title='bbox 416 4223 460 4266; x_wconf 80' lang='grc' dir='ltr'><em>ιιι.</em></span> <span class='ocrx_word' id='word_1_476' title='bbox 501 4215 528 4266; x_wconf 87' lang='lat' dir='ltr'><strong>in</strong></span> <span class='ocrx_word' id='word_1_477' title='bbox 550 4215 605 4266; x_wconf 84' lang='lat' dir='ltr'><strong>otiis</strong></span> <span class='ocrx_word' id='word_1_478' title='bbox 629 4225 653 4266; x_wconf 87' lang='lat' dir='ltr'><strong>et</strong></span> <span class='ocrx_word' id='word_1_479' title='bbox 670 4217 741 4268; x_wconf 88' lang='lat' dir='ltr'><strong>editis</strong></span> 
     </span>
    </p>
   </div>
   <div class='ocr_carea' id='block_1_6' title="bbox 0 0 1612 5048">
    <p class='ocr_par' dir='ltr' id='par_1_11' title="bbox 0 0 1612 5048">
     <span class='ocr_line' id='line_1_51' title="bbox 0 0 1612 5048; baseline 0 4"><span class='ocrx_word' id='word_1_480' title='bbox 0 0 1612 5048; x_wconf 95' lang='lat' dir='ltr'><strong> </strong></span> 
     </span>
    </p>
   </div>
  </div>
 </body>
</html>
