3102 5042
504 243 651 290 arueram
666 246 686 290 ι.
703 246 739 288 an
756 245 952 292 samareum.
1272 237 1330 298 ιιι

101 417 203 467 tamen
226 399 305 462 idem
328 395 450 458 alteriue
473 403 520 458 est
541 401 636 476 pater.
680 395 763 458 Unde
793 413 853 458 non
881 396 1004 476 proprie
1032 398 1062 459 in
1084 399 1254 464 hominibus
1276 417 1420 482 pa-r.ma.

104 507 160 568 tria
183 509 212 564 et
234 500 288 564 iiiii
309 515 420 560 namen
444 504 587 558 seruatur.
631 495 681 558 Sin
693 495 849 571 Abraham,
873 496 922 576 qui
944 497 1000 560 tuit
1014 497 1091 560 fliius
1107 499 1233 576 Therae,
1255 504 1333 566 idem

106 605 162 668 init
182 613 268 684 pater
289 600 382 662 isaac.
427 597 571 660 Similiter
591 597 691 673 isaac,
720 598 771 678 qui
800 599 877 660 iilius
906 605 970 660 erat
990 597 1140 675 Abrahae,
1169 603 1225 664 fuit
1251 615 1335 684 pater

105 704 210 777 laeui),
240 719 334 781 eaque
362 707 409 764 est
438 700 585 764 humanae
612 691 736 762 naturae
757 700 899 762 conditio.
943 699 1016 762 Nam
1040 701 1097 763 aihi
1118 702 1243 766 invicem
1266 715 1337 768 sunt

105 817 217 888 partes,
240 813 270 868 et
291 801 426 883 quisquis
449 800 578 882 gignitur
600 799 692 879 patris
712 809 828 880 partem
850 801 948 875 habet,
970 809 1003 862 ut
1023 810 1054 864 et
1069 802 1133 882 ipse
1147 804 1270 867 alterius
1287 807 1337 868 tint

105 915 201 990 pater.
244 906 281 968 Δι
301 923 363 967 non
385 903 424 966 ita
447 921 480 964 se
501 920 552 964 ras
574 901 664 964 habet
684 902 715 962 in
738 901 898 966 divinitate.
942 903 1003 964 Nee
1025 904 1104 966 enim
1119 905 1273 968 hominurn
1290 907 1335 969 si-

106 1009 186 1072 milis
209 1017 255 1070 eat
275 1007 371 1077 Deus,
401 1023 458 1066 nec
486 1001 610 1066 divisam
637 1003 727 1066 habet
754 1011 898 1066 natmam.
944 1005 1133 1086 Quapropter
1160 1025 1257 1088 neque
1288 1007 1335 1070 sui

108 1109 255 1173 divisione
276 1107 382 1170 Filium
405 1113 535 1185 generat,
560 1112 593 1166 ut
615 1112 644 1167 et
666 1103 731 1185 ipse
753 1104 873 1168 alterius
888 1114 973 1186 pater
994 1107 1053 1179 fiat,
1078 1127 1143 1169 eum
1157 1127 1255 1188 neque
1269 1109 1336 1190 ipse
1418 1085 1422 1100 ⁸

106 1213 147 1276 ait
168 1231 204 1274 ex
225 1219 320 1291 patre,
343 1225 439 1287 neque
461 1205 553 1268 Filius
574 1224 645 1286 pars
667 1207 707 1269 sit
727 1208 832 1287 patrie.
876 1207 976 1287 itaque
998 1208 1089 1272 Filius
1111 1227 1175 1272 non
1202 1219 1418 1290 generaturus.

106 1322 142 1376 ut
162 1297 229 1394 ipse
250 1310 368 1390 genitus
389 1317 452 1381 est,
475 1307 529 1372 aed
551 1316 632 1370 totus
654 1317 699 1371 est
721 1309 813 1372 totius
837 1309 932 1388 imago
956 1318 983 1372 et
1006 1311 1165 1390 splendor;
1193 1321 1280 1391 atque
1302 1313 1334 1374 in

107 1414 172 1477 sela
194 1412 343 1475 divinitate
365 1410 453 1472 Pater
474 1409 596 1490 proprie
618 1418 665 1472 est
686 1417 780 1490 pater,
804 1419 834 1473 et
847 1409 940 1472 Filius
962 1413 1082 1492 proprie
1104 1421 1152 1476 est
1172 1411 1261 1488 iilius,
1283 1413 1333 1492 qui

106 1517 196 1578 Pater
218 1531 337 1592 semper
358 1512 413 1574 tuit
433 1519 534 1590 pater,
564 1521 593 1573 et
613 1511 706 1574 Filius
735 1513 846 1592 pariter
867 1531 988 1593 semper
1008 1515 1064 1576 tuit
1084 1513 1173 1576 iilius.
1218 1515 1332 1588 Quem·

107 1616 267 1680 admodum
289 1615 358 1676 item
381 1631 531 1702 nunquam
554 1612 640 1676 Pater
661 1615 776 1676 iuturus
799 1623 847 1676 est
873 1614 967 1688 filius,
999 1616 1043 1677 sic
1069 1633 1219 1696 nunquam
1240 1615 1332 1678 ruins

107 1721 225 1782 tuturus
247 1725 294 1780 est
314 1725 408 1796 pater.
452 1715 489 1776 Et
511 1723 544 1776 ut
565 1733 715 1795 nunquam
735 1716 821 1779 Pater
842 1717 959 1778 desinet
981 1717 1063 1780 seim
1087 1737 1156 1780 esee
1176 1726 1270 1797 pater,
1294 1717 1334 1778 ita

106 1821 200 1884 Filius
223 1838 371 1899 nunquam
394 1818 511 1881 desinet
533 1835 602 1879 ease
624 1817 708 1880 seins
731 1817 819 1880 iilius.
862 1817 956 1880 Nema
979 1817 1069 1897 igitur
1090 1819 1150 1880 nisi
1167 1825 1267 1880 mente
1282 1837 1333 1880 ea-

106 1931 178 2004 ptus
200 1921 305 1984 dixerit
332 1919 378 1982 vel
406 1920 594 1997 cogitaverit,
625 1920 745 1981 fratrem
774 1939 841 1982 esse
868 1917 959 1993 Filio,
994 1928 1024 1982 et
1050 1939 1161 1982 namen
1187 1919 1233 1982 ari
1254 1919 1334 1981 Patri

107 2024 277 2086 convenire.
321 2021 397 2082 Hine
418 2020 497 2082 enim
519 2037 665 2099 nusquam
688 2021 717 2081 in
740 2019 901 2100 Seripturis
925 2021 1018 2082 saeris
1041 2021 1170 2101 Spiritus
1192 2021 1269 2083 filius
1285 2021 1334 2082 di·

108 2133 174 2188 etus
197 2132 259 2198 est,
289 2142 326 2186 ne
348 2125 439 2184 trater
467 2141 536 2184 esse
558 2121 794 2194 existimaretur,
824 2121 866 2183 uti
892 2139 948 2183 nae
976 2123 1054 2184 filius
1075 2122 1159 2194 Filii,
1187 2141 1226 2184 na
1247 2121 1335 2181 Pater·

108 2245 183 2289 arus
204 2227 384 2288 crederetur.
429 2222 489 2285 Sed
510 2221 602 2284 Filius
623 2223 720 2284 Patris
744 2231 789 2283 est
812 2223 900 2294 tutus,
923 2231 951 2282 et
973 2221 1102 2300 Spiritus
1122 2221 1219 2284 Patris
1242 2219 1334 2300 spiri·

108 2336 158 2390 tus
181 2327 276 2389 dietus
298 2335 353 2400 est,
376 2333 464 2406 atque
486 2325 526 2386 ita
550 2343 606 2387 una
629 2324 781 2386 Trinitatis
803 2323 938 2384 divinitae
961 2331 993 2384 et
1012 2321 1086 2384 fides
1109 2328 1165 2384 est.

110 3134 165 3196 sibi
193 3135 250 3216 ipsi
280 3133 386 3196 similis
409 3139 465 3195 ast.
631 3213 637 3225 .

110 3255 203 3317 usque
225 3238 353 3300 humana
376 3232 484 3316 cogn*
518 3230 674 3300 pervenire
696 3227 735 3288 po

107 3339 178 3400 lant
223 3339 282 3412 Qui
303 3330 464 3400 antemnis
487 3323 570 3404 piura
593 3310 709 3396 quaerit
730 3315 760 3369 et
781 3305 789 3366 i

108 3441 200 3502 eenti:
224 3439 268 3503 Ns
284 3441 359 3522 plus
381 3435 479 3511 arpina
502 3440 590 3508 namn
611 3429 730 3478 neeesse
751 3419 811 3518 eat,
833 3421 871 3515 ne
896 3418 912 3461 o
1242 3477 1248 3490 ι
1327 3491 1331 3502 Ι

108 3539 167 3602 tide
188 3541 294 3602 tradita
316 3552 395 3615 sunt,
416 3534 488 3594 haee
508 3543 570 3588 nan
592 3521 720 3580 humana
742 3515 885 3587 sapientia
908 3495 1084 3578 expendere,
1108 3485 1160 3548 sed
1182 3480 1251 3542 iider
1275 3492 1329 3535 au-

109 3641 170 3704 ditu
193 3643 328 3721 excipere
351 3633 495 3704 contenit.
540 3625 624 3698 Quae
645 3605 724 3678 enim
747 3609 842 3672 oratio
865 3624 916 3674 aa,
939 3616 1020 3702 'quae
1049 3597 1174 3654 creatam
1199 3589 1333 3644 naturam

108 3744 331 3816 transcendunt,
353 3743 440 3831 digpe
462 3728 560 3812 pessit
581 3712 750 3803 explicaret
793 3708 846 3772 Vel
868 3717 1010 3784 quaenam
1038 3707 1149 3771 quaeso
1172 3701 1260 3746 aures
1283 3695 1333 3738 ea-

144 3944 164 3978 ‘·
301 3929 368 3980 ”⁶⁸¹
392 3897 409 3980 ‘⁰
433 3921 489 3978 ¹¹⁰⁸·
509 3915 531 3963 ¹·
557 3907 700 4018 simi,
751 3867 1339 4012 attremit·atemere·attat

108 3996 180 4045 ann
201 3997 297 4046 enare.
317 3990 458 4050 erecte·
475 3985 497 4032 ¹·
533 3977 700 4088 ”iiafl‘ssess
789 4033 804 4079 s,
831 4030 886 4086 Μ,
910 4022 929 4070 ι,
949 4003 1091 4083 aptivam.
1129 4003 1179 4052 uox
1199 4000 1254 4058 aas·
1276 3996 1298 4043 ¹·
1317 3999 1341 4040 ⁰²

109 4071 133 4113 0¹
146 4065 245 4126 8θιῑιιίΙ
256 4055 310 4112 ‘m'
331 4051 435 4184 πῶς·
456 4048 505 4099 τοῦ
515 4055 619 4108 πατρος
636 4051 678 4084 ”w
925 4099 971 4138 οις.
996 4081 1040 4132 atii
1053 4083 1077 4126 et
1089 4071 1145 4126 editt
1155 4063 1270 4138 πιστιιῖἢ
1289 4059 1342 4108 ιιοι

109 4133 336 4183 Gabinianum
386 4141 417 4175 nr.
438 4123 458 4170 i⁴
486 4105 703 4168 artdomittunt.
754 4086 1339 4206 8⁰8⁰·‘’inlaturumtmmittuntdddvddfflm‘f‘

108 4197 170 4248 edm
189 4208 211 4249 et
229 4191 297 4250 aiiid
357 4168 616 4250 nidrendnarpdrd
634 4163 700 4223 vide.
756 4160 927 4257 Geidetiei⁸
968 4220 979 4270 ¹
1024 4222 1047 4264 et
1071 4214 1178 4264 Graecus
1204 4199 1344 4259 scama

108 4265 303 4332 Ernaxnegm
345 4267 444 4325 Segner.
463 4239 704 4327 panteneiam·
807 4267 812 4278 .
915 4238 989 4316 ²⁸2¹
1049 4283 1071 4292 ..
1183 4307 1189 4321 ι

109 4335 189 4384 manni
209 4187 366 4595 ussai
385 4325 506 4391 πνεῦμα,
535 4319 707 4393 τουιπαςρος
757 4308 841 4351 textus.
