3214 5048
566 257 680 304 enarro.
692 258 724 304 ιι.
741 257 857 304 course
870 259 1007 304 nmmos.
1249 239 1252 248 ’
1277 273 1288 282 ·
1324 251 1385 314 327

155 433 192 478 ιιι
213 413 297 476 laede
319 421 371 475 aut
392 409 501 490 genitis
523 407 625 472 rebus.
669 409 821 490 Siquidem
850 408 928 471 idem
956 429 1025 474 esse
1053 410 1172 474 dixistis
1194 415 1337 500 γέννημα
1358 425 1473 503 etrusc,

154 509 285 602 ποίημα
305 515 337 578 id
359 521 408 576 est
428 530 492 574 rem
515 510 643 590 genitam
666 521 697 578 et
717 513 833 574 laomor.
877 511 950 574 Nam
972 512 1137 594 scripsistis
1153 516 1388 604 γενιηθέιταῆ

154 619 344 703 ποιηθέντα
370 613 401 676 id
419 612 624 692 estgeuiturn
647 612 833 676 collectum.
878 611 1010 676 Tametsi
1033 615 1111 678 enim
1134 615 1225 680 Filius
1249 617 1314 680 aliis
1336 639 1389 684 re·

155 717 213 782 bus
236 723 425 798 comparatus
449 714 537 794 longe
559 713 617 776 illis
639 713 765 789 excellit,
789 714 882 777 nihilo
905 723 1003 778 mmen
1023 717 1124 780 minus
1149 737 1199 782 res
1223 727 1270 782 est
1291 729 1388 786 creata

156 829 190 882 ut
211 818 295 892 ittae,
317 817 426 896 quippe
449 835 515 880 cum
540 815 628 878 etiam
650 815 730 878 inter
752 834 818 888 res,
842 834 917 894 quae
940 825 1043 878 natura
1065 827 1181 881 creatae
1202 829 1291 896 sunt,
1313 821 1388 884 aliae

155 919 222 983 aliis
243 919 305 982 sint
324 917 569 998 praestantiores.
616 915 705 978 Stella
728 915 807 978 enim
829 935 846 978 a
869 915 954 976 stella
976 916 1076 978 differt
1099 901 1255 999 ingloria,
1277 941 1386 1004 resque

156 1019 231 1084 aliae
254 1037 358 1080 omnes
387 1020 465 1082 iuter
493 1037 527 1082 se
556 1026 743 1098 comparatae
773 1017 924 1080 dilleruol.
969 1017 1030 1078 Nec
1057 1027 1155 1082 tamen
1183 1021 1293 1086 idcirco
1315 1025 1388 1088 aliae

109 1161 115 1172 ·
157 1120 295 1184 dominae
317 1129 405 1194 sunt,
433 1119 506 1182 aliae
529 1119 798 1199 praestantioribus
820 1118 972 1194 serrium,
1001 1118 1075 1182 aliae
1102 1139 1210 1182 causae
1231 1129 1301 1186 snut
1321 1127 1387 1188 elti-

156 1222 280 1296 cieutes,
303 1231 354 1284 aut
375 1221 448 1284 aliae
470 1221 506 1282 ab
529 1221 595 1284 aliis
616 1223 701 1296 liunt,
723 1221 776 1284 sed
800 1239 904 1284 omues
927 1239 963 1284 ex
978 1229 1102 1284 naturae
1126 1239 1198 1282 suae
1221 1225 1390 1290 conditione

156 1306 233 1386 bunt
260 1332 291 1384 et
323 1331 477 1394 creantur,
509 1341 656 1402 suumque
683 1332 848 1386 creatorem
875 1342 930 1403 per
959 1323 1098 1402 seipsae
1121 1323 1315 1400 confitentur,
1348 1325 1391 1390 uti

156 1424 259 1504 psallit
278 1423 385 1486 llarid:
410 1423 491 1488 Coeli
511 1435 661 1488 enarrant
680 1425 811 1504 ploriom
831 1426 904 1498 oet,
928 1437 956 1490 et
979 1443 1055 1504 opus
1078 1443 1224 1488 ιιιιιιιιιιιιιι
1247 1430 1310 1488 etus
1333 1445 1392 1488 ou·

158 1528 286 1588 ιιιιιιιιιι
307 1525 541 1606 fimnomentnm.
587 1525 714 1605 Sapiens
743 1526 814 1586 item
841 1524 1007 1588 Zorobabel
1033 1524 1074 1586 ita
1100 1524 1250 1604 loquitur:
1286 1527 1390 1592 Omnis

160 1637 246 1712 terro
267 1612 426 1688 voratorem
447 1629 586 1704 ιἰιυοιιις
609 1626 723 1690 coelom
746 1631 836 1690 etr'om
857 1631 920 1708 ipsi
940 1627 1095 1702 benedicit,
1121 1631 1276 1710 omniaque
1299 1647 1392 1712 opero

155 1732 375 1792 concutiantur
397 1737 427 1790 et
450 1738 594 1792 tremunt.
639 1727 774 1808 Atquisi
797 1729 936 1790 universa
958 1737 1037 1790 terra
1061 1727 1196 1807 opificem
1212 1728 1282 1812 'sive
1304 1749 1390 1792 crea-

142 1837 252 1892 'torem
275 1837 304 1890 et
325 1829 481 1892 veritatem
503 1829 618 1902 laudat,
645 1829 792 1892 benedicit
814 1839 844 1892 el
866 1829 982 1902 tremit,
1017 1828 1082 1890 eius
1105 1837 1201 1890 autem
1224 1827 1321 1909 opiiex
1345 1841 1390 1898 eet

156 1930 301 2004 Verbum,
324 1931 404 2010 quod
427 1940 457 1992 et
477 1931 576 2011 ipsum
598 1931 654 1994 ait:
682 1931 743 2010 Epo
767 1950 835 1994 aum
856 1935 989 2005 veritas,
1011 1949 1073 1992 non
1096 1949 1167 2010 ergo
1190 1931 1318 1994 Verbum
1342 1944 1389 1997 cst

156 2039 304 2106 creatum,
332 2033 385 2096 sed
412 2033 510 2112 ipsum
532 2032 631 2094 solum
653 2032 749 2096 Patris
772 2033 926 2112 proprium
949 2041 1012 2108 est,
1042 2031 1160 2113 inquo
1190 2031 1289 2096 omnia
1308 2041 1391 2096 'sunt

156 2143 372 2212 coagmentata,
401 2143 488 2214 atque
511 2133 589 2196 idam
613 2133 649 2196 ab
673 2133 811 2195 omnibus
836 2141 972 2212 tauquam
996 2133 1095 2212 opilea
1116 2131 1233 2212 hymnis
1250 2132 1388 2196 celebra-

156 2241 214 2298 tur.
259 2235 348 2308 Nam,
383 2246 415 2299 ut
442 2237 541 2316 ipsum
565 2234 693 2296 Verbum
716 2235 771 2310 ait,
799 2234 893 2298 Erum
920 2237 1003 2316 opud
1024 2234 1114 2298 illum
1137 2252 1333 2316 componens,
1362 2243 1391 2295 et

157 2335 355 2400 Potermens
378 2338 582 2418 usquemodo
607 2347 764 2417 operator,
788 2349 817 2399 et
838 2354 890 2414 eqo
914 2353 1037 2416 operor.
1083 2334 1166 2406 Quae
1184 2333 1274 2394 dictio
1298 2354 1392 2416 oeque

155 2439 245 2500 modo
269 2437 426 2515 siguificat,
447 2415 545 2517 ipsum
568 2446 601 2500 ut
616 2437 743 2500 Verbum
767 2455 886 2518 semper
909 2435 937 2498 in
953 2435 1041 2496 Patre
1064 2433 1202 2498 existere.
1240 2435 1391 2516 Siquidem

160 2535 248 2600 Verbi
271 2538 426 2618 proprium
450 2547 506 2614 est,
528 2537 625 2602 Patris
648 2558 737 2620 opera
760 2539 878 2602 efficere
901 2557 957 2600 nec
979 2544 1060 2600 eaba
1083 2557 1149 2602 eum
1172 2556 1248 2600 esse.

244 2639 296 2702 21.
342 2639 428 2712 Quod
459 2641 484 2702 si
513 2659 589 2722 quae
610 2641 699 2704 Pater
719 2641 807 2716 lacit,
836 2640 938 2704 eadem
967 2648 997 2702 et
1023 2639 1116 2704 Filius
1143 2639 1227 2713 lacit,
1258 2647 1288 2702 et
1315 2658 1390 2720 quac

159 2739 363 2816 uentribus,
385 2740 482 2805 Patris
505 2751 576 2804 sunt
597 2745 765 2816 creaturae,
790 2752 867 2806 certe
891 2743 917 2804 si
940 2742 1031 2804 Filius
1055 2751 1189 2804 creatura
1212 2750 1260 2804 est
1281 2741 1388 2814 Patris,

161 2838 205 2898 ret
225 2859 297 2920 ergo
320 2843 385 2922 ipse
414 2844 546 2922 seipsum
574 2843 664 2906 efficit
690 2844 875 2924 proindeque
903 2843 1003 2922 seipse
1033 2851 1114 2904 creat
1140 2840 1390 2922 (quandoquidem

162 2953 237 3016 quae
257 2940 345 3002 Pater
367 2943 446 3015 iacit,
468 2943 571 3004 eadem
593 2943 659 3005 Filii
681 2953 751 3006 sunt
772 2947 886 3022 opera),
909 2943 989 3021 quod
1002 2943 1139 3024 prolecto
1155 2941 1317 3004 absurdum
1333 2949 1390 3015 est,

162 3055 217 3101 neo
238 3041 304 3102 beri
325 3041 476 3102 ullomodo
498 3049 607 3121 potest,
629 3044 676 3104 vel
697 3043 723 3106 si
737 3045 834 3108 Patris
857 3061 949 3122 opera
972 3049 1053 3103 creat
1075 3051 1103 3102 ct
1125 3042 1203 3114 lacit,
1227 3042 1316 3120 igitur
1338 3059 1393 3104 nec

163 3159 238 3220 opus
259 3161 318 3204 neo
338 3151 472 3206 creatora
495 3151 549 3218 est,
570 3161 618 3206 ne·
631 3163 697 3208 cum
719 3145 785 3226 ipse
808 3145 848 3206 sit
869 3162 956 3207 causa
977 3143 1120 3218 efficiens,
1141 3143 1173 3204 iu
1194 3141 1296 3216 rebus,
1311 3160 1392 3224 ‚quae

163 3241 244 3318 bunt,
266 3246 363 3308 lacere
385 3244 552 3324 reperiatur
573 3247 653 3326 quod
675 3245 740 3326 ipse
761 3249 855 3310 lactus
879 3255 936 3319 est,
958 3263 1025 3310 eum
1041 3243 1194 3326 potiusne
1211 3243 1477 3326 tacerequi-r.⁴so.

166 3342 227 3406 dem
247 3346 358 3426 possit
403 3346 460 3422 Qui
482 3347 561 3410 enim
583 3348 648 3412 lieri
671 3357 775 3430 queat,
798 3358 830 3412 ut
852 3367 904 3424 ea,
933 3367 1008 3430 quae
1030 3365 1092 3408 non
1114 3355 1201 3421 sunt,
1233 3345 1339 3410 efficiat
1361 3354 1394 3410 ut

166 3443 230 3518 siut,
254 3447 281 3508 si
302 3455 337 3510 nt
357 3448 468 3527 putatis
490 3449 585 3510 lactus
608 3469 625 3512 e
646 3449 740 3514 nihilo
764 3449 841 3512 esti.
878 3449 966 3523 Quod
990 3448 1016 3511 si
1036 3447 1085 3510 ille
1100 3449 1169 3512 licet
1184 3456 1300 3510 creatus
1313 3465 1390 3529 pos-

157 3543 204 3606 ·sit
221 3548 385 3626 producere
406 3558 587 3624 creaturam,
621 3559 701 3614 certe
722 3552 801 3614 idem
824 3551 860 3614 de
883 3549 1008 3631 siugulis
1032 3551 1177 3638 creaturis
1201 3550 1259 3614 erit
1280 3548 1389 3612 intellie

166 3649 306 3725 gendum,
333 3667 443 3730 nempe
469 3651 533 3714 illas
563 3670 681 3733 quoque
704 3671 805 3717 creare
826 3671 929 3734 posse.
974 3652 1063 3726 Quot
1086 3653 1112 3716 si
1132 3671 1150 3714 a
1172 3650 1257 3714 vobis
1281 3668 1390 3713 eonce-

169 3877 228 3980 ἵει.
250 3870 350 3922 Gobler.
376 3869 480 3919 Felcbm.
501 3871 523 3921 l.
541 3879 565 3922 et
583 3873 606 3922 t.
625 3867 752 3940 decep-iper
803 3870 884 3930 ζειαι.
920 3872 1021 3935 Sequor.
1047 3870 1104 3920 ibid.
1121 3859 1269 3923 xui'aa‘rrdr
1285 3863 1391 3920 ἔαυτόν.

211 3929 286 4004 δόξῃ·
312 3929 377 3986 taire
402 3927 468 3984 ἄλλα
486 3929 593 3988 ἕκαστα.
629 3940 673 3990 otti
694 3956 750 3992 vero
802 3941 829 3990 lo
848 3941 902 3991 aliis
921 3947 942 3990 ιι
961 3933 1031 3990 edilia
1049 3936 1118 3988 deest
1136 3929 1225 3990 odric.
1264 3937 1321 4002 [ιιι.
1337 3953 1392 3987 sero

166 4007 192 4048 ol
206 4004 256 4056 editi
274 3997 402 4072 ὑπερέχει
424 3996 455 4054 ἐν
478 3997 559 4072 δόξῃ·
582 3999 618 4054 τὰ
635 4000 666 4056 δὲ
683 3999 751 4056 dm
802 4010 839 4058 sic
856 4007 942 4056 babet:
962 3997 1030 4054 αὐτὸ
1049 3997 1147 4052 tacete
1164 3998 1326 4074 ἐργάσεται,
1345 3999 1391 4054 καὶ

215 4083 268 4125 orn.
801 4065 883 4124 doo‘rd
901 4066 978 4122 ἔσται
995 4067 1094 4128 salter.
1377 4117 1379 4124 ,

164 4161 165 4168 ¹
202 4153 220 4190 ι.
236 4141 340 4194 leicltm.
359 4140 385 4201 4,
400 4131 415 4200 ἧ
434 4133 465 4190 δὲ
481 4136 558 4188 πᾶσα
572 4137 618 4205 γῆ.
835 4156 857 4204 q.
876 4143 976 4202 Sequor.
998 4131 1037 4208 μὴ
1063 4127 1184 4194 iniretis.
1219 4139 1282 4192 tuiti
1310 4137 1393 4190 etalii

202 4203 335 4273 dsmner.
353 4209 410 4270 Req.
429 4207 610 4259 i'elclm.d.at
627 4208 651 4260 b.
670 4199 747 4266 iduor.
800 4201 839 4276 μὴ
859 4199 949 4260 ιιιίιόε.
1101 4265 1109 4282 .

176 4265 214 4320 toi
230 4284 251 4324 et
265 4275 337 4330 editio
356 4275 474 4326 Commsl.
493 4267 588 4328 trane.
836 4278 859 4327 b.
877 4275 988 4326 retctm:
1000 4275 1024 4327 5.
1042 4265 1118 4324 arira.

176 4357 179 4366 ⁴
207 4351 225 4387 ι.
241 4341 335 4407 Sennea
360 4343 459 4394 Gobler.
483 4351 507 4394 ιι
531 4343 637 4395 lelclm.
657 4343 678 4396 l.
698 4335 750 4394 ret
836 4345 852 4396 l.
870 4343 975 4394 Felclm.
994 4343 1019 4396 4.
1035 4337 1181 4408 κτίσματι.

176 4412 253 4458 maor.
283 4411 362 4463 teceri
379 4420 403 4460 et
420 4411 477 4460 editi
495 4401 617 4460 δεικνύει.
726 4466 729 4472 ,
836 4411 860 4462 b.
877 4409 918 4462 Sic
935 4411 1036 4474 Sequar.
1055 4411 1153 4461 Gobler.
1171 4405 1276 4455 Felclrn.
1299 4401 1319 4452 l.
1336 4401 1392 4480 quq.

178 4501 183 4509 ·
210 4471 226 4518 Ι·
240 4473 289 4528 iim.
305 4493 391 4532 omues
402 4469 556 4546 ἐργάσεται
592 4479 655 4532 catti
671 4467 751 4545 lpya'q·
797 4475 832 4543 ¹bt
848 4477 889 4528 alii
905 4486 928 4529 et
944 4479 1000 4530 editi
1017 4467 1157 4528 δύνασθαι
1168 4483 1235 4522 ποτε
1250 4463 1298 4534 aad
1315 4481 1392 4518 αυτιι.

14 4567 26 4604 Ι
