3214 5048
500 351 506 375 p
565 306 673 352 omaro
689 307 723 352 u.
739 307 855 354 eoam
868 309 1022 378 annuos„
1321 299 1381 364 att

151 462 283 528 Verbum
305 477 426 540 unaque
446 457 537 522 unius
559 457 613 520 Dei
635 457 731 538 imago
747 467 806 546 est
835 459 933 541 Atqui,
955 460 1103 542 inquiunt,
1127 463 1216 528 etiam
1238 464 1285 526 sol
1307 479 1468 530 nauseam

153 574 200 628 ost
227 573 258 628 et
285 573 366 628 terra
392 578 459 623 uno.
503 558 620 622 Addunt
646 559 744 624 insani
774 580 862 624 unam
884 581 988 642 aquam
1009 583 1160 646 unumque
1182 564 1282 646 ignem
1305 587 1383 642 esse,

152 673 187 728 ut
218 664 326 728 deindo
358 661 497 732 audiant,
534 660 695 742 quamlibet
733 663 853 742 quitiam
884 682 983 726 rerum
1017 667 1159 730 laetarum
1192 685 1282 732 unam
1315 688 1383 732 esee

153 766 317 830 monadum
339 762 492 843 propriam
515 769 660 836 naturam,
686 763 740 826 sed
763 764 978 843 singulas'non
1000 767 1081 832 solas
1102 769 1239 834 sufficere
1261 769 1298 832 ad
1316 771 1385 834 olli-

153 867 232 934 oium
254 873 285 928 et
306 880 415 927 munus
437 863 642 926 commissum.
687 863 764 926 ilino
784 865 863 926 enim
883 865 959 926 tlixit
977 865 1073 930 Deus:
1109 869 1198 934 Fiunt
1220 872 1386 936 luouoorlo
1449 847 1456 858 ’

154 971 188 1030 to
209 968 400 1048 firmamento
424 965 501 1028 reali
514 965 555 1028 orl
575 965 808 1028 attenuandam
831 975 948 1028 terram
970 979 1000 1032 et
1021 969 1060 1030 ad
1081 975 1287 1050 reparandum
1309 975 1384 1038 ditor

155 1085 176 1129 a
203 1079 305 1138 nocte,
340 1078 367 1130 ot
401 1070 464 1130 aiot
497 1071 529 1128 io
563 1070 650 1148 eiquo
678 1078 707 1131 et
734 1072 768 1130 io
796 1077 934 1148 temporo
962 1079 991 1132 et
1019 1071 1052 1130 io
1080 1069 1142 1132 dier
1172 1082 1199 1134 et
1222 1077 1254 1134 tn
1276 1091 1384 1138 aanor.

155 1167 441 1247 lleinrleaequitur:
464 1167 503 1230 llt
523 1167 596 1246 feeit
611 1168 694 1232 Dour
718 1170 777 1231 duo
800 1167 968 1232 luminario
981 1189 1102 1251 mopuo,
1126 1171 1275 1235 luminare
1288 1179 1386 1238 moror
1483 1185 1487 1190 “

154 1280 191 1334 ut
209 1280 369 1350 praeesset
385 1270 451 1342 diei,
475 1282 504 1332 et
522 1269 673 1332 luminare
694 1273 795 1332 minus
816 1281 852 1334 ut
869 1283 1030 1352 praeesset
1051 1276 1144 1348 noeti,
1168 1283 1197 1340 et
1218 1271 1337 1349 stallos,
1359 1283 1387 1338 ot

152 1376 259 1452 posuit
281 1388 332 1434 eoa
354 1373 387 1432 io
406 1370 599 1450 firmamento
622 1370 713 1445 coeli,
743 1383 778 1434 ut
800 1371 938 1436 lucerent
958 1391 1052 1453 super
1074 1384 1190 1436 terram
1212 1387 1242 1438 et
1259 1391 1389 1456 proros-

103 1552 106 1560 .
158 1481 225 1536 reat
248 1472 308 1534 diei
328 1489 363 1534 oo
384 1475 476 1538 noeti.

238 1881 292 1944 28.
336 1877 380 1940 En
402 1877 493 1942 multa
515 1877 682 1952 luminaria,
703 1897 759 1940 neo
781 1877 864 1940 solus
886 1880 933 1942 sol
955 1879 1001 1942 vel
1023 1881 1087 1944 sola
1105 1879 1182 1956 luna,
1205 1881 1259 1946 sed
1275 1899 1383 1946 uuum-

154 1979 293 2060 quodque
315 1987 361 2041 est
381 1980 499 2060 quidem
522 1989 628 2042 natura
651 1999 758 2053 unum,
788 1999 880 2044 uuum
903 1991 1001 2044 tamen
1023 1991 1053 2045 et
1074 1999 1229 2046 commune
1251 1985 1384 2048 omnium

154 2089 202 2144 ost
223 2081 370 2156 oninium,
391 2091 477 2164 atque
499 2082 541 2157 io,
563 2083 643 2164 quotl
665 2083 717 2145 uni
739 2083 839 2157 deest,
870 2083 906 2146 ab
929 2083 986 2145 alio
1011 2083 1182 2164 suppletur,
1212 2087 1385 2164 cunctisque

154 2202 208 2249 oua
238 2191 285 2246 est
312 2182 497 2264 illuminandi
525 2184 636 2246 utilitas
664 2193 695 2246 et
716 2184 892 2246 necessitas.
936 2185 989 2247 Sol
1010 2185 1090 2246 enim
1111 2204 1165 2265 per
1187 2183 1285 2247 solum
1307 2186 1385 2248 diem

155 2285 318 2366 apparendi
340 2285 429 2348 hahet
450 2293 640 2366 potestatem,
664 2285 734 2348 luna
755 2303 826 2348 vero
848 2304 903 2364 per
924 2285 1052 2359 noolem,
1075 2285 1228 2347 ao'steiIae
1245 2303 1312 2347 oum
1327 2284 1384 2348 illis

156 2397 291 2466 tempora
313 2395 343 2446 et
364 2405 460 2448 annos
484 2386 624 2458 alliciunt,
649 2386 840 2466 singulaeque
861 2387 893 2448 in
917 2385 1001 2466 signa
1023 2385 1059 2448 ad
1082 2405 1157 2448 usus
1180 2385 1257 2448 vitae
1279 2405 1385 2448 neces-

157 2489 267 2556 sarios.
284 2488 368 2548 liunt.
413 2485 463 2550 Sio
491 2487 578 2550 etiam
608 2495 686 2550 terra
716 2505 777 2550 non
807 2488 843 2550 ad
867 2487 965 2550 omnia
988 2497 1055 2568 apta
1078 2498 1138 2559 ast,
1168 2486 1221 2549 sed
1244 2488 1281 2550 ad
1302 2487 1385 2552 sotos

156 2591 269 2652 lruotus
299 2589 512 2669 proferendos,
545 2597 575 2652 et
603 2589 639 2652 ad
667 2587 860 2659 sustentanda
883 2589 1035 2663 animalia,
1063 2589 1209 2670 aquibus
1231 2588 1380 2653 incolitur.
1395 2605 1475 2652 ram.

154 2691 386 2756 Firmamentum
415 2711 486 2754 uero
518 2711 610 2773 aquas
638 2692 674 2756 ab
703 2693 788 2773 aquis
817 2692 935 2765 dividit,
959 2691 989 2756 in
1019 2711 1114 2772 eoque
1130 2693 1283 2756 .oollooata
1317 2702 1388 2756 sunt

155 2794 322 2858 luminaria.
365 2795 409 2857 lta
431 2795 568 2858 similiter
590 2803 621 2856 et
641 2794 718 2873 ignis
741 2804 771 2856 et
792 2813 866 2874 aqua
889 2813 955 2856 otum
978 2793 1117 2856 omnibus
1138 2795 1204 2857 aliis
1226 2796 1294 2858 laoli
1318 2805 1388 2858 aunt
1490 2827 1495 2834 ·

158 2894 195 2955 ati
217 2893 424 2956 constituentia
445 2913 583 2974 oorpora.
628 2895 693 2956 Uno
714 2893 806 2956 verbo
828 2894 901 2954 nihil
925 2895 1021 2956 solum
1039 2905 1096 2967 est,
1119 2897 1172 2958 sotl
1189 2895 1323 2974 singulae
1337 2914 1387 2958 ros

159 2993 252 3054 laetae
274 2992 364 3054 ueluti
392 2993 516 3054 totidem
544 2993 676 3054 membra
703 2993 846 3054 mundum
873 3002 1012 3071 tanquam
1043 3011 1136 3074 unum
1164 3013 1273 3073 corpus
1296 2995 1388 3072 perfi-
1474 3041 1479 3046 .

159 3091 250 3160 olunt
287 3091 319 3152 st
342 3110 414 3170 ergo
437 3091 542 3154 similia
565 3092 603 3152 de
625 3092 699 3152 Filio
721 3093 922 3172 suspicantur,
944 3092 1025 3172 digni
1048 3101 1118 3154 suut
1132 3093 1182 3172 qui
1197 3093 1233 3154 ab
1250 3093 1388 3156 omnibus
1468 3147 1471 3156 .

158 3193 337 3274 lapidentur,
361 3193 470 3274 quippe
491 3193 539 3274 qui
562 3201 677 3273 putent,
706 3193 833 3256 Verbum
855 3201 969 3275 partem
993 3211 1062 3256 esee
1085 3193 1294 3267 universitatis,
1316 3213 1388 3275 par-

158 3301 218 3356 tem
240 3295 371 3374 inquam,
394 3313 469 3375 quae
492 3295 527 3358 ad
550 3295 743 3358 commissum
767 3295 826 3358 sibi
847 3315 955 3358 munus
978 3295 1147 3360 obeundum
1164 3296 1229 3360 sine
1244 3296 1310 3359 aliis
1330 3315 1391 3358 non

159 3397 199 3463 sit
226 3397 344 3458 idonea,
389 3397 476 3470 Quod
499 3415 565 3460 oram
589 3406 691 3477 aperte
714 3399 837 3478 impium
859 3398 914 3472 sit,
944 3405 1106 3477 agnoscant
1127 3398 1231 3478 igitur,
1262 3397 1390 3460 Verbum

159 3498 237 3560 inter
258 3517 307 3560 ros
330 3499 422 3560 iactas
444 3517 505 3560 non
528 3499 639 3560 habere
660 3497 769 3573 locum,
793 3499 847 3562 sed
864 3498 962 3560 solum
977 3499 1131 3580 proprium
1147 3499 1244 3561 Patris
1260 3499 1388 3564 Verbum

160 3606 281 3668 esseut
302 3616 403 3662 rerum
426 3600 565 3662 laetarum
590 3600 737 3681 opilioem.
781 3601 818 3664 tr
839 3611 999 3680 reponunt,
1026 3607 1156 3664 creatum
1179 3601 1299 3680 quidem
1321 3619 1388 3683 eum

193 3851 209 3900 l.
238 3851 278 3900 Sic
304 3865 361 3900 mss.
382 3863 466 3900 omnes
485 3859 581 3915 praeter
598 3853 704 3902 Felclor.
724 3853 747 3902 2.
801 3860 824 3903 et
842 3810 948 3905 Faloltro.
967 3855 992 3904 t.
1010 3853 1067 3903 teir
1084 3849 1114 3904 iv
1132 3847 1207 3921 αὐτῇ.
1243 3854 1349 3904 Pelolm.
1368 3855 1392 3904 5.

158 3919 199 4047 gai
225 3926 250 3968 ot
273 3927 297 3970 et
321 3919 378 3968 editi
403 3919 474 3969 habat
501 3921 616 3970 mendosa
635 3910 667 3970 air
683 3911 747 3986 μεθ’
801 3918 858 3970 rou
875 3914 906 3970 ir
924 3912 1023 3976 airola.
1048 3913 1392 3986 Editietaliiroiuiroriaqi.

158 3980 270 4106 ater
285 3987 585 4118 1·⁹”0·'··'⁰t⁰tttt“·
603 3987 708 4104 lllt
725 3995 751 4104 t
802 4023 919 4140 er
936 4023 1393 4142 raama-atr·taem

160 4111 231 4170 οὕτω
244 4113 362 4186 ἀστέρες.
391 4121 452 4172 utto
471 4131 494 4171 et
507 4122 546 4171 otii
558 4113 622 4170 etot
632 4111 750 4188 ἀστέρες.
821 4147 835 4168 a

193 4205 214 4252 g.
241 4191 282 4240 sn
306 4193 405 4252 sque.
431 4191 529 4239 crantor.
555 4198 578 4238 n
602 4190 707 4239 osteum.
726 4191 749 4239 a.
803 4171 851 4205 ‘'²’'

159 4257 187 4307 tt
210 4257 267 4307 editi
291 4265 316 4307 at
338 4259 378 4307 alit
400 4252 522 4324 pluerat,
541 4249 586 4305 καὶ
603 4249 673 4323 πρὸς
690 4249 748 4316 τήν.
837 4259 852 4308 i.
879 4259 920 4308 Sio
937 4261 1038 4320 Seporr.
1058 4259 1155 4312 Gobler.
1174 4261 1282 4312 Felclon.
1303 4260 1325 4308 1,
1337 4257 1393 4308 oti.

159 4325 233 4388 paolo
250 4334 302 4388 post
322 4327 421 4388 Sequar.
433 4327 488 4388 lieq.
501 4325 632 4376 nauteam
645 4326 749 4377 t'etetor.
802 4325 846 4375 tttt
865 4341 920 4376 vero
939 4335 962 4376 et
977 4328 1049 4378 etlitio
1060 4329 1177 4378 Commol.
1196 4319 1211 4377 ὁ
1228 4320 1318 4390 λόγος.
1339 4321 1395 4371 ¹⁹3⁷

161 4391 184 4440 i.
203 4399 227 4441 et
244 4391 268 4442 i.
292 4384 330 4444 tic
345 4383 448 4458 μόνους
471 4387 534 4446 τοὺς
551 4385 685 4458 καρπούς,
705 4387 751 4442 troi
802 4385 833 4441 δὲ
856 4391 979 4456 γενητῶν
995 4385 1170 4460 δημιουργός.
1208 4389 1394 4463 1ὺῑα.ῖειςιιω.
1481 4406 1484 4418 ·

161 4449 251 4532 βάριν.
288 4461 332 4508 tut
350 4469 375 4510 et
391 4461 448 4511 editi
466 4451 504 4514 etc
518 4452 752 4526 piroorxopnorir
803 4459 828 4510 l.
847 4467 927 4511 statim
945 4463 1027 4512 autin
1045 4454 1082 4515 ola
1099 4457 1128 4512 cll
1139 4453 1215 4526 παρὰ
1228 4449 1393 4505 διδασκαλον

161 4535 208 4574 και
223 4517 351 4588 βλάστην.
386 4529 446 4580 ibid.
470 4530 570 4592 Sequor.
595 4531 652 4590 lteq.
677 4529 750 4580 ltasll.
804 4529 903 4580 omissis
921 4530 1081 4582 intermediis.
1312 4547 1317 4552 ·
