3220 5046
556 285 666 328 curro
683 285 704 327 1.
720 285 836 328 conruc
851 284 985 328 cunnos.
1317 273 1374 335 tttt

152 437 268 518 genitus
290 435 502 500 convenienter
524 441 554 496 et
576 433 641 514 ipse
663 433 784 496 alterius
806 435 839 496 lit
859 443 952 514 poter,
980 451 1044 496 eam
1066 433 1097 494 in
1119 435 1221 516 seipso
1245 436 1464 500 innitentium.

152 547 272 622 epatre
294 539 419 612 babens,
442 555 479 598 ex
500 555 558 615 qua
579 534 695 616 etipse
716 536 810 598 lectus
833 543 889 598 est.
933 535 1009 598 Hinc
1031 535 1061 596 in
1084 534 1142 596 illis
1165 555 1226 598 non
1245 546 1291 599 est
1304 557 1379 618 pro-
1496 547 1514 554 “·

151 642 215 722 prie
237 651 322 721 pater
344 639 390 702 rel
411 637 536 720 proprie
558 635 646 708 lilius,
669 655 725 698 nec
746 635 861 699 stabilis
884 636 930 698 vel
952 643 1093 699 constans
1114 645 1161 699 est
1173 639 1267 719 patris
1284 647 1314 700 et
1328 639 1380 701 lilii

151 742 294 804 conditio.
338 741 422 802 idem
449 738 558 819 quippe
586 746 615 798 ει
637 737 714 800 lilius
737 747 767 799 et
787 745 872 817 pater
893 737 941 810 nt,
970 738 1046 800 lilius
1077 739 1196 818 inquam
1225 739 1383 818 genitoris,

138 851 237 924 'pater
259 850 357 904 entem
379 841 459 914 eius,
487 840 544 920 qui·
566 859 601 900 er
629 840 696 918 ipso
720 839 856 918 gignitur.
899 839 1009 900 Verum
1030 839 1061 900 in
1083 839 1235 902 divinitate
1250 858 1318 902 ‘non
1340 842 1381 904 in

155 962 190 1004 se
212 962 261 1003 res
283 943 381 1005 babet.
424 941 485 1003 Nec
499 939 577 1001 enirn
592 939 747 1002 bominum
769 938 874 1002 srlnilis
898 949 944 1002 est
958 939 1048 1013 Dens,
1071 959 1126 1000 nec
1140 941 1227 1004 Pater
1242 961 1278 1004 ex
1292 951 1377 1023 patre

156 1019 214 1117 esi,
236 1041 314 1104 uncle
334 1061 389 1104 nec
408 1051 523 1122 petrem
545 1040 712 1120 geniturum
734 1041 842 1120 gignit,
865 1060 920 1104 nec
942 1041 964 1102 F
966 1041 1033 1102 ilius
1057 1049 1102 1102 εει
1124 1059 1160 1102 ex
1181 1043 1296 1106 ellluvio
1319 1045 1378 1107 Pa-

156 1145 227 1216 tris,
251 1164 305 1206 nec
327 1164 362 1206 ex
383 1144 483 1224 genito
504 1143 592 1205 Patre
614 1142 731 1221 genitus
754 1151 816 1218 eet,
839 1143 967 1222 ideoque
989 1161 1044 1203 nec
1066 1141 1195 1220 gignitur
1216 1151 1250 1204 ut
1270 1145 1377 1224 gignat

154 1245 230 1316 ilinc
252 1246 282 1308 in
305 1245 368 1308 sole
389 1245 544 1307 Divinitate
567 1243 654 1306 Peter
674 1244 797 1324 proprie
820 1253 905 1323 pater
926 1251 971 1304 εει
994 1252 1024 1303 ει
1037 1242 1130 1304 Filius
1148 1245 1269 1322 proprie
1290 1247 1378 1328 lilius,

154 1356 241 1426 etque
263 1347 294 1408 in
315 1347 362 1408 bis
384 1346 457 1408 solis
479 1353 622 1408 constans
645 1346 787 1424 lirmeqne
810 1353 857 1405 εει
877 1342 972 1424 patris
994 1351 1024 1404 et
1046 1342 1097 1404 lilii
1120 1343 1263 1416 conditio,
1286 1345 1326 1406 ita
1348 1353 1382 1406 ut

129 1447 241 1532 „nater
263 1449 302 1512 sit
322 1465 441 1529 semper
461 1455 545 1528 pater
567 1455 597 1508 ει
617 1445 710 1508 Filius
733 1463 853 1524 semper
875 1444 961 1506 filius.

238 1961 289 2022 22.
335 1955 393 2028 Qui
415 1955 505 2034 igitur
526 1951 664 2032 inquirit,
693 1968 745 2011 cur
771 1948 871 2011 Filius
892 1948 944 2010 tilii
973 1947 1047 2010 elius
1075 1948 1214 2028 gignendi
1241 1947 1300 2008 vim
1320 1964 1381 2008 non

155 2057 269 2132 hebeat,
291 2057 370 2120 idern
392 2056 531 2138 inquiret,
554 2071 607 2115 cnr
626 2052 716 2115 Pater
737 2069 798 2112 non
819 2049 955 2112 habuerit
976 2059 1100 2130 patrem.
1132 2050 1241 2112 Verum
1264 2059 1394 2111 utrum·‘

156 2179 212 2239 que
233 2159 450 2240 perabsurdum
472 2167 519 2219 est
540 2155 749 2235 impictnteqne
772 2151 851 2214 omni
873 2151 1003 2232 plenum.
1037 2153 1074 2214 Ut
1097 2152 1176 2214 enim
1191 2153 1279 2213 Pater
1299 2170 1381 2213 sem·
1423 2231 1426 2236 Δ

155 2281 209 2342 per
236 2272 282 2324 εει
309 2270 393 2342 pater
419 2279 476 2322 nec
504 2275 631 2338 unquam
662 2256 740 2318 lilius
768 2263 869 2336 potest
897 2273 980 2328 esse,
1012 2253 1051 2315 ita
1073 2253 1165 2315 Filius
1197 2271 1316 2333 semper
1337 2261 1383 2314 εει

155 2363 235 2424 lilius
257 2378 464 2438 necunquam
485 2367 569 2437 pater
591 2377 659 2420 esse
680 2366 795 2438 potest3
818 2375 877 2437 quo
894 2357 995 2435 utique
1015 2355 1105 2416 modo
1129 2353 1254 2416 maxime
1277 2361 1382 2414 osten-

159 2461 238 2520 ditur
259 2461 352 2537 ligura
380 2467 410 2518 et
435 2459 530 2538 imago
552 2459 650 2520 Patris
679 2477 761 2534 esse,
789 2457 938 2522 manendo
961 2454 1041 2536 quod
1063 2462 1110 2516 εει
1129 2455 1383 2534 mutationemque

161 2557 269 2620 nullam
292 2557 458 2630 subeundo,
480 2559 531 2619 sed
554 2567 701 2638 acceptam
723 2561 840 2622 ePatre
856 2557 1001 2620 servando
1016 2554 1291 2619 immutabilitatem.
1320 2556 1381 2616 lta-

161 2677 219 2738 que
247 2659 272 2720 si
294 2659 383 2722 Peter
410 2667 554 2734 mutator,
587 2661 652 2723 eins
682 2681 799 2743 quoque
827 2662 923 2738 imago
951 2667 1091 2722 mutetur.
1136 2657 1186 2720 Sin
1212 2658 1291 2718 enim
1314 2673 1383 2734 erga
1496 2705 1509 2720 .

160 2762 325 2840 genitorem
349 2779 383 2822 se
405 2761 495 2822 habet
516 2763 577 2824 cius
599 2772 629 2826 et
650 2763 747 2844 imago
770 2772 800 2824 ει
822 2761 973 2841 splendor.
1016 2763 1054 2823 At
1075 2761 1102 2822 si
1124 2757 1316 2822 immutabilis
1339 2763 1385 2818 εει

159 2861 248 2924 Peter
269 2871 300 2924 et
321 2862 361 2935 io,
384 2863 464 2941 quod
485 2863 551 2942 ipse
573 2874 629 2938 est,
651 2871 795 2944 perpetuo
818 2873 926 2936 manet,
950 2861 990 2922 ite
1012 2879 1134 2924 necesse
1156 2869 1204 2921 est
1225 2859 1291 2920 eius
1307 2857 1383 2920 ima-

161 2962 259 3042 ginem
282 2963 322 3037 id,
344 2964 424 3043 qnod
446 2964 510 3044 ipse
534 2975 589 3038 est,
611 2964 748 3026 similiter
769 2979 944 3043 permanere
965 2980 1021 3024 nec
1041 2959 1159 3022 mutari.
1190 2957 1278 3038 Atqui
1292 2958 1384 3020 Filius

160 3074 209 3128 est
232 3084 268 3127 ex
288 3057 393 3138 Patre3
414 3083 475 3126 non
498 3065 588 3146 igitur
609 3064 688 3126 aliud
709 3065 759 3124 liet
781 3073 868 3142 qnam
890 3063 969 3142 quod
992 3070 1038 3124 est
1051 3061 1148 3122 Patris
1169 3069 1291 3121 naturae
1310 3077 1385 3139 pro-

158 3167 268 3248 prium.
312 3167 414 3247 ltaque
427 3169 544 3230 vsinistra
567 3174 597 3228 ct
618 3165 698 3228 istud
720 3164 802 3227 stulti
821 3163 979 3226 commenti
995 3171 1074 3237 sunt,
1096 3161 1253 3241 imaginem
1268 3180 1285 3222 a
1298 3161 1387 3222 Patre

161 3267 310 3348 cupientes
333 3269 515 3343 abstrahere,
538 3276 571 3331 ut
585 3268 692 3332 Filium
714 3266 805 3329 rebus
828 3266 913 3330 lactis
928 3283 1030 3345 parem
1046 3266 1186 3327 lacerent.
1223 3263 1299 3326 Hinc
1313 3279 1468 3341 ergonni.

160 3367 259 3432 Ariani
280 3369 361 3432 illum
383 3371 414 3431 in
436 3389 536 3432 rerum
559 3372 701 3432 lectarum
723 3387 849 3432 numero
877 3386 913 3428 ex
933 3366 1056 3430 Eusebii
1078 3365 1211 3428 doctrina
1234 3383 1386 3447 reponen-

161 3479 218 3546 tes,
240 3471 385 3550 talemque
401 3489 470 3534 esse
485 3472 673 3546 arbitrantes,
697 3471 792 3552 qualia
816 3487 890 3551 quae
913 3469 949 3530 ab
971 3473 1037 3550 ipso
1059 3475 1128 3530 suut
1143 3469 1228 3542 lecte,
1249 3467 1387 3549 procula

161 3573 285 3634 veritate
306 3573 488 3648 discessere,
511 3573 721 3654 fallacibusque
743 3573 800 3636 sibi
823 3571 999 3652 comparatis
1022 3571 1145 3644 voculis,
1169 3569 1387 3649 cumprimum

112 3758 119 3775 Ι
162 3673 271 3736 hancce
292 3674 454 3736 formarent
474 3674 637 3747 baeresim,
670 3675 860 3738 circumcirca
881 3671 1110 3746 concursabant,
1143 3671 1204 3733 imo
1233 3670 1322 3732 etiam
1350 3667 1388 3728 ad

163 3883 311 3972 ἀμφότερα
327 3886 503 3970 μετὰετᾶσης
517 3886 680 3958 beneficius·
701 3887 748 3948 ὥς·
800 3887 817 3974 r‘p
841 3885 921 3943 εἰκών
944 3884 959 3939 ὃ
977 3884 1037 3940 ἐστι
1053 3883 1185 3956 διαμένει.
1223 3890 1286 3940 Editi
1305 3897 1329 3938 et
1346 3889 1387 3940 olii

162 3971 215 4026 περ
236 3974 291 4028 yep
310 3953 325 4008 b
344 3973 434 4028 uurqp
460 3971 505 4011 etc.
548 3963 591 4012 llic
620 3970 699 4012 netem
725 3965 747 4011 in
800 3953 915 4021 ηεῖκών
939 3951 976 4013 uic
1000 3949 1059 4006 lori
1076 3953 1207 4024 διαμένει.
1246 3957 1344 4008 Goblec.
1364 3965 1388 4006 et

162 4029 272 4106 meppioe
290 4028 471 4108 §odicis'llegii
494 4029 554 4106 baec
572 4037 679 4106 exsffant:
705 4019 749 4076 ὅτι
800 4027 905 4078 Felclim.
927 4027 948 4076 1.
965 4021 1050 4104 privet.

162 4105 211 4172 και
231 4107 303 4172 xmp
320 4087 644 4218 ¹12·‘⁴'²„⁷,{⁹;‘2⁹,⁶,5”,f2{’
661 4109 700 4211 {a
716 4110 749 4211 ἓν
798 4111 856 4212 nai
875 4096 1017 4215 {ppo-erico.
1031 4093 1130 4145 Gobler.
1149 4103 1173 4145 ct
1192 4092 1296 4144 Felelim.
1317 4094 1339 4142 1.
1357 4085 1386 4140 br

162 4173 324 4279 ababtibus:
345 4177 411 4289 gobel
436 4233 511 4283 Filius
533 4177 612 4284 bitum
636 4179 749 4297 qbetencr
835 4176 951 4280 luebubil.
969 4227 1144 4280 etFelcltm.b.
1162 4227 1309 4293 γεννητοῖς.
1322 4226 1388 4302 ‚nos

161 4313 210 4348 non
228 4299 314 4376 qipnit,
333 4302 409 4364 finiero
426 4307 448 4352 ει
465 4303 540 4365 intono
558 4301 632 4351 Patris
649 4303 750 4350 mommo
800 4295 1019 4378 Sepner.‚Gobler.
1038 4305 1062 4347 et
1078 4297 1184 4348 Felclm.
1197 4297 1218 4346 l.
1236 4289 1267 4344 ἐν
1282 4303 1389 4344 roorots

163 4367 397 4510 wlbndbbbrbessner.
415 4435 472 4516 Rep.
492 4435 589 4486 Gobler.
608 4435 713 4486 Felelm.
726 4434 750 4484 l.
800 4377 1211 4498 yobyllbb’irlblbopmuprfocmr.
1246 4425 1352 4478 l'olelim.
1364 4425 1389 4476 5.

163 4507 187 4550 et
204 4499 229 4550 b.
263 4499 326 4554 Edrti
340 4511 429 4554 antem
448 4515 542 4556 orcos·
579 4501 632 4552 lior
650 4503 752 4564 Seguer.
801 4493 1058 4568 συμφρονήσαντες.
