3174 5082
394 281 539 326 arrsroaa
553 281 591 324 aa
606 283 748 326 naensrrs
765 283 910 325 nicaenas
925 282 1043 334 senem.
1292 269 1333 330 25

108 455 175 500 cum
204 455 309 500 omncs
337 433 417 495 inter
439 451 472 492 se
495 431 697 504 consentiant,
720 451 780 494 aon
803 439 901 494 autem
924 433 968 493 rei
991 449 1092 494 secum
1116 432 1160 494 vei
1184 451 1250 496 eum
1272 435 1420 496 sunam.

107 536 240 618 patribus
263 536 387 615 litigant.
431 531 505 594 Nam
528 531 578 610 qni
601 551 661 594 noa
682 533 720 594 ita
743 543 814 596 sunt
835 533 941 603 abacti,
965 533 1092 614 improbi
1115 552 1176 597 non
1200 535 1261 595 veri
1278 535 1334 597 do-

108 647 207 700 cteres
238 645 309 698 snat
336 632 513 715 appellandi.
558 632 635 694 iiinc
655 632 804 701 Gentiles,
833 635 882 713 qui
905 635 982 696 inter
1005 654 1038 696 se
1060 654 1120 697 aon
1143 621 1336 698 conseatidnt

107 738 162 800 sed
193 737 357 806 dissident,
385 752 453 795 rere
475 735 630 813 privantur
652 734 794 795 doctrina.
837 735 934 796 Sancti
957 743 1053 798 autem
1077 737 1178 816 etqui
1201 738 1334 800 veritatis

109 857 212 900 revera
236 843 307 898 snut
328 852 501 913 praecones,
524 833 601 894 inter
624 851 657 893 se
678 835 867 906 concordant,
889 853 949 896 nora
970 837 1150 899 discordant.
1179 837 1252 900 Nara
1266 837 1336 900 licet

111 937 238 1000 dirersis
273 936 314 997 ibi
342 933 498 996 floruerint
528 932 729 1013 temporibus,
762 935 838 996 idern
861 943 956 999 tamea
980 938 1116 1000 omuibus
1139 959 1247 1018 scopus
1268 939 1333 1010 fuit,

113 1037 223 1118 quippe
245 1036 297 1116 qui
319 1037 407 1098 ornias
429 1035 480 1097 Dei
504 1043 606 1098 essent
627 1035 791 1114 prophetae
814 1043 843 1096 et
864 1034 943 1094 idem
962 1053 1077 1098 summo
1093 1057 1239 1102 consensu
1254 1059 1333 1102 nun-

113 1139 225 1200 ciarent
246 1137 385 1200 Verbum.

199 1549 229 1608 5.
270 1543 347 1604 ilinc
369 1559 440 1619 ergo
463 1561 539 1621 quae
555 1542 672 1622 Moyses
689 1541 799 1614 docuit,
822 1539 895 1600 baec
910 1541 1069 1601 custodivit
1082 1541 1244 1602 Abrabam:
1266 1524 1341 1621 (puae
1387 1507 1392 1512 .

114 1664 182 1706 roro
205 1643 364 1706 eristodirit
385 1643 542 1716 Abrabam,
566 1642 638 1704 baec
657 1641 721 1703 b'ce
742 1651 770 1703 et
785 1641 888 1704 Enoeb
910 1650 1067 1722 perspecta
1088 1642 1266 1715 babuerunt,
1289 1644 1339 1722 qui

111 1747 220 1808 munda
244 1759 274 1806 et
296 1746 446 1808 immunda
468 1751 612 1806 noverant
634 1744 803 1806 discernere
825 1761 858 1805 ac
880 1743 942 1804 beo
964 1743 1040 1822 grati
1061 1745 1127 1806 iacti
1152 1751 1231 1806 sunt.
1278 1744 1337 1808 Es·

111 1849 180 1908 dem
209 1865 328 1928 qnoque
354 1849 517 1910 instructus
541 1845 674 1908 doctrina
697 1845 767 1908 bbel
790 1845 959 1924 martyrium
982 1853 1028 1906 est
1049 1863 1174 1925 passus,
1196 1846 1246 1925 qui
1268 1845 1423 1926 qui-rma.

112 1949 181 2010 dem
209 1947 273 2027 ipse
302 1965 334 2008 ea
363 1947 398 2006 ab
420 1947 532 2008 nnana
556 1947 714 2021 didicerat3
742 1947 831 2008 bdarn
853 1955 952 2008 autem
974 1945 1010 2006 ab
1033 1947 1098 2028 ipso
1121 1947 1264 2021 Domino,
1287 1947 1337 2026 qui

112 2069 180 2112 curn
203 2050 234 2110 in
256 2050 313 2110 bne
337 2049 523 2110 saeculorum
547 2047 583 2108 ad
605 2048 817 2110 destruendum
838 2055 989 2127 peceatum
1013 2047 1159 2121 venisset,
1181 2048 1239 2109 sit:
1270 2047 1338 2110 Nea

110 2151 288 2213 mandorum
310 2169 422 2212 accunt
445 2151 482 2211 do
504 2149 598 2222 cobis,
621 2151 673 2211 sed
694 2151 869 2210 mandatam
891 2159 992 2221 vetris,
1015 2149 1094 2230 quod
1114 2151 1151 2211 ab
1172 2153 1258 2211 initio
1282 2167 1339 2210 an-

110 2255 213 2316 dista's.
258 2249 370 2314 idcirco
400 2251 503 2312 eadem
532 2250 568 2337 ab
598 2269 634 2310 eo
665 2250 788 2312 edoctus
810 2249 914 2312 beatus
937 2247 1092 2329 apostolus
1114 2249 1239 2322 Paulus,
1273 2269 1339 2308 cnm
1369 2291 1377 2307 .

111 2355 215 2416 munia
244 2351 451 2415 Ecclesiastico
482 2351 716 2432 praescriberet,
750 2349 846 2410 noluit
873 2351 1025 2414 Diaconos
1060 2349 1212 2426 multoque
1244 2349 1340 2410 minus

112 2457 282 2534 Episcopus
312 2455 457 2534 bilinpeea
486 2471 563 2516 esse.
609 2452 682 2514 Cum
711 2450 808 2512 abtem
836 2451 915 2511 idem
938 2449 1055 2510 Galatas
1078 2447 1263 2528 obiurgaret,
1287 2465 1340 2526 ge·

114 2556 241 2617 neratim
263 2573 325 2616 rean
350 2556 406 2616 boe
427 2556 515 2616 modo
536 2553 680 2616 definivit:
705 2553 740 2614 Si
760 2557 825 2634 pais
848 2553 932 2614 cobis
948 2549 1203 2631 eoanpeb'zaeerit
1213 2561 1342 2629 praeter

114 2659 146 2719 id
169 2658 248 2738 qnod
270 2660 435 2738 accepistis,
460 2656 617 2719 armtbema
640 2660 689 2728 sit,
713 2659 791 2718 sient
809 2655 956 2736 praedici
976 2662 1006 2714 et
1029 2657 1138 2714 iterum
1161 2651 1237 2713 dico.
1282 2649 1342 2712 Sed

115 2759 184 2820 iicet
218 2778 273 2821 nos
305 2770 360 2820 aut
394 2757 525 2837 daupeins
555 2759 589 2820 dc
618 2757 700 2820 coeio
728 2757 912 2837 marepeb'zet
940 2756 1025 2818 vobis
1051 2764 1177 2836 praeter
1204 2753 1236 2816 id
1263 2753 1342 2832 quod

118 2861 293 2936 accepistis,
322 2859 481 2918 anathemo
504 2861 553 2918 sit.
598 2858 680 2928 Quae
703 2875 768 2918 cum
792 2859 830 2918 ita
851 2857 1010 2918 denunciet
1032 2854 1209 2934 Apostolus,
1232 2853 1275 2914 reb
1299 2851 1341 2914 ilii

122 2955 210 3030 igitur
231 2955 427 3028 Eusebianos,
450 2956 500 3031 qrri
522 2962 632 3015 mutata
654 2957 799 3016 sententia
821 2957 875 3016 aba
898 2975 976 3017 nnnc
997 2957 1104 3018 docent
1125 2975 1210 3035 quam
1234 2955 1341 3034 quibus

124 3053 342 3132 subscripsere,
365 3054 548 3114 anadremate
570 3057 748 3131 percutiant:
776 3067 826 3116 aut
847 3055 874 3116 si
895 3063 1056 3132 agnoscant
1077 3064 1156 3118 recte
1177 3057 1243 3117 iilos
1265 3055 1339 3116 sub-

122 3153 303 3234 scripsisse,
347 3155 490 3216 adrersus
523 3162 630 3216 tantam
669 3153 820 3234 Synodum
852 3156 989 3216 desinant
1024 3155 1140 3216 tandem
1171 3157 1341 3236 obgannire.

111 3256 209 3330 rQuod
237 3257 263 3318 si
294 3266 431 3320 neutrum
461 3255 550 3318 veiint
579 3275 682 3334 agere,
712 3261 824 3317 certum
857 3257 914 3320 erit
942 3265 1145 3335 argumentum
1172 3237 1239 3320 ibas
1261 3258 1341 3320 ornni

120 3367 208 3422 vento
232 3368 260 3421 et
282 3361 373 3421 iluctu
395 3357 588 3428 circumferri,
611 3376 708 3440 neque
729 3359 860 3438 propriis
884 3359 936 3420 sed
959 3357 1061 3422 alienis
1083 3359 1148 3421 duri
1171 3361 1340 3424 sententiis:

119 3459 170 3541 qui
192 3461 219 3522 si
241 3459 315 3522 tales
337 3460 461 3532 inerint,
492 3457 588 3539 neque
610 3460 697 3522 etiarn
721 3477 810 3533 nunc
833 3479 898 3524 cum
922 3461 1092 3524 huiusmodi
1115 3471 1269 3542 opponunt
1289 3481 1341 3524 ra-

119 3563 230 3636 tiones,
254 3561 310 3623 ulla
331 3562 388 3623 baa
409 3559 491 3640 digni
513 3568 584 3622 sunt
603 3561 741 3622 babendi.
777 3562 854 3635 Quin
878 3581 948 3641 ergo
971 3563 1069 3642 potius
1091 3581 1136 3635 ea,
1158 3583 1233 3644 (prae
1255 3564 1343 3643 igaa-

119 3671 195 3737 rant,
219 3671 338 3726 cessent
359 3661 521 3736 criminari,
544 3663 620 3724 sorte
641 3663 719 3726 euim
736 3665 921 3744 quidrerum
937 3664 986 3737 sit,
1009 3663 1148 3729 nesciant
1161 3665 1342 3736 discernere,

118 3764 172 3826 sed
201 3765 318 3827 molem
344 3763 479 3843 imperite
509 3781 543 3826 sc
570 3771 680 3828 temere
707 3765 864 3848 appellant
892 3767 1002 3828 bonnm
1031 3778 1059 3828 et
1081 3768 1191 3828 bonam
1212 3766 1342 3828 mairem:

118 3884 258 3928 amaram
287 3864 373 3928 deice
400 3883 464 3926 esse
492 3865 688 3930 arbitrantur
716 3879 744 3930 et
773 3865 857 3928 dulce
879 3885 1026 3928 ornarem.
1071 3865 1147 3928 Hinc
1168 3874 1246 3927 certe
1269 3885 1343 3946 «puae

118 3977 150 4028 ut
177 3965 255 4028 maia
286 3964 412 4028 iudicata
442 3973 513 4028 sunt
532 3976 562 4029 ct
583 3967 754 4044 reprobata,
788 3985 822 4028 ea
843 3967 884 4028 ibi
906 3966 963 4027 vira
985 3967 1095 4028 babere
1117 3966 1233 4029 voluat:
1268 3987 1342 4048 quae

117 4075 214 4130 autem
243 4073 327 4128 recte
355 4073 425 4126 sunt
452 4065 584 4138 decreta,
615 4066 832 4144 reprehendere
857 4067 1001 4128 nituntur.
1046 4067 1123 4128 Sane
1152 4086 1207 4129 aee
1234 4067 1343 4148 aliquid

117 4221 211 4270 cbristo
231 4217 410 4270 accommodat.
445 4217 520 4268 Verba
529 4219 627 4268 loannis
635 4225 707 4270 scat:
757 4235 809 4270 eam
825 4222 901 4270 acribo
912 4220 985 4279 vebis,
1004 4220 1045 4270 sed
1056 4221 1269 4282 mandatumoetas,
1282 4221 1344 4285 quad

117 4280 164 4336 cdx
181 4280 298 4348 ἐντολὴν
315 4279 413 4346 καινὴν
428 4299 448 4348 γ
466 4277 532 4350 άφω
551 4277 631 4350 ὑμῖν,
652 4275 705 4333 ἄλλ’
758 4289 872 4338 habaistis
897 4288 926 4336 ab
950 4288 1034 4340 initio:
1064 4292 1197 4340 muni
1220 4296 1284 4338 retus
1309 4293 1343 4336 ert

116 4347 228 4414 ἐντολὴν
243 4347 378 4408 παλαιάν,
399 4341 433 4414 ἢν
456 4365 522 4418 lere
540 4343 585 4402 ἀπ’
605 4343 706 4420 ἀρχῆς·
758 4357 857 4414 sabam,
878 4355 940 4418 quad
957 4357 1065 4406 redistis.
1173 4355 1180 4368 '
1228 4358 1239 4369 ¹

116 4415 131 4500 ἡ
155 4415 248 4484 ἐντολὴ
274 4412 416 4500 spaniaco?
434 4411 510 4470 ἔστιν
526 4411 542 4468 ὃ
560 4413 655 4486 λόγος,
676 4411 709 4468 ὃν
792 4438 813 4474 e.
832 4422 873 4472 Sic
891 4421 947 4485 dep.
965 4423 1027 4474 Editi
1045 4438 1099 4472 raro
1118 4431 1142 4475 et
1159 4423 1200 4474 aiii
1217 4411 1342 4485 nicom.
1457 4471 1461 4478 ,

116 4485 246 4550 raedam
264 4483 308 4540 du
336 4487 429 4554 αρχῆς.
463 4489 708 4542 Noauandotamno-
