<?xml version="1.0" encoding="UTF-8"?>
<!DOCTYPE html PUBLIC "-//W3C//DTD XHTML 1.0 Transitional//EN"
    "http://www.w3.org/TR/xhtml1/DTD/xhtml1-transitional.dtd">
<html xmlns="http://www.w3.org/1999/xhtml" xml:lang="en" lang="en">
 <head>
  <title>
</title>
<meta http-equiv="Content-Type" content="text/html;charset=utf-8" />
  <meta name='ocr-system' content='tesseract 3.04.00' />
  <meta name='ocr-capabilities' content='ocr_page ocr_carea ocr_par ocr_line ocrx_word'/>
</head>
<body>
  <div class='ocr_page' id='page_1' title='image "./sanctiathanasii03athagoog_0269.png"; bbox 0 0 3220 5046; ppageno 0'>
   <div class='ocr_carea' id='block_1_1' title="bbox 581 281 1404 348">
    <p class='ocr_par' dir='ltr' id='par_1_1' title="bbox 581 281 1404 348">
     <span class='ocr_line' id='line_1_1' title="bbox 581 281 1404 348; baseline 0.01 -8"><span class='ocrx_word' id='word_1_1' title='bbox 581 295 690 340; x_wconf 81' lang='lat' dir='ltr'><strong>omrao</strong></span> <span class='ocrx_word' id='word_1_2' title='bbox 706 297 728 338; x_wconf 89' lang='grc' dir='ltr'><strong>ι.</strong></span> <span class='ocrx_word' id='word_1_3' title='bbox 743 295 857 342; x_wconf 77' lang='lat' dir='ltr'><strong>eoam</strong></span> <span class='ocrx_word' id='word_1_4' title='bbox 872 295 1009 342; x_wconf 78' lang='lat' dir='ltr'><strong>rennos.</strong></span> <span class='ocrx_word' id='word_1_5' title='bbox 1345 281 1404 348; x_wconf 83' lang='lat' dir='ltr'><strong>tet</strong></span> 
     </span>
    </p>
   </div>
   <div class='ocr_carea' id='block_1_2' title="bbox 179 444 1506 3680">
    <p class='ocr_par' dir='ltr' id='par_1_2' title="bbox 179 444 1506 3680">
     <span class='ocr_line' id='line_1_2' title="bbox 183 444 1495 529; baseline -0.003 -15"><span class='ocrx_word' id='word_1_6' title='bbox 183 452 315 518; x_wconf 67' lang='lat' dir='ltr'><strong>seeum.</strong></span> <span class='ocrx_word' id='word_1_7' title='bbox 357 447 401 514; x_wconf 84' lang='lat' dir='ltr'><strong>llo</strong></span> <span class='ocrx_word' id='word_1_8' title='bbox 425 466 461 510; x_wconf 92' lang='lat' dir='ltr'><strong>eo</strong></span> <span class='ocrx_word' id='word_1_9' title='bbox 485 444 574 508; x_wconf 85' lang='lat' dir='ltr'><strong>llarid</strong></span> <span class='ocrx_word' id='word_1_10' title='bbox 596 446 683 510; x_wconf 88' lang='lat' dir='ltr'><strong>etiem</strong></span> <span class='ocrx_word' id='word_1_11' title='bbox 705 447 750 510; x_wconf 86' lang='lat' dir='ltr'><strong>sio</strong></span> <span class='ocrx_word' id='word_1_12' title='bbox 770 445 883 529; x_wconf 82' lang='lat' dir='ltr'><strong>psallit:</strong></span> <span class='ocrx_word' id='word_1_13' title='bbox 904 449 943 512; x_wconf 84' lang='lat' dir='ltr'><strong>lte</strong></span> <span class='ocrx_word' id='word_1_14' title='bbox 965 459 1008 520; x_wconf 79' lang='lat' dir='ltr'><strong>te,</strong></span> <span class='ocrx_word' id='word_1_15' title='bbox 1030 447 1168 522; x_wconf 74' lang='lat' dir='ltr'><strong>Dordas,</strong></span> <span class='ocrx_word' id='word_1_16' title='bbox 1190 451 1278 512; x_wconf 82' lang='lat' dir='ltr'><strong>r&#39;ar&#39;n&#39;o</strong></span> <span class='ocrx_word' id='word_1_17' title='bbox 1295 455 1495 512; x_wconf 65' lang='lat' dir='ltr'><strong>normano.</strong></span> 
     </span>
     <span class='ocr_line' id='line_1_3' title="bbox 181 550 1409 636; baseline 0 -18"><span class='ocrx_word' id='word_1_18' title='bbox 181 556 335 636; x_wconf 67' lang='lat' dir='ltr'><strong>feodati,</strong></span> <span class='ocrx_word' id='word_1_19' title='bbox 369 561 399 615; x_wconf 88' lang='lat' dir='ltr'><strong>et</strong></span> <span class='ocrx_word' id='word_1_20' title='bbox 428 567 524 631; x_wconf 74' lang='lat' dir='ltr'><strong>opero</strong></span> <span class='ocrx_word' id='word_1_21' title='bbox 550 567 696 612; x_wconf 78' lang='lat' dir='ltr'><strong>mensem</strong></span> <span class='ocrx_word' id='word_1_22' title='bbox 722 561 846 614; x_wconf 76' lang='lat' dir='ltr'><strong>enom</strong></span> <span class='ocrx_word' id='word_1_23' title='bbox 869 561 942 614; x_wconf 74' lang='lat' dir='ltr'><strong>eset</strong></span> <span class='ocrx_word' id='word_1_24' title='bbox 964 551 1047 614; x_wconf 79' lang='lat' dir='ltr'><strong>coeli.</strong></span> <span class='ocrx_word' id='word_1_25' title='bbox 1092 551 1161 632; x_wconf 76' lang='lat' dir='ltr'><strong>lpse&#39;</strong></span> <span class='ocrx_word' id='word_1_26' title='bbox 1182 550 1345 631; x_wconf 77' lang='lat' dir='ltr'><strong>peribunt,</strong></span> <span class='ocrx_word' id='word_1_27' title='bbox 1376 561 1409 618; x_wconf 79' lang='lat' dir='ltr'><strong>tet</strong></span> 
     </span>
     <span class='ocr_line' id='line_1_4' title="bbox 182 653 1410 735; baseline -0.004 -17"><span class='ocrx_word' id='word_1_28' title='bbox 182 666 283 718; x_wconf 76' lang='lat' dir='ltr'><strong>osteor</strong></span> <span class='ocrx_word' id='word_1_29' title='bbox 302 669 483 735; x_wconf 76' lang='lat' dir='ltr'><strong>permoneo.</strong></span> <span class='ocrx_word' id='word_1_30' title='bbox 512 661 542 712; x_wconf 81' lang='lat' dir='ltr'><strong>at</strong></span> <span class='ocrx_word' id='word_1_31' title='bbox 570 668 670 712; x_wconf 78' lang='lat' dir='ltr'><strong>omnes</strong></span> <span class='ocrx_word' id='word_1_32' title='bbox 700 653 779 714; x_wconf 66' lang='lat' dir='ltr'><strong>moer</strong></span> <span class='ocrx_word' id='word_1_33' title='bbox 800 657 1009 716; x_wconf 72' lang='lat' dir='ltr'><strong>ontimeetnm</strong></span> <span class='ocrx_word' id='word_1_34' title='bbox 1035 663 1239 724; x_wconf 77' lang='lat' dir='ltr'><strong>veterescent,</strong></span> <span class='ocrx_word' id='word_1_35' title='bbox 1272 663 1303 715; x_wconf 85' lang='lat' dir='ltr'><strong>et</strong></span> <span class='ocrx_word' id='word_1_36' title='bbox 1330 656 1410 714; x_wconf 77' lang='lat' dir='ltr'><strong>aient</strong></span> 
     </span>
     <span class='ocr_line' id='line_1_5' title="bbox 182 746 1506 824; baseline -0.003 -4"><span class='ocrx_word' id='word_1_37' title='bbox 182 761 325 820; x_wconf 79' lang='lat' dir='ltr'><strong>eeriotnm</strong></span> <span class='ocrx_word' id='word_1_38' title='bbox 345 753 449 816; x_wconf 87' lang='lat' dir='ltr'><strong>ooloee</strong></span> <span class='ocrx_word' id='word_1_39' title='bbox 472 770 522 814; x_wconf 80' lang='lat' dir='ltr'><strong>eoa</strong></span> <span class='ocrx_word' id='word_1_40' title='bbox 544 763 573 813; x_wconf 86' lang='lat' dir='ltr'><strong>et</strong></span> <span class='ocrx_word' id='word_1_41' title='bbox 593 753 806 816; x_wconf 70' lang='lat' dir='ltr'><strong>metebantur.</strong></span> <span class='ocrx_word' id='word_1_42' title='bbox 853 751 894 814; x_wconf 73' lang='lat' dir='ltr'><strong>le</strong></span> <span class='ocrx_word' id='word_1_43' title='bbox 916 765 1015 815; x_wconf 84' lang='lat' dir='ltr'><strong>entem</strong></span> <span class='ocrx_word' id='word_1_44' title='bbox 1037 755 1113 816; x_wconf 79' lang='lat' dir='ltr'><strong>idem</strong></span> <span class='ocrx_word' id='word_1_45' title='bbox 1135 773 1180 824; x_wconf 83' lang='lat' dir='ltr'><strong>ee,</strong></span> <span class='ocrx_word' id='word_1_46' title='bbox 1209 767 1238 818; x_wconf 89' lang='lat' dir='ltr'><strong>et</strong></span> <span class='ocrx_word' id='word_1_47' title='bbox 1265 757 1342 816; x_wconf 79' lang='lat' dir='ltr'><strong>oeni</strong></span> <span class='ocrx_word' id='word_1_48' title='bbox 1362 757 1411 816; x_wconf 76' lang='lat' dir='ltr'><strong>tui</strong></span> <span class='ocrx_word' id='word_1_49' title='bbox 1502 746 1506 763; x_wconf 70' lang='lat'><em>&#39;</em></span> 
     </span>
     <span class='ocr_line' id='line_1_6' title="bbox 183 851 1406 936; baseline -0.003 -16"><span class='ocrx_word' id='word_1_50' title='bbox 183 876 247 920; x_wconf 79' lang='lat' dir='ltr'><strong>oon</strong></span> <span class='ocrx_word' id='word_1_51' title='bbox 274 855 421 936; x_wconf 67' lang='lat' dir='ltr'><strong>definient.</strong></span> <span class='ocrx_word' id='word_1_52' title='bbox 470 852 538 932; x_wconf 86' lang='lat' dir='ltr'><strong>lpse</strong></span> <span class='ocrx_word' id='word_1_53' title='bbox 570 871 663 933; x_wconf 85' lang='lat' dir='ltr'><strong>porro</strong></span> <span class='ocrx_word' id='word_1_54' title='bbox 689 851 834 914; x_wconf 80' lang='lat' dir='ltr'>Dominus</span> <span class='ocrx_word' id='word_1_55' title='bbox 866 853 903 914; x_wconf 88' lang='lat' dir='ltr'><strong>de</strong></span> <span class='ocrx_word' id='word_1_56' title='bbox 931 852 1032 932; x_wconf 84' lang='lat' dir='ltr'><strong>seipso</strong></span> <span class='ocrx_word' id='word_1_57' title='bbox 1059 851 1113 933; x_wconf 74' lang='lat' dir='ltr'><strong>pir</strong></span> <span class='ocrx_word' id='word_1_58' title='bbox 1139 853 1316 935; x_wconf 85' lang='lat' dir='ltr'><strong>Prophetam</strong></span> <span class='ocrx_word' id='word_1_59' title='bbox 1350 855 1406 918; x_wconf 88' lang='lat' dir='ltr'><strong>eit:</strong></span> 
     </span>
     <span class='ocr_line' id='line_1_7' title="bbox 188 953 1408 1036; baseline 0.003 -20"><span class='ocrx_word' id='word_1_60' title='bbox 188 957 288 1020; x_wconf 78' lang='lat' dir='ltr'><strong>Videte</strong></span> <span class='ocrx_word' id='word_1_61' title='bbox 308 973 364 1027; x_wconf 81' lang='lat' dir='ltr'><strong>stre,</strong></span> <span class='ocrx_word' id='word_1_62' title='bbox 387 955 483 1018; x_wconf 85' lang='lat' dir='ltr'><strong>oidete</strong></span> <span class='ocrx_word' id='word_1_63' title='bbox 505 953 584 1036; x_wconf 68' lang='lat' dir='ltr'><strong>qaod</strong></span> <span class='ocrx_word' id='word_1_64' title='bbox 605 973 656 1036; x_wconf 73' lang='lat' dir='ltr'><strong>eoo</strong></span> <span class='ocrx_word' id='word_1_65' title='bbox 679 973 746 1017; x_wconf 81' lang='lat' dir='ltr'><strong>som</strong></span> <span class='ocrx_word' id='word_1_66' title='bbox 768 961 798 1016; x_wconf 87' lang='lat' dir='ltr'><strong>et</strong></span> <span class='ocrx_word' id='word_1_67' title='bbox 819 971 881 1016; x_wconf 81' lang='lat' dir='ltr'><strong>eon</strong></span> <span class='ocrx_word' id='word_1_68' title='bbox 901 963 1036 1016; x_wconf 80' lang='lat' dir='ltr'><strong>motetus</strong></span> <span class='ocrx_word' id='word_1_69' title='bbox 1061 973 1136 1016; x_wconf 79' lang='lat' dir='ltr'><strong>aem.</strong></span> <span class='ocrx_word' id='word_1_70' title='bbox 1179 957 1251 1018; x_wconf 86' lang='lat' dir='ltr'><strong>Nam</strong></span> <span class='ocrx_word' id='word_1_71' title='bbox 1272 957 1340 1020; x_wconf 88' lang='lat' dir='ltr'><strong>linet</strong></span> <span class='ocrx_word' id='word_1_72' title='bbox 1359 957 1408 1020; x_wconf 84' lang='lat' dir='ltr'><strong>bis</strong></span> 
     </span>
     <span class='ocr_line' id='line_1_8' title="bbox 185 1053 1407 1144; baseline 0.001 -23"><span class='ocrx_word' id='word_1_73' title='bbox 185 1058 303 1121; x_wconf 83' lang='lat' dir='ltr'><strong>Patrem</strong></span> <span class='ocrx_word' id='word_1_74' title='bbox 316 1055 475 1137; x_wconf 69' lang='lat' dir='ltr'><strong>significari</strong></span> <span class='ocrx_word' id='word_1_75' title='bbox 490 1055 588 1135; x_wconf 84' lang='lat' dir='ltr'><strong>possit</strong></span> <span class='ocrx_word' id='word_1_76' title='bbox 601 1055 669 1136; x_wconf 88' lang='lat' dir='ltr'><strong>quis</strong></span> <span class='ocrx_word' id='word_1_77' title='bbox 685 1055 880 1136; x_wconf 85' lang='lat' dir='ltr'><strong>respondero,</strong></span> <span class='ocrx_word' id='word_1_78' title='bbox 902 1055 1005 1118; x_wconf 75' lang='lat' dir='ltr'><strong>melem</strong></span> <span class='ocrx_word' id='word_1_79' title='bbox 1021 1062 1120 1116; x_wconf 82' lang='lat' dir='ltr'><strong>tamen</strong></span> <span class='ocrx_word' id='word_1_80' title='bbox 1134 1053 1164 1115; x_wconf 89' lang='lat' dir='ltr'><strong>in</strong></span> <span class='ocrx_word' id='word_1_81' title='bbox 1178 1056 1281 1144; x_wconf 82' lang='lat' dir='ltr'><strong>Filium</strong></span> <span class='ocrx_word' id='word_1_82' title='bbox 1297 1060 1407 1140; x_wconf 83' lang='lat' dir='ltr'><strong>optimo</strong></span> 
     </span>
     <span class='ocr_line' id='line_1_9' title="bbox 186 1156 1406 1242; baseline 0 -20"><span class='ocrx_word' id='word_1_83' title='bbox 186 1159 344 1242; x_wconf 72' lang='lat' dir='ltr'><strong>quadrant,</strong></span> <span class='ocrx_word' id='word_1_84' title='bbox 372 1167 516 1236; x_wconf 86' lang='lat' dir='ltr'><strong>quatenns</strong></span> <span class='ocrx_word' id='word_1_85' title='bbox 544 1157 657 1220; x_wconf 81' lang='lat' dir='ltr'><strong>scilieet</strong></span> <span class='ocrx_word' id='word_1_86' title='bbox 678 1157 769 1220; x_wconf 89' lang='lat' dir='ltr'><strong>bomo</strong></span> <span class='ocrx_word' id='word_1_87' title='bbox 790 1157 940 1224; x_wconf 81' lang='lat' dir='ltr'><strong>inmuose</strong></span> <span class='ocrx_word' id='word_1_88' title='bbox 961 1156 1087 1220; x_wconf 86' lang='lat' dir='ltr'><strong>enodem</strong></span> <span class='ocrx_word' id='word_1_89' title='bbox 1109 1175 1228 1237; x_wconf 71' lang='lat' dir='ltr'><strong>semper</strong></span> <span class='ocrx_word' id='word_1_90' title='bbox 1248 1167 1278 1219; x_wconf 91' lang='lat' dir='ltr'><strong>et</strong></span> <span class='ocrx_word' id='word_1_91' title='bbox 1298 1160 1406 1222; x_wconf 89' lang='lat' dir='ltr'><strong>immn-</strong></span> 
     </span>
     <span class='ocr_line' id='line_1_10' title="bbox 183 1258 1407 1340; baseline -0.003 -14"><span class='ocrx_word' id='word_1_92' title='bbox 183 1259 303 1326; x_wconf 84' lang='lat' dir='ltr'><strong>tebilem</strong></span> <span class='ocrx_word' id='word_1_93' title='bbox 324 1277 395 1324; x_wconf 87' lang='lat' dir='ltr'><strong>esse</strong></span> <span class='ocrx_word' id='word_1_94' title='bbox 417 1259 455 1322; x_wconf 89' lang='lat' dir='ltr'><strong>iis</strong></span> <span class='ocrx_word' id='word_1_95' title='bbox 477 1259 623 1333; x_wconf 74' lang='lat' dir='ltr'><strong>ostendit,</strong></span> <span class='ocrx_word' id='word_1_96' title='bbox 652 1259 702 1340; x_wconf 88' lang='lat' dir='ltr'><strong>qui</strong></span> <span class='ocrx_word' id='word_1_97' title='bbox 724 1260 823 1339; x_wconf 87' lang='lat' dir='ltr'><strong>ipsum</strong></span> <span class='ocrx_word' id='word_1_98' title='bbox 846 1261 885 1322; x_wconf 95' lang='lat' dir='ltr'><strong>ob</strong></span> <span class='ocrx_word' id='word_1_99' title='bbox 907 1277 1026 1323; x_wconf 77' lang='lat' dir='ltr'><strong>munem</strong></span> <span class='ocrx_word' id='word_1_100' title='bbox 1049 1266 1193 1322; x_wconf 80' lang='lat' dir='ltr'><strong>mutatum</strong></span> <span class='ocrx_word' id='word_1_101' title='bbox 1215 1267 1244 1320; x_wconf 90' lang='lat' dir='ltr'><strong>ot</strong></span> <span class='ocrx_word' id='word_1_102' title='bbox 1264 1258 1341 1320; x_wconf 89' lang='lat' dir='ltr'><strong>aliud</strong></span> <span class='ocrx_word' id='word_1_103' title='bbox 1362 1263 1407 1322; x_wconf 86' lang='lat' dir='ltr'><strong>la-</strong></span> 
     </span>
     <span class='ocr_line' id='line_1_11' title="bbox 185 1359 1411 1442; baseline -0.002 -17"><span class='ocrx_word' id='word_1_104' title='bbox 185 1372 262 1426; x_wconf 88' lang='lat' dir='ltr'><strong>etum</strong></span> <span class='ocrx_word' id='word_1_105' title='bbox 292 1379 363 1424; x_wconf 87' lang='lat' dir='ltr'><strong>esso</strong></span> <span class='ocrx_word' id='word_1_106' title='bbox 392 1369 554 1425; x_wconf 73' lang='lat' dir='ltr'><strong>autumant.</strong></span> <span class='ocrx_word' id='word_1_107' title='bbox 600 1361 686 1424; x_wconf 84' lang='lat' dir='ltr'><strong>Certe</strong></span> <span class='ocrx_word' id='word_1_108' title='bbox 712 1361 766 1424; x_wconf 84' lang='lat' dir='ltr'><strong>viri</strong></span> <span class='ocrx_word' id='word_1_109' title='bbox 795 1361 888 1424; x_wconf 90' lang='lat' dir='ltr'><strong>sancti</strong></span> <span class='ocrx_word' id='word_1_110' title='bbox 918 1370 948 1425; x_wconf 82' lang='lat' dir='ltr'><strong>et</strong></span> <span class='ocrx_word' id='word_1_111' title='bbox 974 1361 1039 1442; x_wconf 84' lang='lat' dir='ltr'><strong>ipso</strong></span> <span class='ocrx_word' id='word_1_112' title='bbox 1066 1359 1210 1424; x_wconf 79' lang='lat' dir='ltr'><strong>Dominus</strong></span> <span class='ocrx_word' id='word_1_113' title='bbox 1238 1359 1326 1440; x_wconf 78' lang='lat' dir='ltr'><strong>longe</strong></span> <span class='ocrx_word' id='word_1_114' title='bbox 1353 1362 1411 1423; x_wconf 87' lang='lat' dir='ltr'><strong>lide</strong></span> 
     </span>
     <span class='ocr_line' id='line_1_12' title="bbox 185 1461 1430 1545; baseline -0.003 -17"><span class='ocrx_word' id='word_1_115' title='bbox 185 1463 336 1544; x_wconf 76' lang='lat' dir='ltr'><strong>digniores</strong></span> <span class='ocrx_word' id='word_1_116' title='bbox 358 1471 444 1532; x_wconf 85' lang='lat' dir='ltr'><strong>sont.</strong></span> <span class='ocrx_word' id='word_1_117' title='bbox 478 1481 566 1543; x_wconf 88' lang='lat' dir='ltr'><strong>qnam</strong></span> <span class='ocrx_word' id='word_1_118' title='bbox 594 1463 753 1544; x_wconf 83' lang='lat' dir='ltr'><strong>impiorum</strong></span> <span class='ocrx_word' id='word_1_119' title='bbox 774 1463 965 1545; x_wconf 72' lang='lat' dir='ltr'><strong>perversitas.</strong></span> <span class='ocrx_word' id='word_1_120' title='bbox 1010 1463 1083 1526; x_wconf 85' lang='lat' dir='ltr'><strong>Cum</strong></span> <span class='ocrx_word' id='word_1_121' title='bbox 1106 1462 1184 1524; x_wconf 91' lang='lat' dir='ltr'><strong>enim</strong></span> <span class='ocrx_word' id='word_1_122' title='bbox 1206 1461 1357 1542; x_wconf 76' lang='lat' dir='ltr'><strong>Scriptura</strong></span> <span class='ocrx_word' id='word_1_123' title='bbox 1379 1461 1430 1542; x_wconf 32' lang='lat' dir='ltr'><strong>in·</strong></span> 
     </span>
     <span class='ocr_line' id='line_1_13' title="bbox 183 1563 1410 1640; baseline -0.003 -10"><span class='ocrx_word' id='word_1_124' title='bbox 183 1566 313 1640; x_wconf 84' lang='lat' dir='ltr'><strong>Psalmo,</strong></span> <span class='ocrx_word' id='word_1_125' title='bbox 335 1565 420 1628; x_wconf 88' lang='lat' dir='ltr'><strong>ouius</strong></span> <span class='ocrx_word' id='word_1_126' title='bbox 442 1563 531 1626; x_wconf 85' lang='lat' dir='ltr'><strong>rerba</strong></span> <span class='ocrx_word' id='word_1_127' title='bbox 552 1564 719 1638; x_wconf 77' lang='lat' dir='ltr'><strong>retulimus,</strong></span> <span class='ocrx_word' id='word_1_128' title='bbox 743 1583 844 1628; x_wconf 85' lang='lat' dir='ltr'><strong>rerum</strong></span> <span class='ocrx_word' id='word_1_129' title='bbox 866 1565 997 1628; x_wconf 83' lang='lat' dir='ltr'><strong>omnium</strong></span> <span class='ocrx_word' id='word_1_130' title='bbox 1020 1567 1163 1627; x_wconf 87' lang='lat' dir='ltr'><strong>laetarum</strong></span> <span class='ocrx_word' id='word_1_131' title='bbox 1184 1571 1215 1626; x_wconf 89' lang='lat' dir='ltr'><strong>et</strong></span> <span class='ocrx_word' id='word_1_132' title='bbox 1235 1571 1410 1637; x_wconf 76' lang='lat' dir='ltr'><strong>createrem,</strong></span> 
     </span>
     <span class='ocr_line' id='line_1_14' title="bbox 181 1663 1411 1749; baseline -0.002 -19"><span class='ocrx_word' id='word_1_133' title='bbox 181 1687 257 1749; x_wconf 83' lang='lat' dir='ltr'><strong>quae</strong></span> <span class='ocrx_word' id='word_1_134' title='bbox 278 1666 349 1730; x_wconf 87' lang='lat' dir='ltr'><strong>oaeli</strong></span> <span class='ocrx_word' id='word_1_135' title='bbox 373 1675 404 1728; x_wconf 86' lang='lat' dir='ltr'><strong>et</strong></span> <span class='ocrx_word' id='word_1_136' title='bbox 425 1673 521 1728; x_wconf 83' lang='lat' dir='ltr'><strong>tetrae</strong></span> <span class='ocrx_word' id='word_1_137' title='bbox 543 1666 665 1728; x_wconf 88' lang='lat' dir='ltr'><strong>nomine</strong></span> <span class='ocrx_word' id='word_1_138' title='bbox 680 1667 982 1746; x_wconf 73' lang='lat' dir='ltr'><strong>comprehenduntur,</strong></span> <span class='ocrx_word' id='word_1_139' title='bbox 1005 1665 1175 1730; x_wconf 78' lang='lat' dir='ltr'><strong>mutabilem</strong></span> <span class='ocrx_word' id='word_1_140' title='bbox 1193 1685 1262 1728; x_wconf 87' lang='lat' dir='ltr'><strong>esse</strong></span> <span class='ocrx_word' id='word_1_141' title='bbox 1284 1663 1411 1728; x_wconf 82' lang='lat' dir='ltr'><strong>affirmet</strong></span> 
     </span>
     <span class='ocr_line' id='line_1_15' title="bbox 181 1767 1409 1852; baseline -0.002 -20"><span class='ocrx_word' id='word_1_142' title='bbox 181 1779 331 1838; x_wconf 82' lang='lat' dir='ltr'><strong>naturam.</strong></span> <span class='ocrx_word' id='word_1_143' title='bbox 361 1768 527 1848; x_wconf 79' lang='lat' dir='ltr'><strong>Filinmquo</strong></span> <span class='ocrx_word' id='word_1_144' title='bbox 549 1787 583 1830; x_wconf 82' lang='lat' dir='ltr'><strong>ox</strong></span> <span class='ocrx_word' id='word_1_145' title='bbox 606 1768 665 1831; x_wconf 90' lang='lat' dir='ltr'><strong>illis</strong></span> <span class='ocrx_word' id='word_1_146' title='bbox 687 1767 811 1843; x_wconf 85' lang='lat' dir='ltr'><strong>eximat,</strong></span> <span class='ocrx_word' id='word_1_147' title='bbox 844 1771 1030 1852; x_wconf 84' lang='lat' dir='ltr'><strong>apertissimo</strong></span> <span class='ocrx_word' id='word_1_148' title='bbox 1057 1769 1203 1840; x_wconf 85' lang='lat' dir='ltr'><strong>deoleret,</strong></span> <span class='ocrx_word' id='word_1_149' title='bbox 1230 1787 1298 1830; x_wconf 90' lang='lat' dir='ltr'><strong>enm</strong></span> <span class='ocrx_word' id='word_1_150' title='bbox 1326 1767 1409 1830; x_wconf 82' lang='lat' dir='ltr'><strong>nullo</strong></span> 
     </span>
     <span class='ocr_line' id='line_1_16' title="bbox 182 1853 1408 1952; baseline -0.002 -18"><span class='ocrx_word' id='word_1_151' title='bbox 182 1871 273 1934; x_wconf 89' lang='lat' dir='ltr'><strong>modo</strong></span> <span class='ocrx_word' id='word_1_152' title='bbox 295 1873 401 1934; x_wconf 88' lang='lat' dir='ltr'><strong>laetum</strong></span> <span class='ocrx_word' id='word_1_153' title='bbox 423 1889 503 1946; x_wconf 84' lang='lat' dir='ltr'><strong>esso,</strong></span> <span class='ocrx_word' id='word_1_154' title='bbox 524 1871 579 1934; x_wconf 89' lang='lat' dir='ltr'><strong>sod</strong></span> <span class='ocrx_word' id='word_1_155' title='bbox 600 1870 702 1951; x_wconf 85' lang='lat' dir='ltr'><strong>potine</strong></span> <span class='ocrx_word' id='word_1_156' title='bbox 717 1871 815 1934; x_wconf 86' lang='lat' dir='ltr'><strong>omnia</strong></span> <span class='ocrx_word' id='word_1_157' title='bbox 830 1871 867 1932; x_wconf 90' lang='lat' dir='ltr'><strong>eb</strong></span> <span class='ocrx_word' id='word_1_158' title='bbox 889 1871 941 1933; x_wconf 87' lang='lat' dir='ltr'><strong>illo</strong></span> <span class='ocrx_word' id='word_1_159' title='bbox 963 1853 1122 1944; x_wconf 81' lang='lat' dir='ltr'><strong>immutari,</strong></span> <span class='ocrx_word' id='word_1_160' title='bbox 1144 1871 1242 1952; x_wconf 86' lang='lat' dir='ltr'><strong>ipsum</strong></span> <span class='ocrx_word' id='word_1_161' title='bbox 1261 1889 1330 1932; x_wconf 84' lang='lat' dir='ltr'><strong>vero</strong></span> <span class='ocrx_word' id='word_1_162' title='bbox 1346 1887 1408 1934; x_wconf 91' lang='lat' dir='ltr'><strong>uon</strong></span> 
     </span>
     <span class='ocr_line' id='line_1_17' title="bbox 181 1971 1408 2054; baseline 0.002 -20"><span class='ocrx_word' id='word_1_163' title='bbox 181 1971 288 2034; x_wconf 77' lang='lat' dir='ltr'><strong>mamni</strong></span> <span class='ocrx_word' id='word_1_164' title='bbox 310 1971 396 2034; x_wconf 84' lang='lat' dir='ltr'><strong>donet</strong></span> <span class='ocrx_word' id='word_1_165' title='bbox 415 1973 499 2034; x_wconf 88' lang='lat' dir='ltr'><strong>bisoe</strong></span> <span class='ocrx_word' id='word_1_166' title='bbox 519 1972 636 2036; x_wconf 76' lang='lat' dir='ltr'><strong>vorbis:</strong></span> <span class='ocrx_word' id='word_1_167' title='bbox 668 1971 709 2036; x_wconf 80' lang='lat' dir='ltr'><strong>To</strong></span> <span class='ocrx_word' id='word_1_168' title='bbox 731 1986 832 2036; x_wconf 79' lang='lat' dir='ltr'><strong>entem</strong></span> <span class='ocrx_word' id='word_1_169' title='bbox 854 1975 930 2036; x_wconf 84' lang='lat' dir='ltr'><strong>idem</strong></span> <span class='ocrx_word' id='word_1_170' title='bbox 952 1992 1000 2046; x_wconf 85' lang='lat' dir='ltr'><strong>ea,</strong></span> <span class='ocrx_word' id='word_1_171' title='bbox 1029 1983 1057 2037; x_wconf 83' lang='lat' dir='ltr'><strong>et</strong></span> <span class='ocrx_word' id='word_1_172' title='bbox 1084 1979 1160 2037; x_wconf 74' lang='lat' dir='ltr'><strong>eoae·</strong></span> <span class='ocrx_word' id='word_1_173' title='bbox 1177 1978 1228 2036; x_wconf 78' lang='lat' dir='ltr'><strong>tue·</strong></span> <span class='ocrx_word' id='word_1_174' title='bbox 1248 1991 1310 2036; x_wconf 79' lang='lat' dir='ltr'><strong>ooo</strong></span> <span class='ocrx_word' id='word_1_175' title='bbox 1332 1973 1408 2054; x_wconf 73' lang='lat' dir='ltr'><strong>defi-</strong></span> 
     </span>
     <span class='ocr_line' id='line_1_18' title="bbox 183 2073 1409 2164; baseline -0.002 -26"><span class='ocrx_word' id='word_1_176' title='bbox 183 2079 271 2138; x_wconf 82' lang='lat' dir='ltr'><strong>oe&#39;eet.</strong></span> <span class='ocrx_word' id='word_1_177' title='bbox 315 2073 352 2136; x_wconf 82' lang='lat' dir='ltr'><strong>Et</strong></span> <span class='ocrx_word' id='word_1_178' title='bbox 372 2075 478 2164; x_wconf 81' lang='lat' dir='ltr'><strong>merito</strong></span> <span class='ocrx_word' id='word_1_179' title='bbox 500 2075 631 2156; x_wconf 87' lang='lat' dir='ltr'><strong>quidem.</strong></span> <span class='ocrx_word' id='word_1_180' title='bbox 674 2074 806 2155; x_wconf 87' lang='lat' dir='ltr'><strong>Namque</strong></span> <span class='ocrx_word' id='word_1_181' title='bbox 821 2093 871 2138; x_wconf 88' lang='lat' dir='ltr'><strong>res</strong></span> <span class='ocrx_word' id='word_1_182' title='bbox 885 2075 987 2152; x_wconf 78' lang='lat' dir='ltr'><strong>lenae,</strong></span> <span class='ocrx_word' id='word_1_183' title='bbox 1010 2095 1075 2138; x_wconf 84' lang='lat' dir='ltr'><strong>nrm</strong></span> <span class='ocrx_word' id='word_1_184' title='bbox 1099 2075 1160 2136; x_wconf 88' lang='lat' dir='ltr'><strong>sint</strong></span> <span class='ocrx_word' id='word_1_185' title='bbox 1181 2093 1216 2136; x_wconf 85' lang='lat' dir='ltr'><strong>en</strong></span> <span class='ocrx_word' id='word_1_186' title='bbox 1238 2075 1330 2136; x_wconf 82' lang='lat' dir='ltr'><strong>nihilo</strong></span> <span class='ocrx_word' id='word_1_187' title='bbox 1352 2092 1409 2136; x_wconf 86' lang='lat' dir='ltr'><strong>noe</strong></span> 
     </span>
     <span class='ocr_line' id='line_1_19' title="bbox 179 2167 1408 2258; baseline -0.002 -20"><span class='ocrx_word' id='word_1_188' title='bbox 179 2167 291 2240; x_wconf 78' lang='lat' dir='ltr'><strong>luerint</strong></span> <span class='ocrx_word' id='word_1_189' title='bbox 309 2177 483 2258; x_wconf 81' lang='lat' dir='ltr'><strong>prinsquam</strong></span> <span class='ocrx_word' id='word_1_190' title='bbox 505 2179 598 2239; x_wconf 87' lang='lat' dir='ltr'><strong>laetae</strong></span> <span class='ocrx_word' id='word_1_191' title='bbox 621 2185 701 2250; x_wconf 88' lang='lat' dir='ltr'><strong>snut,</strong></span> <span class='ocrx_word' id='word_1_192' title='bbox 723 2194 850 2256; x_wconf 86' lang='lat' dir='ltr'><strong>prorsus</strong></span> <span class='ocrx_word' id='word_1_193' title='bbox 872 2177 940 2258; x_wconf 89' lang='lat' dir='ltr'><strong>quie</strong></span> <span class='ocrx_word' id='word_1_194' title='bbox 961 2175 1044 2258; x_wconf 84' lang='lat' dir='ltr'><strong>ipsae</strong></span> <span class='ocrx_word' id='word_1_195' title='bbox 1066 2177 1140 2239; x_wconf 86' lang='lat' dir='ltr'><strong>liunt</strong></span> <span class='ocrx_word' id='word_1_196' title='bbox 1160 2195 1226 2238; x_wconf 80' lang='lat' dir='ltr'><strong>nrm</strong></span> <span class='ocrx_word' id='word_1_197' title='bbox 1247 2183 1332 2238; x_wconf 77' lang='lat' dir='ltr'><strong>antea</strong></span> <span class='ocrx_word' id='word_1_198' title='bbox 1347 2193 1408 2236; x_wconf 92' lang='lat' dir='ltr'><strong>non</strong></span> 
     </span>
     <span class='ocr_line' id='line_1_20' title="bbox 181 2274 1405 2358; baseline -0.005 -16"><span class='ocrx_word' id='word_1_199' title='bbox 181 2288 300 2352; x_wconf 80' lang='lat' dir='ltr'><strong>essem,</strong></span> <span class='ocrx_word' id='word_1_200' title='bbox 329 2280 398 2342; x_wconf 89' lang='lat' dir='ltr'><strong>bino</strong></span> <span class='ocrx_word' id='word_1_201' title='bbox 419 2278 551 2341; x_wconf 79' lang='lat' dir='ltr'><strong>mutabili</strong></span> <span class='ocrx_word' id='word_1_202' title='bbox 573 2286 644 2340; x_wconf 88' lang='lat' dir='ltr'><strong>sont</strong></span> <span class='ocrx_word' id='word_1_203' title='bbox 664 2287 779 2342; x_wconf 76' lang='lat' dir='ltr'><strong>nemra.</strong></span> <span class='ocrx_word' id='word_1_204' title='bbox 823 2279 860 2340; x_wconf 78' lang='lat' dir='ltr'><strong>lt</strong></span> <span class='ocrx_word' id='word_1_205' title='bbox 881 2279 988 2352; x_wconf 82' lang='lat' dir='ltr'><strong>Filius,</strong></span> <span class='ocrx_word' id='word_1_206' title='bbox 1017 2278 1067 2358; x_wconf 86' lang='lat' dir='ltr'><strong>qui</strong></span> <span class='ocrx_word' id='word_1_207' title='bbox 1090 2285 1135 2340; x_wconf 87' lang='lat' dir='ltr'><strong>est</strong></span> <span class='ocrx_word' id='word_1_208' title='bbox 1157 2296 1191 2338; x_wconf 84' lang='lat' dir='ltr'><strong>ex</strong></span> <span class='ocrx_word' id='word_1_209' title='bbox 1214 2277 1301 2338; x_wconf 84' lang='lat' dir='ltr'><strong>Patre</strong></span> <span class='ocrx_word' id='word_1_210' title='bbox 1323 2274 1405 2336; x_wconf 88' lang='lat' dir='ltr'><strong>eius·</strong></span> 
     </span>
     <span class='ocr_line' id='line_1_21' title="bbox 181 2379 1493 2459; baseline 0.001 -18"><span class='ocrx_word' id='word_1_211' title='bbox 181 2399 240 2459; x_wconf 83' lang='lat' dir='ltr'><strong>quo</strong></span> <span class='ocrx_word' id='word_1_212' title='bbox 260 2388 384 2442; x_wconf 86' lang='lat' dir='ltr'><strong>naturae</strong></span> <span class='ocrx_word' id='word_1_213' title='bbox 405 2379 546 2458; x_wconf 85' lang='lat' dir='ltr'><strong>proprius</strong></span> <span class='ocrx_word' id='word_1_214' title='bbox 568 2387 633 2452; x_wconf 86' lang='lat' dir='ltr'><strong>est,</strong></span> <span class='ocrx_word' id='word_1_215' title='bbox 655 2379 829 2442; x_wconf 81' lang='lat' dir='ltr'><strong>mutationis</strong></span> <span class='ocrx_word' id='word_1_216' title='bbox 852 2389 882 2442; x_wconf 89' lang='lat' dir='ltr'><strong>ot</strong></span> <span class='ocrx_word' id='word_1_217' title='bbox 902 2379 1109 2442; x_wconf 78' lang='lat' dir='ltr'><strong>conversionis</strong></span> <span class='ocrx_word' id='word_1_218' title='bbox 1132 2388 1179 2440; x_wconf 85' lang='lat' dir='ltr'><strong>eet</strong></span> <span class='ocrx_word' id='word_1_219' title='bbox 1201 2395 1324 2458; x_wconf 83' lang='lat' dir='ltr'><strong>expers,</strong></span> <span class='ocrx_word' id='word_1_220' title='bbox 1346 2395 1493 2444; x_wconf 70' lang='lat' dir='ltr'><strong>nonem.</strong></span> 
     </span>
     <span class='ocr_line' id='line_1_22' title="bbox 184 2477 1407 2557; baseline 0.001 -17"><span class='ocrx_word' id='word_1_221' title='bbox 184 2479 270 2540; x_wconf 86' lang='lat' dir='ltr'><strong>alitor</strong></span> <span class='ocrx_word' id='word_1_222' title='bbox 291 2494 378 2557; x_wconf 87' lang='lat' dir='ltr'><strong>quam</strong></span> <span class='ocrx_word' id='word_1_223' title='bbox 400 2477 466 2557; x_wconf 86' lang='lat' dir='ltr'><strong>ipse</strong></span> <span class='ocrx_word' id='word_1_224' title='bbox 486 2479 583 2542; x_wconf 88' lang='lat' dir='ltr'><strong>Pater.</strong></span> <span class='ocrx_word' id='word_1_225' title='bbox 627 2480 689 2542; x_wconf 87' lang='lat' dir='ltr'><strong>Nee</strong></span> <span class='ocrx_word' id='word_1_226' title='bbox 710 2481 789 2544; x_wconf 87' lang='lat' dir='ltr'><strong>enirn</strong></span> <span class='ocrx_word' id='word_1_227' title='bbox 812 2483 856 2544; x_wconf 83' lang='lat' dir='ltr'><strong>las</strong></span> <span class='ocrx_word' id='word_1_228' title='bbox 879 2490 926 2544; x_wconf 88' lang='lat' dir='ltr'><strong>ost</strong></span> <span class='ocrx_word' id='word_1_229' title='bbox 947 2481 1055 2553; x_wconf 86' lang='lat' dir='ltr'><strong>dioere,</strong></span> <span class='ocrx_word' id='word_1_230' title='bbox 1082 2500 1118 2543; x_wconf 83' lang='lat' dir='ltr'><strong>ox</strong></span> <span class='ocrx_word' id='word_1_231' title='bbox 1140 2490 1244 2544; x_wconf 86' lang='lat' dir='ltr'><strong>natura</strong></span> <span class='ocrx_word' id='word_1_232' title='bbox 1267 2481 1407 2542; x_wconf 87' lang='lat' dir='ltr'><strong>immuta-</strong></span> 
     </span>
     <span class='ocr_line' id='line_1_23' title="bbox 183 2578 1408 2665; baseline 0.002 -25"><span class='ocrx_word' id='word_1_233' title='bbox 183 2578 236 2640; x_wconf 84' lang='lat' dir='ltr'><strong>bili</strong></span> <span class='ocrx_word' id='word_1_234' title='bbox 258 2579 397 2642; x_wconf 88' lang='lat' dir='ltr'><strong>mntebile</strong></span> <span class='ocrx_word' id='word_1_235' title='bbox 419 2578 546 2643; x_wconf 80' lang='lat' dir='ltr'><strong>Verbum</strong></span> <span class='ocrx_word' id='word_1_236' title='bbox 572 2590 602 2644; x_wconf 88' lang='lat' dir='ltr'><strong>ot</strong></span> <span class='ocrx_word' id='word_1_237' title='bbox 622 2582 791 2646; x_wconf 76' lang='lat' dir='ltr'><strong>mutabilem</strong></span> <span class='ocrx_word' id='word_1_238' title='bbox 814 2583 989 2665; x_wconf 82' lang='lat' dir='ltr'><strong>sapientiem</strong></span> <span class='ocrx_word' id='word_1_239' title='bbox 1011 2583 1101 2664; x_wconf 77' lang='lat' dir='ltr'><strong>gigni.</strong></span> <span class='ocrx_word' id='word_1_240' title='bbox 1145 2583 1304 2657; x_wconf 77' lang='lat' dir='ltr'><strong>Quomodo</strong></span> <span class='ocrx_word' id='word_1_241' title='bbox 1327 2579 1408 2644; x_wconf 88' lang='lat' dir='ltr'><strong>onim</strong></span> 
     </span>
     <span class='ocr_line' id='line_1_24' title="bbox 184 2681 1408 2766; baseline 0.003 -26"><span class='ocrx_word' id='word_1_242' title='bbox 184 2681 310 2744; x_wconf 78' lang='lat' dir='ltr'><strong>Verbum</strong></span> <span class='ocrx_word' id='word_1_243' title='bbox 333 2699 402 2742; x_wconf 87' lang='lat' dir='ltr'><strong>esse</strong></span> <span class='ocrx_word' id='word_1_244' title='bbox 424 2681 533 2761; x_wconf 83' lang='lat' dir='ltr'><strong>possit,</strong></span> <span class='ocrx_word' id='word_1_245' title='bbox 555 2683 581 2746; x_wconf 90' lang='lat' dir='ltr'><strong>ai</strong></span> <span class='ocrx_word' id='word_1_246' title='bbox 602 2685 742 2748; x_wconf 85' lang='lat' dir='ltr'><strong>mutabile</strong></span> <span class='ocrx_word' id='word_1_247' title='bbox 764 2685 834 2748; x_wconf 76' lang='lat' dir='ltr'><strong>est?</strong></span> <span class='ocrx_word' id='word_1_248' title='bbox 856 2687 900 2748; x_wconf 83' lang='lat' dir='ltr'><strong>vel</strong></span> <span class='ocrx_word' id='word_1_249' title='bbox 922 2687 1073 2766; x_wconf 86' lang='lat' dir='ltr'><strong>quomodo</strong></span> <span class='ocrx_word' id='word_1_250' title='bbox 1095 2686 1144 2758; x_wconf 89' lang='lat' dir='ltr'><strong>id,</strong></span> <span class='ocrx_word' id='word_1_251' title='bbox 1166 2684 1245 2766; x_wconf 88' lang='lat' dir='ltr'><strong>quod</strong></span> <span class='ocrx_word' id='word_1_252' title='bbox 1267 2693 1408 2759; x_wconf 86' lang='lat' dir='ltr'><strong>mutatur,</strong></span> 
     </span>
     <span class='ocr_line' id='line_1_25' title="bbox 182 2781 1473 2864; baseline 0 -18"><span class='ocrx_word' id='word_1_253' title='bbox 182 2781 327 2862; x_wconf 70' lang='lat' dir='ltr'><strong>sortientia</strong></span> <span class='ocrx_word' id='word_1_254' title='bbox 348 2801 417 2846; x_wconf 87' lang='lat' dir='ltr'><strong>osse</strong></span> <span class='ocrx_word' id='word_1_255' title='bbox 439 2783 550 2864; x_wconf 74' lang='lat' dir='ltr'><strong>queat?</strong></span> <span class='ocrx_word' id='word_1_256' title='bbox 591 2786 656 2848; x_wconf 85' lang='lat' dir='ltr'><strong>Nisi</strong></span> <span class='ocrx_word' id='word_1_257' title='bbox 678 2789 755 2849; x_wconf 81' lang='lat' dir='ltr'><strong>torte</strong></span> <span class='ocrx_word' id='word_1_258' title='bbox 776 2788 868 2850; x_wconf 83' lang='lat' dir='ltr'><strong>velint</strong></span> <span class='ocrx_word' id='word_1_259' title='bbox 889 2788 933 2850; x_wconf 89' lang='lat' dir='ltr'><strong>sio</strong></span> <span class='ocrx_word' id='word_1_260' title='bbox 954 2805 1018 2850; x_wconf 91' lang='lat' dir='ltr'><strong>rem</strong></span> <span class='ocrx_word' id='word_1_261' title='bbox 1033 2807 1067 2849; x_wconf 87' lang='lat' dir='ltr'><strong>se</strong></span> <span class='ocrx_word' id='word_1_262' title='bbox 1081 2787 1202 2862; x_wconf 82' lang='lat' dir='ltr'><strong>bebere,</strong></span> <span class='ocrx_word' id='word_1_263' title='bbox 1224 2794 1258 2847; x_wconf 92' lang='lat' dir='ltr'><strong>ut</strong></span> <span class='ocrx_word' id='word_1_264' title='bbox 1271 2785 1407 2848; x_wconf 80' lang='lat' dir='ltr'><strong>accidens</strong></span> <span class='ocrx_word' id='word_1_265' title='bbox 1470 2841 1473 2846; x_wconf 92' lang='lat'>.</span> 
     </span>
     <span class='ocr_line' id='line_1_26' title="bbox 182 2882 1407 2968; baseline 0.002 -22"><span class='ocrx_word' id='word_1_266' title='bbox 182 2892 230 2946; x_wconf 87' lang='lat' dir='ltr'><strong>ost</strong></span> <span class='ocrx_word' id='word_1_267' title='bbox 250 2882 282 2944; x_wconf 88' lang='lat' dir='ltr'><strong>in</strong></span> <span class='ocrx_word' id='word_1_268' title='bbox 303 2883 485 2959; x_wconf 80' lang='lat' dir='ltr'><strong>substantia3</strong></span> <span class='ocrx_word' id='word_1_269' title='bbox 508 2885 548 2946; x_wconf 87' lang='lat' dir='ltr'><strong>ita</strong></span> <span class='ocrx_word' id='word_1_270' title='bbox 570 2886 692 2958; x_wconf 83' lang='lat' dir='ltr'><strong>seilicet,</strong></span> <span class='ocrx_word' id='word_1_271' title='bbox 714 2888 800 2950; x_wconf 90' lang='lat' dir='ltr'><strong>utin</strong></span> <span class='ocrx_word' id='word_1_272' title='bbox 822 2887 934 2967; x_wconf 84' lang='lat' dir='ltr'><strong>privata</strong></span> <span class='ocrx_word' id='word_1_273' title='bbox 957 2888 1052 2968; x_wconf 88' lang='lat' dir='ltr'><strong>aliqua</strong></span> <span class='ocrx_word' id='word_1_274' title='bbox 1076 2887 1241 2950; x_wconf 87' lang='lat' dir='ltr'><strong>substantie</strong></span> <span class='ocrx_word' id='word_1_275' title='bbox 1263 2887 1407 2968; x_wconf 86' lang='lat' dir='ltr'><strong>quaedem</strong></span> 
     </span>
     <span class='ocr_line' id='line_1_27' title="bbox 181 2985 1409 3067; baseline 0.004 -22"><span class='ocrx_word' id='word_1_276' title='bbox 181 2985 274 3064; x_wconf 73' lang='lat' dir='ltr'><strong>gratia</strong></span> <span class='ocrx_word' id='word_1_277' title='bbox 298 2985 436 3048; x_wconf 85' lang='lat' dir='ltr'><strong>aooiderit</strong></span> <span class='ocrx_word' id='word_1_278' title='bbox 456 2985 633 3066; x_wconf 67' lang='lat' dir='ltr'><strong>nautisque</strong></span> <span class='ocrx_word' id='word_1_279' title='bbox 654 2987 789 3062; x_wconf 84' lang='lat' dir='ltr'><strong>babitus,</strong></span> <span class='ocrx_word' id='word_1_280' title='bbox 811 2987 861 3067; x_wconf 85' lang='lat' dir='ltr'><strong>qui</strong></span> <span class='ocrx_word' id='word_1_281' title='bbox 884 2989 939 3051; x_wconf 88' lang='lat' dir='ltr'><strong>beo</strong></span> <span class='ocrx_word' id='word_1_282' title='bbox 959 2989 1074 3050; x_wconf 88' lang='lat' dir='ltr'><strong>ratione</strong></span> <span class='ocrx_word' id='word_1_283' title='bbox 1094 2987 1243 3062; x_wconf 81' lang='lat' dir='ltr'><strong>Verbum,</strong></span> <span class='ocrx_word' id='word_1_284' title='bbox 1265 2987 1356 3048; x_wconf 78' lang='lat' dir='ltr'><strong>lilius</strong></span> <span class='ocrx_word' id='word_1_285' title='bbox 1378 2995 1409 3050; x_wconf 88' lang='lat' dir='ltr'><strong>ot</strong></span> 
     </span>
     <span class='ocr_line' id='line_1_28' title="bbox 183 3085 1410 3168; baseline -0.002 -20"><span class='ocrx_word' id='word_1_286' title='bbox 183 3085 327 3168; x_wconf 87' lang='lat' dir='ltr'><strong>sapientia</strong></span> <span class='ocrx_word' id='word_1_287' title='bbox 349 3087 388 3148; x_wconf 87' lang='lat' dir='ltr'><strong>eit</strong></span> <span class='ocrx_word' id='word_1_288' title='bbox 411 3088 584 3168; x_wconf 84' lang='lat' dir='ltr'><strong>appellatus,</strong></span> <span class='ocrx_word' id='word_1_289' title='bbox 606 3087 656 3168; x_wconf 88' lang='lat' dir='ltr'><strong>qni</strong></span> <span class='ocrx_word' id='word_1_290' title='bbox 678 3087 804 3167; x_wconf 87' lang='lat' dir='ltr'><strong>proinde</strong></span> <span class='ocrx_word' id='word_1_291' title='bbox 826 3089 998 3152; x_wconf 77' lang='lat' dir='ltr'><strong>decrescere</strong></span> <span class='ocrx_word' id='word_1_292' title='bbox 1013 3089 1112 3168; x_wconf 80' lang='lat' dir='ltr'><strong>possit</strong></span> <span class='ocrx_word' id='word_1_293' title='bbox 1126 3098 1156 3150; x_wconf 90' lang='lat' dir='ltr'><strong>et</strong></span> <span class='ocrx_word' id='word_1_294' title='bbox 1170 3105 1313 3150; x_wconf 84' lang='lat' dir='ltr'><strong>erescere.</strong></span> <span class='ocrx_word' id='word_1_295' title='bbox 1347 3087 1410 3147; x_wconf 88' lang='lat' dir='ltr'><strong>lsts</strong></span> 
     </span>
     <span class='ocr_line' id='line_1_29' title="bbox 181 3187 1409 3272; baseline -0.001 -22"><span class='ocrx_word' id='word_1_296' title='bbox 181 3188 273 3262; x_wconf 85' lang='lat' dir='ltr'><strong>onim,</strong></span> <span class='ocrx_word' id='word_1_297' title='bbox 295 3190 384 3267; x_wconf 85' lang='lat' dir='ltr'><strong>prout</strong></span> <span class='ocrx_word' id='word_1_298' title='bbox 406 3190 550 3264; x_wconf 88' lang='lat' dir='ltr'><strong>sentiunt,</strong></span> <span class='ocrx_word' id='word_1_299' title='bbox 573 3189 693 3272; x_wconf 84' lang='lat' dir='ltr'><strong>saepius</strong></span> <span class='ocrx_word' id='word_1_300' title='bbox 715 3189 910 3269; x_wconf 83' lang='lat' dir='ltr'><strong>respondere.</strong></span> <span class='ocrx_word' id='word_1_301' title='bbox 946 3191 1054 3252; x_wconf 82' lang='lat' dir='ltr'><strong>Verum</strong></span> <span class='ocrx_word' id='word_1_302' title='bbox 1069 3209 1103 3251; x_wconf 86' lang='lat' dir='ltr'><strong>ee</strong></span> <span class='ocrx_word' id='word_1_303' title='bbox 1124 3207 1186 3252; x_wconf 92' lang='lat' dir='ltr'><strong>non</strong></span> <span class='ocrx_word' id='word_1_304' title='bbox 1201 3197 1248 3254; x_wconf 90' lang='lat' dir='ltr'><strong>est</strong></span> <span class='ocrx_word' id='word_1_305' title='bbox 1263 3187 1409 3250; x_wconf 85' lang='lat' dir='ltr'><strong>Christia-</strong></span> 
     </span>
     <span class='ocr_line' id='line_1_30' title="bbox 180 3289 1410 3364; baseline 0 -14"><span class='ocrx_word' id='word_1_306' title='bbox 180 3307 289 3352; x_wconf 86' lang='lat' dir='ltr'><strong>norum</strong></span> <span class='ocrx_word' id='word_1_307' title='bbox 310 3291 395 3353; x_wconf 83' lang='lat' dir='ltr'><strong>lidos.</strong></span> <span class='ocrx_word' id='word_1_308' title='bbox 439 3291 513 3354; x_wconf 88' lang='lat' dir='ltr'><strong>Nem</strong></span> <span class='ocrx_word' id='word_1_309' title='bbox 535 3292 566 3354; x_wconf 88' lang='lat' dir='ltr'><strong>id</strong></span> <span class='ocrx_word' id='word_1_310' title='bbox 588 3309 648 3354; x_wconf 90' lang='lat' dir='ltr'><strong>non</strong></span> <span class='ocrx_word' id='word_1_311' title='bbox 672 3291 806 3354; x_wconf 84' lang='lat' dir='ltr'><strong>ostendit</strong></span> <span class='ocrx_word' id='word_1_312' title='bbox 826 3309 896 3354; x_wconf 80' lang='lat' dir='ltr'><strong>vere</strong></span> <span class='ocrx_word' id='word_1_313' title='bbox 918 3309 988 3355; x_wconf 82' lang='lat' dir='ltr'><strong>eona</strong></span> <span class='ocrx_word' id='word_1_314' title='bbox 1008 3291 1137 3354; x_wconf 80' lang='lat' dir='ltr'><strong>Verbum</strong></span> <span class='ocrx_word' id='word_1_315' title='bbox 1167 3291 1321 3354; x_wconf 80' lang='lat' dir='ltr'><strong>etlilium</strong></span> <span class='ocrx_word' id='word_1_316' title='bbox 1345 3289 1410 3364; x_wconf 81' lang='lat' dir='ltr'><strong>liei,</strong></span> 
     </span>
     <span class='ocr_line' id='line_1_31' title="bbox 182 3390 1408 3482; baseline 0.002 -31"><span class='ocrx_word' id='word_1_317' title='bbox 182 3390 227 3452; x_wconf 84' lang='lat' dir='ltr'><strong>vel</strong></span> <span class='ocrx_word' id='word_1_318' title='bbox 249 3391 423 3472; x_wconf 87' lang='lat' dir='ltr'><strong>sapientiam</strong></span> <span class='ocrx_word' id='word_1_319' title='bbox 444 3413 543 3456; x_wconf 79' lang='lat' dir='ltr'><strong>serem</strong></span> <span class='ocrx_word' id='word_1_320' title='bbox 566 3413 635 3457; x_wconf 88' lang='lat' dir='ltr'><strong>esse</strong></span> <span class='ocrx_word' id='word_1_321' title='bbox 657 3393 844 3482; x_wconf 81' lang='lat' dir='ltr'><strong>sapientiem.</strong></span> <span class='ocrx_word' id='word_1_322' title='bbox 886 3393 960 3457; x_wconf 84' lang='lat' dir='ltr'><strong>Nem</strong></span> <span class='ocrx_word' id='word_1_323' title='bbox 982 3394 1061 3474; x_wconf 88' lang='lat' dir='ltr'><strong>qnod</strong></span> <span class='ocrx_word' id='word_1_324' title='bbox 1079 3401 1209 3456; x_wconf 88' lang='lat' dir='ltr'><strong>mutetur</strong></span> <span class='ocrx_word' id='word_1_325' title='bbox 1230 3401 1262 3456; x_wconf 87' lang='lat' dir='ltr'><strong>et</strong></span> <span class='ocrx_word' id='word_1_326' title='bbox 1282 3409 1408 3454; x_wconf 77' lang='lat' dir='ltr'><strong>nonme-</strong></span> 
     </span>
     <span class='ocr_line' id='line_1_32' title="bbox 181 3491 1407 3584; baseline 0.003 -32"><span class='ocrx_word' id='word_1_327' title='bbox 181 3491 262 3566; x_wconf 85' lang='lat' dir='ltr'><strong>titnr‚</strong></span> <span class='ocrx_word' id='word_1_328' title='bbox 282 3511 339 3555; x_wconf 88' lang='lat' dir='ltr'><strong>neo</strong></span> <span class='ocrx_word' id='word_1_329' title='bbox 360 3495 391 3558; x_wconf 89' lang='lat' dir='ltr'><strong>in</strong></span> <span class='ocrx_word' id='word_1_330' title='bbox 413 3515 473 3560; x_wconf 91' lang='lat' dir='ltr'><strong>nno</strong></span> <span class='ocrx_word' id='word_1_331' title='bbox 497 3505 526 3558; x_wconf 92' lang='lat' dir='ltr'><strong>et</strong></span> <span class='ocrx_word' id='word_1_332' title='bbox 547 3497 652 3560; x_wconf 88' lang='lat' dir='ltr'><strong>eodem</strong></span> <span class='ocrx_word' id='word_1_333' title='bbox 668 3503 945 3584; x_wconf 63' lang='lat' dir='ltr'><strong>perseverantem,</strong></span> <span class='ocrx_word' id='word_1_334' title='bbox 967 3496 1118 3576; x_wconf 87' lang='lat' dir='ltr'><strong>quomodo</strong></span> <span class='ocrx_word' id='word_1_335' title='bbox 1133 3513 1235 3558; x_wconf 81' lang='lat' dir='ltr'><strong>rernm</strong></span> <span class='ocrx_word' id='word_1_336' title='bbox 1260 3513 1328 3558; x_wconf 88' lang='lat' dir='ltr'><strong>esso</strong></span> <span class='ocrx_word' id='word_1_337' title='bbox 1348 3513 1407 3576; x_wconf 84' lang='lat' dir='ltr'><strong>po-</strong></span> 
     </span>
     <span class='ocr_line' id='line_1_33' title="bbox 182 3590 1408 3680; baseline 0.006 -27"><span class='ocrx_word' id='word_1_338' title='bbox 182 3590 265 3654; x_wconf 74' lang='lat' dir='ltr'><strong>test?</strong></span> <span class='ocrx_word' id='word_1_339' title='bbox 306 3596 393 3676; x_wconf 74' lang='lat' dir='ltr'><strong>Atqui</strong></span> <span class='ocrx_word' id='word_1_340' title='bbox 414 3598 559 3661; x_wconf 83' lang='lat' dir='ltr'><strong>llominns</strong></span> <span class='ocrx_word' id='word_1_341' title='bbox 580 3597 664 3661; x_wconf 82' lang='lat' dir='ltr'><strong>dicit:</strong></span> <span class='ocrx_word' id='word_1_342' title='bbox 693 3598 756 3680; x_wconf 71' lang='lat' dir='ltr'><strong>lino</strong></span> <span class='ocrx_word' id='word_1_343' title='bbox 778 3617 847 3662; x_wconf 72' lang='lat' dir='ltr'><strong>um</strong></span> <span class='ocrx_word' id='word_1_344' title='bbox 867 3605 981 3664; x_wconf 82' lang='lat' dir='ltr'><strong>oere&#39;tne</strong></span> <span class='ocrx_word' id='word_1_345' title='bbox 988 3619 998 3674; x_wconf 83' lang='lat'><em>3</em></span> <span class='ocrx_word' id='word_1_346' title='bbox 1026 3617 1097 3680; x_wconf 76' lang='lat' dir='ltr'><strong>orgo</strong></span> <span class='ocrx_word' id='word_1_347' title='bbox 1120 3599 1145 3660; x_wconf 89' lang='lat' dir='ltr'><strong>si</strong></span> <span class='ocrx_word' id='word_1_348' title='bbox 1173 3599 1239 3680; x_wconf 84' lang='lat' dir='ltr'><strong>ipse</strong></span> <span class='ocrx_word' id='word_1_349' title='bbox 1261 3597 1408 3661; x_wconf 85' lang='lat' dir='ltr'><strong>llominoe</strong></span> 
     </span>
    </p>
   </div>
   <div class='ocr_carea' id='block_1_3' title="bbox 174 3778 1410 4598">
    <p class='ocr_par' dir='ltr' id='par_1_3' title="bbox 180 3778 1408 3921">
     <span class='ocr_line' id='line_1_34' title="bbox 180 3778 1407 3850; baseline -0.005 -8"><span class='ocrx_word' id='word_1_350' title='bbox 180 3778 284 3830; x_wconf 60' lang='grc' dir='ltr'><strong>ΝΜ·</strong></span> <span class='ocrx_word' id='word_1_351' title='bbox 306 3781 327 3832; x_wconf 80' lang='lat'><strong>¹·</strong></span> <span class='ocrx_word' id='word_1_352' title='bbox 370 3783 422 3834; x_wconf 64' lang='lat' dir='ltr'><strong>l¹⁰¹</strong></span> <span class='ocrx_word' id='word_1_353' title='bbox 448 3783 552 3834; x_wconf 61' lang='grc' dir='ltr'><strong>ΗΜ·</strong></span> <span class='ocrx_word' id='word_1_354' title='bbox 572 3785 596 3842; x_wconf 65' lang='grc' dir='ltr'><strong>ἦ.</strong></span> <span class='ocrx_word' id='word_1_355' title='bbox 619 3783 765 3850; x_wconf 72' lang='grc' dir='ltr'><strong><em>γεννητῶν.</em></strong></span> <span class='ocrx_word' id='word_1_356' title='bbox 852 3789 867 3837; x_wconf 89' lang='lat' dir='ltr'><strong>i.</strong></span> <span class='ocrx_word' id='word_1_357' title='bbox 894 3787 935 3838; x_wconf 80' lang='lat' dir='ltr'><strong>ste</strong></span> <span class='ocrx_word' id='word_1_358' title='bbox 953 3801 1011 3838; x_wconf 84' lang='lat' dir='ltr'><strong>mss.</strong></span> <span class='ocrx_word' id='word_1_359' title='bbox 1030 3800 1124 3846; x_wconf 86' lang='lat' dir='ltr'><strong>omnes,</strong></span> <span class='ocrx_word' id='word_1_360' title='bbox 1143 3793 1239 3850; x_wconf 75' lang='lat' dir='ltr'><strong>preetm</strong></span> <span class='ocrx_word' id='word_1_361' title='bbox 1257 3783 1407 3846; x_wconf 77' lang='lat' dir='ltr'><strong>Felolm.2.‚</strong></span> 
     </span>
     <span class='ocr_line' id='line_1_35' title="bbox 181 3843 1408 3921; baseline 0.001 -22"><span class='ocrx_word' id='word_1_362' title='bbox 181 3847 259 3897; x_wconf 81' lang='lat' dir='ltr'><strong>Ceteri</strong></span> <span class='ocrx_word' id='word_1_363' title='bbox 278 3857 302 3898; x_wconf 88' lang='lat' dir='ltr'><strong>et</strong></span> <span class='ocrx_word' id='word_1_364' title='bbox 319 3852 374 3901; x_wconf 82' lang='lat' dir='ltr'><strong>editi</strong></span> <span class='ocrx_word' id='word_1_365' title='bbox 393 3849 524 3916; x_wconf 68' lang='grc' dir='ltr'><strong>γενητῶν.</strong></span> <span class='ocrx_word' id='word_1_366' title='bbox 818 3856 842 3904; x_wconf 89' lang='lat' dir='ltr'><strong>in</strong></span> <span class='ocrx_word' id='word_1_367' title='bbox 860 3870 909 3921; x_wconf 87' lang='lat' dir='ltr'><strong>qno</strong></span> <span class='ocrx_word' id='word_1_368' title='bbox 927 3864 951 3905; x_wconf 86' lang='lat' dir='ltr'><strong>et</strong></span> <span class='ocrx_word' id='word_1_369' title='bbox 968 3859 991 3904; x_wconf 86' lang='lat' dir='ltr'><strong>in</strong></span> <span class='ocrx_word' id='word_1_370' title='bbox 1010 3855 1080 3904; x_wconf 85' lang='lat' dir='ltr'><strong>editis</strong></span> <span class='ocrx_word' id='word_1_371' title='bbox 1098 3855 1134 3903; x_wconf 85' lang='lat' dir='ltr'><strong>eie</strong></span> <span class='ocrx_word' id='word_1_372' title='bbox 1152 3853 1253 3914; x_wconf 75' lang='lat' dir='ltr'><strong>legitur:</strong></span> <span class='ocrx_word' id='word_1_373' title='bbox 1270 3845 1339 3920; x_wconf 74' lang='grc' dir='ltr'><strong>εἰμὴ</strong></span> <span class='ocrx_word' id='word_1_374' title='bbox 1352 3843 1408 3918; x_wconf 74' lang='grc' dir='ltr'><strong>ἄρα</strong></span> 
     </span>
    </p>

    <p class='ocr_par' dir='ltr' id='par_1_4' title="bbox 179 3911 1408 4334">
     <span class='ocr_line' id='line_1_36' title="bbox 215 3911 1408 4002; baseline 0.004 -39"><span class='ocrx_word' id='word_1_375' title='bbox 215 3915 230 3964; x_wconf 86' lang='lat' dir='ltr'><strong>l.</strong></span> <span class='ocrx_word' id='word_1_376' title='bbox 249 3915 289 3965; x_wconf 89' lang='lat' dir='ltr'><strong>Sic</strong></span> <span class='ocrx_word' id='word_1_377' title='bbox 307 3919 405 3980; x_wconf 73' lang='lat' dir='ltr'><strong>Segner.</strong></span> <span class='ocrx_word' id='word_1_378' title='bbox 424 3927 448 3969; x_wconf 90' lang='lat' dir='ltr'><strong>et</strong></span> <span class='ocrx_word' id='word_1_379' title='bbox 466 3921 521 3982; x_wconf 62' lang='lat' dir='ltr'><strong>llos.</strong></span> <span class='ocrx_word' id='word_1_380' title='bbox 557 3921 619 3971; x_wconf 83' lang='lat' dir='ltr'><strong>Editi</strong></span> <span class='ocrx_word' id='word_1_381' title='bbox 637 3912 652 3980; x_wconf 80' lang='lat' dir='ltr'><strong>ri</strong></span> <span class='ocrx_word' id='word_1_382' title='bbox 669 3913 765 4002; x_wconf 47' lang='lat' dir='ltr'><strong>nomi</strong></span> <span class='ocrx_word' id='word_1_383' title='bbox 818 3916 855 3975; x_wconf 74' lang='lat' dir='ltr'><strong>oio</strong></span> <span class='ocrx_word' id='word_1_384' title='bbox 877 3915 908 3972; x_wconf 70' lang='lat' dir='ltr'><strong>ie</strong></span> <span class='ocrx_word' id='word_1_385' title='bbox 930 3911 1013 3984; x_wconf 70' lang='lat' dir='ltr'><strong>otiolo</strong></span> <span class='ocrx_word' id='word_1_386' title='bbox 1030 3915 1226 3987; x_wconf 68' lang='grc' dir='ltr'><strong>συμβεβηκέναι</strong></span> <span class='ocrx_word' id='word_1_387' title='bbox 1244 3915 1305 3968; x_wconf 74' lang='grc' dir='ltr'><strong>τινὰ</strong></span> <span class='ocrx_word' id='word_1_388' title='bbox 1318 3913 1408 3986; x_wconf 76' lang='grc' dir='ltr'><em>χάριν</em></span> 
     </span>
     <span class='ocr_line' id='line_1_37' title="bbox 181 3973 1406 4062; baseline 0.007 -33"><span class='ocrx_word' id='word_1_389' title='bbox 181 3973 268 4062; x_wconf 66' lang='grc' dir='ltr'><strong><em>φύσιν</em></strong></span> <span class='ocrx_word' id='word_1_390' title='bbox 291 3979 423 4049; x_wconf 73' lang='grc' dir='ltr'><strong>λέγουσα,</strong></span> <span class='ocrx_word' id='word_1_391' title='bbox 453 3981 499 4035; x_wconf 78' lang='grc' dir='ltr'><strong>καὶ</strong></span> <span class='ocrx_word' id='word_1_392' title='bbox 517 3979 623 4036; x_wconf 72' lang='grc' dir='ltr'><em>τούτων</em></span> <span class='ocrx_word' id='word_1_393' title='bbox 640 3981 689 4036; x_wconf 77' lang='grc' dir='ltr'><strong>τὸν</strong></span> <span class='ocrx_word' id='word_1_394' title='bbox 706 4002 768 4037; x_wconf 72' lang='lat' dir='ltr'><strong>otor</strong></span> <span class='ocrx_word' id='word_1_395' title='bbox 818 3999 862 4040; x_wconf 77' lang='lat' dir='ltr'><strong>eto</strong></span> <span class='ocrx_word' id='word_1_396' title='bbox 900 3989 959 4040; x_wconf 89' lang='lat' dir='ltr'><strong>lbid.</strong></span> <span class='ocrx_word' id='word_1_397' title='bbox 977 3989 1069 4051; x_wconf 77' lang='lat' dir='ltr'><strong>logiis.</strong></span> <span class='ocrx_word' id='word_1_398' title='bbox 1085 3981 1132 4036; x_wconf 78' lang='grc' dir='ltr'><strong>καὶ</strong></span> <span class='ocrx_word' id='word_1_399' title='bbox 1147 3983 1293 4047; x_wconf 70' lang='grc' dir='ltr'><strong><em>κεκλῆσθαι</em></strong></span> <span class='ocrx_word' id='word_1_400' title='bbox 1312 3980 1406 4048; x_wconf 61' lang='lat' dir='ltr'><strong>odnie.</strong></span> 
     </span>
     <span class='ocr_line' id='line_1_38' title="bbox 180 4047 1406 4118; baseline 0.004 -20"><span class='ocrx_word' id='word_1_401' title='bbox 180 4047 370 4118; x_wconf 59' lang='lat' dir='ltr'><strong>summosano.</strong></span> <span class='ocrx_word' id='word_1_402' title='bbox 408 4055 469 4104; x_wconf 88' lang='lat' dir='ltr'><strong>lbid.</strong></span> <span class='ocrx_word' id='word_1_403' title='bbox 493 4056 593 4118; x_wconf 67' lang='lat' dir='ltr'><strong>Senner.</strong></span> <span class='ocrx_word' id='word_1_404' title='bbox 619 4057 672 4118; x_wconf 28' lang='lat' dir='ltr'><strong>Regi</strong></span> <span class='ocrx_word' id='word_1_405' title='bbox 693 4057 766 4106; x_wconf 81' lang='lat' dir='ltr'><strong>besil.</strong></span> <span class='ocrx_word' id='word_1_406' title='bbox 851 4058 874 4106; x_wconf 80' lang='lat' dir='ltr'><strong>l.</strong></span> <span class='ocrx_word' id='word_1_407' title='bbox 894 4059 992 4118; x_wconf 66' lang='lat' dir='ltr'><strong>segnes.</strong></span> <span class='ocrx_word' id='word_1_408' title='bbox 1017 4047 1086 4107; x_wconf 75' lang='lat' dir='ltr'><strong>odas.</strong></span> <span class='ocrx_word' id='word_1_409' title='bbox 1129 4056 1180 4106; x_wconf 80' lang='lat' dir='ltr'><strong>llos</strong></span> <span class='ocrx_word' id='word_1_410' title='bbox 1205 4058 1282 4114; x_wconf 71' lang='lat' dir='ltr'><strong>illem.</strong></span> <span class='ocrx_word' id='word_1_411' title='bbox 1308 4057 1406 4106; x_wconf 85' lang='lat' dir='ltr'><strong>Gobler.</strong></span> 
     </span>
     <span class='ocr_line' id='line_1_39' title="bbox 180 4115 1407 4202; baseline 0.002 -34"><span class='ocrx_word' id='word_1_412' title='bbox 180 4119 277 4169; x_wconf 86' lang='lat' dir='ltr'><strong>Gobler.</strong></span> <span class='ocrx_word' id='word_1_413' title='bbox 300 4121 406 4172; x_wconf 76' lang='lat' dir='ltr'><strong>Felclm.</strong></span> <span class='ocrx_word' id='word_1_414' title='bbox 427 4123 447 4172; x_wconf 88' lang='lat' dir='ltr'><strong>l.</strong></span> <span class='ocrx_word' id='word_1_415' title='bbox 468 4131 491 4171; x_wconf 82' lang='lat' dir='ltr'><strong>et</strong></span> <span class='ocrx_word' id='word_1_416' title='bbox 508 4115 666 4202; x_wconf 73' lang='lat' dir='ltr'><strong>byarnrdr</strong></span> <span class='ocrx_word' id='word_1_417' title='bbox 683 4115 768 4172; x_wconf 72' lang='lat' dir='ltr'><strong>obedo</strong></span> <span class='ocrx_word' id='word_1_418' title='bbox 818 4133 841 4174; x_wconf 87' lang='lat' dir='ltr'><strong>et</strong></span> <span class='ocrx_word' id='word_1_419' title='bbox 867 4125 971 4174; x_wconf 84' lang='lat' dir='ltr'><strong>l&#39;elelm.</strong></span> <span class='ocrx_word' id='word_1_420' title='bbox 995 4123 1016 4173; x_wconf 89' lang='lat' dir='ltr'><strong>l.</strong></span> <span class='ocrx_word' id='word_1_421' title='bbox 1041 4115 1103 4172; x_wconf 73' lang='grc' dir='ltr'><strong>υἱὸν</strong></span> <span class='ocrx_word' id='word_1_422' title='bbox 1126 4115 1326 4183; x_wconf 68' lang='grc' dir='ltr'><strong>ἆληθῶςθεοῦ.</strong></span> <span class='ocrx_word' id='word_1_423' title='bbox 1362 4123 1407 4171; x_wconf 77' lang='lat' dir='ltr'><strong>elii</strong></span> 
     </span>
     <span class='ocr_line' id='line_1_40' title="bbox 180 4173 1406 4252; baseline 0.003 -18"><span class='ocrx_word' id='word_1_424' title='bbox 180 4173 258 4235; x_wconf 70' lang='lat' dir='ltr'><strong>tione.</strong></span> <span class='ocrx_word' id='word_1_425' title='bbox 305 4189 334 4239; x_wconf 82' lang='lat' dir='ltr'><strong>Et</strong></span> <span class='ocrx_word' id='word_1_426' title='bbox 360 4203 415 4240; x_wconf 87' lang='lat' dir='ltr'><strong>mox</strong></span> <span class='ocrx_word' id='word_1_427' title='bbox 442 4181 603 4242; x_wconf 76' lang='lat' dir='ltr'><strong>dttoeoom</strong></span> <span class='ocrx_word' id='word_1_428' title='bbox 633 4188 668 4242; x_wconf 75' lang='lat' dir='ltr'><strong>td</strong></span> <span class='ocrx_word' id='word_1_429' title='bbox 694 4183 767 4242; x_wconf 71' lang='lat' dir='ltr'><strong>duo.</strong></span> <span class='ocrx_word' id='word_1_430' title='bbox 819 4191 983 4242; x_wconf 81' lang='lat' dir='ltr'><strong>reroetediti</strong></span> <span class='ocrx_word' id='word_1_431' title='bbox 999 4182 1116 4240; x_wconf 64' lang='lat' dir='ltr'><strong>videtui</strong></span> <span class='ocrx_word' id='word_1_432' title='bbox 1125 4181 1317 4252; x_wconf 65' lang='grc' dir='ltr'><strong><em>ἂληθῶςθεόν.</em></strong></span> <span class='ocrx_word' id='word_1_433' title='bbox 1345 4190 1406 4238; x_wconf 83' lang='lat' dir='ltr'><strong>lbid.</strong></span> 
     </span>
     <span class='ocr_line' id='line_1_41' title="bbox 179 4245 1408 4334; baseline -0.001 -29"><span class='ocrx_word' id='word_1_434' title='bbox 179 4251 369 4322; x_wconf 70' lang='lat' dir='ltr'><strong>Editirvqebr</strong></span> <span class='ocrx_word' id='word_1_435' title='bbox 385 4245 457 4308; x_wconf 69' lang='grc' dir='ltr'><strong><em>εἶναι</em></strong></span> <span class='ocrx_word' id='word_1_436' title='bbox 474 4267 498 4308; x_wconf 84' lang='lat' dir='ltr'><strong>et</strong></span> <span class='ocrx_word' id='word_1_437' title='bbox 515 4250 676 4309; x_wconf 74' lang='grc' dir='ltr'><strong>ἆλλοιοῦντα</strong></span> <span class='ocrx_word' id='word_1_438' title='bbox 694 4251 767 4310; x_wconf 73' lang='lat' dir='ltr'><strong>due.</strong></span> <span class='ocrx_word' id='word_1_439' title='bbox 820 4261 919 4321; x_wconf 67' lang='lat' dir='ltr'><strong>segnes.</strong></span> <span class='ocrx_word' id='word_1_440' title='bbox 938 4267 961 4309; x_wconf 83' lang='lat' dir='ltr'><strong>et</strong></span> <span class='ocrx_word' id='word_1_441' title='bbox 973 4259 1030 4322; x_wconf 68' lang='lat' dir='ltr'><strong>lira.</strong></span> <span class='ocrx_word' id='word_1_442' title='bbox 1049 4251 1111 4309; x_wconf 76' lang='lat' dir='ltr'><strong>osiae</strong></span> <span class='ocrx_word' id='word_1_443' title='bbox 1127 4253 1178 4319; x_wconf 75' lang='grc' dir='ltr'><strong>τὴν</strong></span> <span class='ocrx_word' id='word_1_444' title='bbox 1195 4247 1408 4334; x_wconf 46' lang='lat' dir='ltr'><strong>noerius-&#39;sitnon‘</strong></span> 
     </span>
    </p>

    <p class='ocr_par' dir='ltr' id='par_1_5' title="bbox 174 4319 1410 4598">
     <span class='ocr_line' id='line_1_42' title="bbox 213 4319 1410 4408; baseline -0.005 -34"><span class='ocrx_word' id='word_1_445' title='bbox 213 4337 235 4385; x_wconf 65' lang='grc' dir='ltr'><strong>ε.</strong></span> <span class='ocrx_word' id='word_1_446' title='bbox 254 4325 391 4404; x_wconf 62' lang='lat' dir='ltr'><strong>Fololmen.</strong></span> <span class='ocrx_word' id='word_1_447' title='bbox 406 4329 429 4378; x_wconf 78' lang='lat'><strong>5.</strong></span> <span class='ocrx_word' id='word_1_448' title='bbox 447 4319 571 4394; x_wconf 68' lang='lat' dir='ltr'><strong>revereri.</strong></span> <span class='ocrx_word' id='word_1_449' title='bbox 606 4329 652 4379; x_wconf 79' lang='lat' dir='ltr'><strong>llil</strong></span> <span class='ocrx_word' id='word_1_450' title='bbox 670 4336 694 4379; x_wconf 85' lang='lat' dir='ltr'><strong>st</strong></span> <span class='ocrx_word' id='word_1_451' title='bbox 711 4329 768 4378; x_wconf 87' lang='lat' dir='ltr'><strong>editi</strong></span> <span class='ocrx_word' id='word_1_452' title='bbox 820 4321 933 4408; x_wconf 67' lang='lat' dir='ltr'><strong>nomine.</strong></span> <span class='ocrx_word' id='word_1_453' title='bbox 965 4323 1032 4408; x_wconf 34' lang='lat' dir='ltr'><strong>&#39;sene</strong></span> <span class='ocrx_word' id='word_1_454' title='bbox 1056 4329 1175 4408; x_wconf 43' lang='lat' dir='ltr'><strong>etaeeeteri</strong></span> <span class='ocrx_word' id='word_1_455' title='bbox 1200 4339 1259 4375; x_wconf 85' lang='lat' dir='ltr'><strong>rose.</strong></span> <span class='ocrx_word' id='word_1_456' title='bbox 1278 4335 1339 4372; x_wconf 77' lang='lat' dir='ltr'><strong>oona</strong></span> <span class='ocrx_word' id='word_1_457' title='bbox 1357 4333 1410 4380; x_wconf 77' lang='lat' dir='ltr'><strong>ens·</strong></span> 
     </span>
     <span class='ocr_line' id='line_1_43' title="bbox 177 4387 1409 4528; baseline -0.007 -18"><span class='ocrx_word' id='word_1_458' title='bbox 177 4405 371 4514; x_wconf 29' lang='grc' dir='ltr'><strong>νυίξιξτῗίθοδῑοτ.Ι</strong></span> <span class='ocrx_word' id='word_1_459' title='bbox 385 4463 491 4516; x_wconf 69' lang='lat' dir='ltr'><strong>Fololtn.</strong></span> <span class='ocrx_word' id='word_1_460' title='bbox 511 4465 534 4514; x_wconf 85' lang='lat' dir='ltr'><strong>l.</strong></span> <span class='ocrx_word' id='word_1_461' title='bbox 559 4473 583 4516; x_wconf 78' lang='lat' dir='ltr'><strong>ot</strong></span> <span class='ocrx_word' id='word_1_462' title='bbox 600 4465 657 4528; x_wconf 69' lang='lat' dir='ltr'><strong>neg.</strong></span> <span class='ocrx_word' id='word_1_463' title='bbox 675 4453 771 4516; x_wconf 74' lang='lat' dir='ltr'><strong>adelae</strong></span> <span class='ocrx_word' id='word_1_464' title='bbox 820 4405 994 4523; x_wconf 48' lang='lat' dir='ltr'><strong>amisii:</strong></span> <span class='ocrx_word' id='word_1_465' title='bbox 1011 4387 1232 4524; x_wconf 41' lang='lat' dir='ltr'><strong>2³23?ss</strong></span> <span class='ocrx_word' id='word_1_466' title='bbox 1268 4455 1319 4504; x_wconf 82' lang='lat' dir='ltr'><strong>llox</strong></span> <span class='ocrx_word' id='word_1_467' title='bbox 1343 4453 1409 4502; x_wconf 85' lang='lat' dir='ltr'><strong>idem</strong></span> 
     </span>
     <span class='ocr_line' id='line_1_44' title="bbox 174 4519 1118 4598; baseline -0.001 -23"><span class='ocrx_word' id='word_1_468' title='bbox 174 4525 228 4576; x_wconf 71' lang='lat' dir='ltr'><strong>«od</strong></span> <span class='ocrx_word' id='word_1_469' title='bbox 246 4519 391 4598; x_wconf 62' lang='lat' dir='ltr'><strong>hebreos.</strong></span> <span class='ocrx_word' id='word_1_470' title='bbox 821 4537 845 4580; x_wconf 90' lang='lat' dir='ltr'><strong>et</strong></span> <span class='ocrx_word' id='word_1_471' title='bbox 862 4531 918 4592; x_wconf 70' lang='lat' dir='ltr'><strong>lleg.</strong></span> <span class='ocrx_word' id='word_1_472' title='bbox 938 4521 952 4574; x_wconf 85' lang='lat' dir='ltr'><strong>d</strong></span> <span class='ocrx_word' id='word_1_473' title='bbox 971 4522 1001 4577; x_wconf 80' lang='lat' dir='ltr'><strong>dd</strong></span> <span class='ocrx_word' id='word_1_474' title='bbox 1017 4521 1118 4592; x_wconf 69' lang='grc' dir='ltr'><strong>κύριος.</strong></span> 
     </span>
    </p>
   </div>
   <div class='ocr_carea' id='block_1_4' title="bbox 0 0 1614 5046">
    <p class='ocr_par' dir='ltr' id='par_1_6' title="bbox 0 0 1614 5046">
     <span class='ocr_line' id='line_1_45' title="bbox 0 0 1614 5046; baseline 0 1"><span class='ocrx_word' id='word_1_475' title='bbox 0 0 1614 5046; x_wconf 95' lang='lat' dir='ltr'><strong> </strong></span> 
     </span>
    </p>
   </div>
  </div>
 </body>
</html>
