3174 5082
458 1196 501 1290 s,
533 1191 818 1288 nooman
847 1133 1251 1286 suafflsmsaool

733 1347 990 1430 EPISTULA

830 1503 848 1548 D
860 1502 877 1547 Ε

612 1621 775 1680 nannents
790 1621 957 1679 NIGAENAE
973 1621 1096 1688 sinaut

677 1753 832 1817 CONTRA
852 1753 1025 1818 somnos,

617 2107 1198 2209 ΑΒΜΟΝΙΤΙΟ.Ι

155 2304 231 2350 m,
324 2275 348 2336 1.
396 2277 480 2352 Quae
501 2282 639 2360 sequitur
660 2279 800 2360 epistola,
824 2295 1004 2358 responsum
1027 2289 1070 2340 est
1092 2275 1125 2340 S.
1149 2274 1310 2337 Athanasii
1329 2273 1368 2336 acl
1389 2277 1466 2336 ami·
1571 2271 1572 2302 ff

242 2397 316 2441 anm.
360 2376 417 2440 Hie
439 2383 582 2442 nimirum
605 2400 671 2443 mam
692 2381 725 2441 in
742 2381 954 2460 disputatione,
979 2395 1067 2459 qnam
1084 2395 1149 2438 mens
1162 2373 1320 2438 nonnullis
1335 2375 1464 2437 Arianae
1571 2371 1572 2378 '

240 2479 373 2540 lueresis
388 2481 676 2558 *propuauatorilns
701 2479 859 2550 ltaluerat,
883 2481 975 2558 impia
998 2481 1066 2540 Arii
1086 2471 1225 2556 eloama'ta
1244 2475 1334 2556 plene
1356 2477 1465 2556 confit·
1571 2503 1572 2540 t

241 2588 345 2649 tasset,
369 2575 424 2647 elli,
450 2591 557 2641 eontra
579 2597 653 2658 quos
670 2579 854 2660 disputabat,
877 2579 948 2660 qnid
962 2578 1180 2657 responderent
1196 2581 1291 2648 annii,
1311 2587 1465 2656 postremo

242 2695 274 2740 se
303 2688 522 2739 converterunt
549 2681 588 2741 acl
610 2680 833 2741 criminandum
855 2690 992 2742 sanatam
1014 2679 1160 2758 synodum
1185 2677 1358 2748 Nicaenam,
1387 2675 1470 2757 qnod·

242 2777 390 2839 voeabula
411 2797 474 2840 uon
496 2781 627 2859 sarepta,
662 2780 693 2840 iel
715 2791 760 2841 est
781 2798 855 2860 oseae
878 2785 910 2841 in
932 2783 1030 2842 sacris
1054 2778 1224 2859 Sarr'pturis
1248 2797 1311 2862 uon
1333 2787 1461 2849 enstont,

243 2881 275 2939 in
296 2877 369 2958 fidei
389 2879 561 2960 defiuitione
584 2881 769 2953 adhibuerit,
799 2899 903 2962 nempe
931 2899 1015 2944 oooes
1045 2899 1080 2941 ex
1103 2879 1267 2942 substantia
1290 2891 1318 2942 et
1340 2877 1466 2941 consub-

243 2978 402 3040 stantialis:
426 2999 500 3072 quos
523 2975 645 3046 tametsi
664 2986 707 3044 ita
735 2987 873 3046 rimantes
898 2994 926 3045 et
954 2993 1102 3062 ultuantes
1129 2969 1253 3062 penitus
1277 2983 1466 3062 compescuit,

243 3092 341 3143 tamen
362 3089 398 3144 ut
417 3087 591 3146 accuratius
614 3103 689 3166 qnae
711 3087 743 3146 in
766 3083 888 3164 Synoslo
912 3083 1044 3146 Nicaena
1067 3093 1176 3146 eontra
1198 3081 1305 3144 Arinem
1327 3093 1355 3144 et
1376 3081 1466 3143 Aria-

241 3200 297 3245 nos
318 3195 402 3262 aesta
424 3196 523 3248 essent
546 3191 682 3259 resciret,
707 3191 827 3265 roaooit
850 3185 884 3244 S.
908 3185 1119 3255 Athanasium,
1143 3195 1179 3246 ut
1201 3187 1253 3264 qni
1271 3188 1336 3263 ipse
1361 3183 1467 3246 Conti-

244 3281 283 3344 lio
305 3283 459 3361 adsuerat,
484 3304 548 3345 rem
570 3296 674 3359 totam,
694 3296 792 3362 prout
814 3295 882 3345 acta
903 3284 1017 3362 suerat,
1040 3287 1100 3348 sili
1119 3283 1209 3347 uellet
1224 3301 1373 3346 narrare:
1390 3281 1468 3364 qnod

244 3380 297 3442 lae
320 3385 351 3442 in
374 3382 502 3460 epistola
525 3382 641 3442 aluntle
662 3391 803 3462 praestat
825 3384 1018 3447 Athanasius.

327 3480 364 3540 ll.
409 3481 450 3540 Aa
469 3484 570 3559 primo
593 3481 709 3560 qnidam
731 3473 864 3563 enaas'tal
879 3487 1064 3550 Asianorum
1085 3488 1322 3560 inconstantiam
1343 3487 1377 3546 in
1398 3503 1467 3546 sen-

244 3582 346 3642 tentiis
368 3581 529 3651 mutaudis,
554 3583 632 3660 quod
649 3599 767 3662 prauae
789 3585 944 3649 doetrinae
967 3591 1084 3665 sianum
1096 3586 1226 3646 evidens
1249 3602 1312 3648 esse
1326 3589 1378 3656 ait,
1402 3601 1467 3646 eum

244 3684 417 3770 constantia
448 3685 488 3742 sit
520 3699 610 3746 verae
645 3685 786 3746 indiciam
820 3697 944 3749 eertum.
994 3685 1064 3747 Tum
1093 3686 1225 3747 breviter
1248 3696 1465 3753 commemorat,

243 3782 389 3862 quomodo
403 3779 543 3860 Synoclus
566 3801 597 3844 se
620 3802 692 3864 ersa
703 3784 888 3850 Eusebianos
911 3791 998 3849 initio
1020 3790 1157 3866 aesserit,
1181 3803 1215 3846 aa
1228 3795 1389 3866 postquam
1403 3789 1466 3864 ipse

124 3865 136 3884 ’
244 3885 277 3943 in
297 3881 483 3944 Eusebianos
507 3883 707 3968 Arianaosoue
738 3891 917 3968 impietaten
942 3886 1068 3967 proliue
1090 3889 1164 3946 sotis
1186 3889 1322 3948 inoeotns
1345 3896 1391 3947 est
1412 3901 1466 3946 oa-

209 4009 211 4013 ·
244 3986 349 4063 uiaque
372 3981 498 4044 illorum
521 3985 636 4064 refellit
651 3991 839 4066 nranimento,
862 3998 898 4048 ut
914 3986 1044 4066 olepellat
1059 3990 1306 4058 criminationum
1329 4005 1388 4066 qua
1402 3986 1468 4045 Arii

171 4089 175 4100 ’
243 4084 384 4162 fautores
406 4086 439 4144 in
453 4082 607 4164 Synodum
622 4086 784 4160 Niaaenam
800 4087 974 4156 utebantur,
998 4087 1077 4165 quod
1091 4086 1204 4148 scilieet
1219 4105 1299 4148 nooa
1314 4090 1467 4166 enoooito-

245 4187 325 4244 verit
346 4184 501 4257 aoaolula,
525 4187 653 4249 elilnoieie
675 4189 816 4266 espault,
839 4203 968 4266 quonam
985 4195 1076 4264 paeto
1100 4185 1189 4248 dolus
1209 4191 1381 4267 astutiaque
1404 4184 1467 4246 lin-
1571 4201 1572 4212 ¹

245 4283 438 4346 selsanornm
461 4267 567 4351 Patres
598 4287 778 4365 compulerit
800 4285 839 4346 at
860 4284 1082 4358 declarandum,
1108 4272 1312 4348 Filium'esse
1334 4305 1372 4348 eu
1394 4283 1465 4347 sub·

246 4371 351 4444 statilia
367 4384 469 4450 Patris
486 4400 514 4449 et
525 4386 615 4450 Patri
635 4383 927 4446 consubstantialem.
975 4385 1065 4458 Quod
1085 4387 1162 4450 i'dsn
1184 4391 1274 4450 etiam
1290 4389 1389 4467 refert
1405 4387 1468 4466 epi-

286 4481 325 4543 ·la
346 4487 385 4548 ael
407 4487 513 4567 Afros.
