<?xml version="1.0" encoding="UTF-8"?>
<!DOCTYPE html PUBLIC "-//W3C//DTD XHTML 1.0 Transitional//EN"
    "http://www.w3.org/TR/xhtml1/DTD/xhtml1-transitional.dtd">
<html xmlns="http://www.w3.org/1999/xhtml" xml:lang="en" lang="en">
 <head>
  <title>
</title>
<meta http-equiv="Content-Type" content="text/html;charset=utf-8" />
  <meta name='ocr-system' content='tesseract 3.04.00' />
  <meta name='ocr-capabilities' content='ocr_page ocr_carea ocr_par ocr_line ocrx_word'/>
</head>
<body>
  <div class='ocr_page' id='page_1' title='image "./sanctiathanasii03athagoog_0053.png"; bbox 0 0 3174 5082; ppageno 0'>
   <div class='ocr_carea' id='block_1_1' title="bbox 372 1011 1117 1138">
    <p class='ocr_par' dir='ltr' id='par_1_1' title="bbox 279 1011 1117 1138">
     <span class='ocr_line' id='line_1_1' title="bbox 372 1011 1117 1138; baseline 0.002 -3.778"><span class='ocrx_word' id='word_1_1' title='bbox 372 1011 1117 1138; x_wconf 63' lang='lat' dir='ltr'>summrmrmsmmrm</span> 
     </span>
    </p>
   </div>
   <div class='ocr_carea' id='block_1_2' title="bbox 525 1215 977 1353">
    <p class='ocr_par' dir='ltr' id='par_1_2' title="bbox 525 1215 977 1353">
     <span class='ocr_line' id='line_1_2' title="bbox 525 1215 977 1353; baseline 0.007 -3"><span class='ocrx_word' id='word_1_2' title='bbox 525 1215 977 1353; x_wconf 80' lang='lat' dir='ltr'>ATHnanH</span> 
     </span>
    </p>
   </div>
   <div class='ocr_carea' id='block_1_3' title="bbox 424 1409 1072 1624">
    <p class='ocr_par' dir='ltr' id='par_1_3' title="bbox 424 1409 1072 1624">
     <span class='ocr_line' id='line_1_3' title="bbox 424 1409 1072 1466; baseline 0.005 -5"><span class='ocrx_word' id='word_1_3' title='bbox 424 1409 749 1464; x_wconf 83' lang='lat' dir='ltr'>nnunturrscorr</span> <span class='ocrx_word' id='word_1_4' title='bbox 768 1411 1072 1466; x_wconf 74' lang='lat' dir='ltr'>nnnxnunnrnn</span> 
     </span>
     <span class='ocr_line' id='line_1_4' title="bbox 503 1547 978 1624; baseline 0.002 -4"><span class='ocrx_word' id='word_1_5' title='bbox 503 1547 789 1624; x_wconf 74' lang='lat' dir='ltr'>Expostulo</span> <span class='ocrx_word' id='word_1_6' title='bbox 824 1548 978 1623; x_wconf 83' lang='lat' dir='ltr'>FlDEl.</span> 
     </span>
    </p>
   </div>
   <div class='ocr_carea' id='block_1_4' title="bbox 218 1965 1446 2052">
    <p class='ocr_par' dir='ltr' id='par_1_4' title="bbox 218 1965 1446 2052">
     <span class='ocr_line' id='line_1_5' title="bbox 218 1965 1446 2052; baseline 0.002 -22"><span class='ocrx_word' id='word_1_7' title='bbox 218 1971 247 2030; x_wconf 91' lang='lat'>1.</span> <span class='ocrx_word' id='word_1_8' title='bbox 292 1965 448 2030; x_wconf 78' lang='lat' dir='ltr'>Credimus</span> <span class='ocrx_word' id='word_1_9' title='bbox 477 1969 508 2028; x_wconf 93' lang='lat' dir='ltr'>in</span> <span class='ocrx_word' id='word_1_10' title='bbox 538 1985 627 2030; x_wconf 89' lang='lat' dir='ltr'>unum</span> <span class='ocrx_word' id='word_1_11' title='bbox 657 1969 868 2048; x_wconf 87' lang='lat' dir='ltr'>non-genitum</span> <span class='ocrx_word' id='word_1_12' title='bbox 890 1970 1001 2044; x_wconf 82' lang='lat' dir='ltr'>Deum,</span> <span class='ocrx_word' id='word_1_13' title='bbox 1023 1971 1143 2034; x_wconf 88' lang='lat' dir='ltr'>Patrem</span> <span class='ocrx_word' id='word_1_14' title='bbox 1165 1970 1357 2052; x_wconf 88' lang='lat' dir='ltr'>omnipoten-</span> <span class='ocrx_word' id='word_1_15' title='bbox 1380 1975 1446 2022; x_wconf 66' lang='grc' dir='ltr'>Μ·</span> 
     </span>
    </p>
   </div>
   <div class='ocr_carea' id='block_1_5' title="bbox 128 2067 1508 3452">
    <p class='ocr_par' dir='ltr' id='par_1_5' title="bbox 131 2067 1360 2153">
     <span class='ocr_line' id='line_1_6' title="bbox 131 2067 1360 2153; baseline 0.002 -23"><span class='ocrx_word' id='word_1_16' title='bbox 131 2078 201 2141; x_wconf 90' lang='lat' dir='ltr'>tem,</span> <span class='ocrx_word' id='word_1_17' title='bbox 225 2067 357 2130; x_wconf 90' lang='lat' dir='ltr'>omnium</span> <span class='ocrx_word' id='word_1_18' title='bbox 380 2069 550 2130; x_wconf 86' lang='lat' dir='ltr'>elleetorem</span> <span class='ocrx_word' id='word_1_19' title='bbox 574 2068 734 2132; x_wconf 81' lang='lat' dir='ltr'>visibilium</span> <span class='ocrx_word' id='word_1_20' title='bbox 756 2080 786 2132; x_wconf 86' lang='lat' dir='ltr'>et</span> <span class='ocrx_word' id='word_1_21' title='bbox 807 2070 1009 2142; x_wconf 77' lang='lat' dir='ltr'>invisibilium.</span> <span class='ocrx_word' id='word_1_22' title='bbox 1033 2073 1083 2152; x_wconf 90' lang='lat' dir='ltr'>qui</span> <span class='ocrx_word' id='word_1_23' title='bbox 1098 2090 1114 2133; x_wconf 86' lang='lat' dir='ltr'>a</span> <span class='ocrx_word' id='word_1_24' title='bbox 1130 2089 1165 2132; x_wconf 86' lang='lat' dir='ltr'>se</span> <span class='ocrx_word' id='word_1_25' title='bbox 1179 2071 1247 2153; x_wconf 85' lang='lat' dir='ltr'>ipso</span> <span class='ocrx_word' id='word_1_26' title='bbox 1269 2071 1360 2134; x_wconf 85' lang='lat' dir='ltr'>babet</span> 
     </span>
    </p>

    <p class='ocr_par' dir='ltr' id='par_1_6' title="bbox 128 2169 1508 2952">
     <span class='ocr_line' id='line_1_7' title="bbox 129 2169 1508 2252; baseline 0.001 -19"><span class='ocrx_word' id='word_1_27' title='bbox 129 2179 162 2233; x_wconf 93' lang='lat' dir='ltr'>ut</span> <span class='ocrx_word' id='word_1_28' title='bbox 190 2169 244 2232; x_wconf 86' lang='lat' dir='ltr'>ait:</span> <span class='ocrx_word' id='word_1_29' title='bbox 274 2177 304 2232; x_wconf 90' lang='lat' dir='ltr'>et</span> <span class='ocrx_word' id='word_1_30' title='bbox 325 2170 356 2231; x_wconf 91' lang='lat' dir='ltr'>in</span> <span class='ocrx_word' id='word_1_31' title='bbox 379 2187 472 2246; x_wconf 79' lang='lat' dir='ltr'>unum</span> <span class='ocrx_word' id='word_1_32' title='bbox 494 2171 676 2250; x_wconf 80' lang='lat' dir='ltr'>unigenitum</span> <span class='ocrx_word' id='word_1_33' title='bbox 701 2172 844 2246; x_wconf 81' lang='lat' dir='ltr'>Verbum,</span> <span class='ocrx_word' id='word_1_34' title='bbox 868 2171 1064 2252; x_wconf 75' lang='lat' dir='ltr'>Sapientiam,</span> <span class='ocrx_word' id='word_1_35' title='bbox 1086 2169 1193 2234; x_wconf 80' lang='lat' dir='ltr'>Filium</span> <span class='ocrx_word' id='word_1_36' title='bbox 1214 2190 1251 2234; x_wconf 85' lang='lat' dir='ltr'>ex</span> <span class='ocrx_word' id='word_1_37' title='bbox 1271 2171 1360 2234; x_wconf 87' lang='lat' dir='ltr'>Patre</span> <span class='ocrx_word' id='word_1_38' title='bbox 1447 2195 1456 2206; x_wconf 67' lang='grc'>’</span> <span class='ocrx_word' id='word_1_39' title='bbox 1505 2240 1508 2248; x_wconf 56' lang='grc'>,</span> 
     </span>
     <span class='ocr_line' id='line_1_8' title="bbox 128 2269 1360 2352; baseline 0.002 -20"><span class='ocrx_word' id='word_1_40' title='bbox 128 2271 196 2332; x_wconf 87' lang='lat' dir='ltr'>sine</span> <span class='ocrx_word' id='word_1_41' title='bbox 223 2270 310 2332; x_wconf 93' lang='lat' dir='ltr'>initio</span> <span class='ocrx_word' id='word_1_42' title='bbox 340 2279 369 2332; x_wconf 90' lang='lat' dir='ltr'>et</span> <span class='ocrx_word' id='word_1_43' title='bbox 391 2269 427 2332; x_wconf 91' lang='lat' dir='ltr'>ab</span> <span class='ocrx_word' id='word_1_44' title='bbox 449 2271 623 2333; x_wconf 77' lang='lat' dir='ltr'>aeternitate</span> <span class='ocrx_word' id='word_1_45' title='bbox 645 2271 792 2350; x_wconf 77' lang='lat' dir='ltr'>genitum,</span> <span class='ocrx_word' id='word_1_46' title='bbox 816 2271 944 2334; x_wconf 83' lang='lat' dir='ltr'>Verbum</span> <span class='ocrx_word' id='word_1_47' title='bbox 967 2291 1037 2336; x_wconf 84' lang='lat' dir='ltr'>vero</span> <span class='ocrx_word' id='word_1_48' title='bbox 1060 2291 1122 2334; x_wconf 92' lang='lat' dir='ltr'>non</span> <span class='ocrx_word' id='word_1_49' title='bbox 1142 2271 1292 2352; x_wconf 90' lang='lat' dir='ltr'>prolatum</span> <span class='ocrx_word' id='word_1_50' title='bbox 1313 2271 1360 2335; x_wconf 88' lang='lat' dir='ltr'>rel</span> 
     </span>
     <span class='ocr_line' id='line_1_9' title="bbox 128 2371 1359 2451; baseline 0 -17"><span class='ocrx_word' id='word_1_51' title='bbox 128 2373 297 2446; x_wconf 88' lang='lat' dir='ltr'>internum,</span> <span class='ocrx_word' id='word_1_52' title='bbox 330 2389 392 2432; x_wconf 92' lang='lat' dir='ltr'>nou</span> <span class='ocrx_word' id='word_1_53' title='bbox 422 2371 531 2450; x_wconf 86' lang='lat' dir='ltr'>aliquid</span> <span class='ocrx_word' id='word_1_54' title='bbox 560 2391 596 2434; x_wconf 82' lang='lat' dir='ltr'>ex</span> <span class='ocrx_word' id='word_1_55' title='bbox 618 2373 751 2451; x_wconf 85' lang='lat' dir='ltr'>perlecto</span> <span class='ocrx_word' id='word_1_56' title='bbox 774 2373 917 2444; x_wconf 87' lang='lat' dir='ltr'>ellluens,</span> <span class='ocrx_word' id='word_1_57' title='bbox 949 2381 999 2433; x_wconf 83' lang='lat' dir='ltr'>aut</span> <span class='ocrx_word' id='word_1_58' title='bbox 1022 2392 1058 2434; x_wconf 88' lang='lat' dir='ltr'>ex</span> <span class='ocrx_word' id='word_1_59' title='bbox 1079 2371 1234 2450; x_wconf 84' lang='lat' dir='ltr'>impatibili</span> <span class='ocrx_word' id='word_1_60' title='bbox 1255 2379 1359 2435; x_wconf 78' lang='lat' dir='ltr'>neuun</span> 
     </span>
     <span class='ocr_line' id='line_1_10' title="bbox 130 2471 1359 2554; baseline 0.002 -21"><span class='ocrx_word' id='word_1_61' title='bbox 130 2481 246 2534; x_wconf 85' lang='lat' dir='ltr'>sectum</span> <span class='ocrx_word' id='word_1_62' title='bbox 267 2473 313 2534; x_wconf 83' lang='lat' dir='ltr'>vel</span> <span class='ocrx_word' id='word_1_63' title='bbox 335 2472 509 2552; x_wconf 85' lang='lat' dir='ltr'>proiectum,</span> <span class='ocrx_word' id='word_1_64' title='bbox 533 2471 587 2534; x_wconf 87' lang='lat' dir='ltr'>sed</span> <span class='ocrx_word' id='word_1_65' title='bbox 608 2471 714 2534; x_wconf 82' lang='lat' dir='ltr'>Filium</span> <span class='ocrx_word' id='word_1_66' title='bbox 737 2490 791 2552; x_wconf 92' lang='lat' dir='ltr'>per</span> <span class='ocrx_word' id='word_1_67' title='bbox 812 2491 846 2536; x_wconf 85' lang='lat' dir='ltr'>se</span> <span class='ocrx_word' id='word_1_68' title='bbox 862 2473 1038 2550; x_wconf 78' lang='lat' dir='ltr'>perfactam,</span> <span class='ocrx_word' id='word_1_69' title='bbox 1062 2471 1208 2534; x_wconf 85' lang='lat' dir='ltr'>virentem</span> <span class='ocrx_word' id='word_1_70' title='bbox 1223 2479 1253 2534; x_wconf 90' lang='lat' dir='ltr'>et</span> <span class='ocrx_word' id='word_1_71' title='bbox 1266 2491 1359 2554; x_wconf 77' lang='lat' dir='ltr'>agen-</span> 
     </span>
     <span class='ocr_line' id='line_1_11' title="bbox 132 2573 1358 2655; baseline 0.002 -21"><span class='ocrx_word' id='word_1_72' title='bbox 132 2581 208 2646; x_wconf 89' lang='lat' dir='ltr'>tem,</span> <span class='ocrx_word' id='word_1_73' title='bbox 231 2591 332 2635; x_wconf 88' lang='lat' dir='ltr'>reram</span> <span class='ocrx_word' id='word_1_74' title='bbox 352 2573 449 2635; x_wconf 86' lang='lat' dir='ltr'>Patris</span> <span class='ocrx_word' id='word_1_75' title='bbox 472 2573 640 2654; x_wconf 79' lang='lat' dir='ltr'>imaginem,</span> <span class='ocrx_word' id='word_1_76' title='bbox 663 2573 779 2637; x_wconf 92' lang='lat' dir='ltr'>bonore</span> <span class='ocrx_word' id='word_1_77' title='bbox 802 2582 832 2635; x_wconf 87' lang='lat' dir='ltr'>et</span> <span class='ocrx_word' id='word_1_78' title='bbox 853 2573 947 2654; x_wconf 79' lang='lat' dir='ltr'>gloria</span> <span class='ocrx_word' id='word_1_79' title='bbox 968 2592 1087 2655; x_wconf 91' lang='lat' dir='ltr'>parem:</span> <span class='ocrx_word' id='word_1_80' title='bbox 1110 2573 1184 2636; x_wconf 84' lang='lat' dir='ltr'>baec</span> <span class='ocrx_word' id='word_1_81' title='bbox 1205 2581 1251 2636; x_wconf 82' lang='lat' dir='ltr'>est</span> <span class='ocrx_word' id='word_1_82' title='bbox 1268 2573 1358 2650; x_wconf 92' lang='lat' dir='ltr'>enim,</span> 
     </span>
     <span class='ocr_line' id='line_1_12' title="bbox 128 2673 1359 2761; baseline 0.002 -25"><span class='ocrx_word' id='word_1_83' title='bbox 128 2673 241 2754; x_wconf 82' lang='lat' dir='ltr'>inquit,</span> <span class='ocrx_word' id='word_1_84' title='bbox 275 2673 409 2737; x_wconf 79' lang='lat' dir='ltr'>voluntas</span> <span class='ocrx_word' id='word_1_85' title='bbox 439 2675 551 2750; x_wconf 84' lang='lat' dir='ltr'>Patris,</span> <span class='ocrx_word' id='word_1_86' title='bbox 581 2688 616 2738; x_wconf 85' lang='lat' dir='ltr'>ut</span> <span class='ocrx_word' id='word_1_87' title='bbox 643 2676 888 2758; x_wconf 70' lang='lat' dir='ltr'>premodmotlum</span> <span class='ocrx_word' id='word_1_88' title='bbox 911 2675 1033 2741; x_wconf 84' lang='lat' dir='ltr'>Putrem</span> <span class='ocrx_word' id='word_1_89' title='bbox 1059 2675 1229 2761; x_wconf 74' lang='lat' dir='ltr'>honorant,</span> <span class='ocrx_word' id='word_1_90' title='bbox 1263 2677 1359 2739; x_wconf 81' lang='lat' dir='ltr'>itaet</span> 
     </span>
     <span class='ocr_line' id='line_1_13' title="bbox 128 2773 1357 2851; baseline 0.001 -14"><span class='ocrx_word' id='word_1_91' title='bbox 128 2775 239 2840; x_wconf 80' lang='lat' dir='ltr'>Filium</span> <span class='ocrx_word' id='word_1_92' title='bbox 274 2775 442 2850; x_wconf 79' lang='lat' dir='ltr'>bonorem,¹</span> <span class='ocrx_word' id='word_1_93' title='bbox 478 2776 572 2838; x_wconf 85' lang='lat' dir='ltr'>Deum</span> <span class='ocrx_word' id='word_1_94' title='bbox 598 2796 704 2838; x_wconf 75' lang='lat' dir='ltr'>uerum</span> <span class='ocrx_word' id='word_1_95' title='bbox 735 2796 770 2838; x_wconf 83' lang='lat' dir='ltr'>ex</span> <span class='ocrx_word' id='word_1_96' title='bbox 798 2776 861 2839; x_wconf 89' lang='lat' dir='ltr'>Deo</span> <span class='ocrx_word' id='word_1_97' title='bbox 891 2795 976 2851; x_wconf 69' lang='grc' dir='ltr'>νοτυς</span> <span class='ocrx_word' id='word_1_98' title='bbox 1010 2777 1053 2838; x_wconf 91' lang='lat' dir='ltr'>uti</span> <span class='ocrx_word' id='word_1_99' title='bbox 1082 2775 1154 2838; x_wconf 82' lang='lat' dir='ltr'>dicit</span> <span class='ocrx_word' id='word_1_100' title='bbox 1173 2773 1302 2839; x_wconf 83' lang='lat' dir='ltr'>lbannee</span> <span class='ocrx_word' id='word_1_101' title='bbox 1325 2775 1357 2838; x_wconf 90' lang='lat' dir='ltr'>in</span> 
     </span>
     <span class='ocr_line' id='line_1_14' title="bbox 129 2859 1356 2952; baseline 0.002 -16"><span class='ocrx_word' id='word_1_102' title='bbox 129 2874 288 2936; x_wconf 79' lang='lat' dir='ltr'>Catholicis</span> <span class='ocrx_word' id='word_1_103' title='bbox 316 2877 470 2952; x_wconf 78' lang='lat' dir='ltr'>epistolia:</span> <span class='ocrx_word' id='word_1_104' title='bbox 504 2877 543 2937; x_wconf 77' lang='lat' dir='ltr'>tir</span> <span class='ocrx_word' id='word_1_105' title='bbox 571 2895 675 2938; x_wconf 82' lang='lat' dir='ltr'>eumue</span> <span class='ocrx_word' id='word_1_106' title='bbox 703 2882 736 2938; x_wconf 83' lang='lat' dir='ltr'>in</span> <span class='ocrx_word' id='word_1_107' title='bbox 763 2897 852 2948; x_wconf 85' lang='lat' dir='ltr'>uero,</span> <span class='ocrx_word' id='word_1_108' title='bbox 885 2881 918 2939; x_wconf 87' lang='lat' dir='ltr'>in</span> <span class='ocrx_word' id='word_1_109' title='bbox 940 2859 1019 2939; x_wconf 70' lang='lat' dir='ltr'>nuto</span> <span class='ocrx_word' id='word_1_110' title='bbox 1042 2879 1106 2939; x_wconf 79' lang='lat' dir='ltr'>eiua</span> <span class='ocrx_word' id='word_1_111' title='bbox 1130 2875 1200 2938; x_wconf 78' lang='lat' dir='ltr'>lero</span> <span class='ocrx_word' id='word_1_112' title='bbox 1224 2875 1356 2940; x_wconf 81' lang='lat' dir='ltr'>Cbritto.</span> 
     </span>
    </p>

    <p class='ocr_par' dir='ltr' id='par_1_7' title="bbox 128 2972 1455 3452">
     <span class='ocr_line' id='line_1_15' title="bbox 131 2972 1357 3053; baseline 0.003 -21"><span class='ocrx_word' id='word_1_113' title='bbox 131 2972 189 3032; x_wconf 82' lang='lat' dir='ltr'>Hie</span> <span class='ocrx_word' id='word_1_114' title='bbox 211 2982 256 3033; x_wconf 84' lang='lat' dir='ltr'>oet</span> <span class='ocrx_word' id='word_1_115' title='bbox 278 2991 369 3034; x_wconf 81' lang='lat' dir='ltr'>uerna</span> <span class='ocrx_word' id='word_1_116' title='bbox 393 2975 475 3034; x_wconf 76' lang='lat' dir='ltr'>Deua</span> <span class='ocrx_word' id='word_1_117' title='bbox 499 2985 526 3034; x_wconf 89' lang='lat' dir='ltr'>et</span> <span class='ocrx_word' id='word_1_118' title='bbox 550 2979 614 3036; x_wconf 83' lang='lat' dir='ltr'>vito</span> <span class='ocrx_word' id='word_1_119' title='bbox 638 2984 776 3047; x_wconf 63' lang='lat' dir='ltr'>aeteram</span> <span class='ocrx_word' id='word_1_120' title='bbox 809 2975 1043 3053; x_wconf 86' lang='lat' dir='ltr'>omnipotentem</span> <span class='ocrx_word' id='word_1_121' title='bbox 1071 2995 1106 3035; x_wconf 84' lang='lat' dir='ltr'>ex</span> <span class='ocrx_word' id='word_1_122' title='bbox 1139 2973 1357 3053; x_wconf 78' lang='lat' dir='ltr'>omnipotente3</span> 
     </span>
     <span class='ocr_line' id='line_1_16' title="bbox 135 3067 1358 3150; baseline 0.003 -21"><span class='ocrx_word' id='word_1_123' title='bbox 135 3068 276 3130; x_wconf 87' lang='lat' dir='ltr'>omnibus</span> <span class='ocrx_word' id='word_1_124' title='bbox 299 3071 393 3142; x_wconf 90' lang='lat' dir='ltr'>enim,</span> <span class='ocrx_word' id='word_1_125' title='bbox 416 3067 525 3149; x_wconf 84' lang='lat' dir='ltr'>quibus</span> <span class='ocrx_word' id='word_1_126' title='bbox 548 3069 674 3148; x_wconf 85' lang='lat' dir='ltr'>imperat</span> <span class='ocrx_word' id='word_1_127' title='bbox 696 3079 725 3130; x_wconf 92' lang='lat' dir='ltr'>et</span> <span class='ocrx_word' id='word_1_128' title='bbox 745 3071 913 3134; x_wconf 84' lang='lat' dir='ltr'>dominatur</span> <span class='ocrx_word' id='word_1_129' title='bbox 934 3071 1039 3145; x_wconf 85' lang='lat' dir='ltr'>Pater,</span> <span class='ocrx_word' id='word_1_130' title='bbox 1061 3073 1189 3150; x_wconf 89' lang='lat' dir='ltr'>imperat</span> <span class='ocrx_word' id='word_1_131' title='bbox 1210 3081 1240 3132; x_wconf 90' lang='lat' dir='ltr'>et</span> <span class='ocrx_word' id='word_1_132' title='bbox 1260 3073 1358 3134; x_wconf 91' lang='lat' dir='ltr'>domi·</span> 
     </span>
     <span class='ocr_line' id='line_1_17' title="bbox 132 3167 1362 3248; baseline 0.002 -18"><span class='ocrx_word' id='word_1_133' title='bbox 132 3177 221 3232; x_wconf 86' lang='lat' dir='ltr'>natur</span> <span class='ocrx_word' id='word_1_134' title='bbox 254 3167 392 3231; x_wconf 83' lang='lat' dir='ltr'>similiter</span> <span class='ocrx_word' id='word_1_135' title='bbox 411 3168 524 3244; x_wconf 83' lang='lat' dir='ltr'>Filius,</span> <span class='ocrx_word' id='word_1_136' title='bbox 557 3170 608 3248; x_wconf 85' lang='lat' dir='ltr'>qui</span> <span class='ocrx_word' id='word_1_137' title='bbox 641 3176 722 3230; x_wconf 82' lang='lat' dir='ltr'>totus</span> <span class='ocrx_word' id='word_1_138' title='bbox 750 3189 786 3231; x_wconf 85' lang='lat' dir='ltr'>ex</span> <span class='ocrx_word' id='word_1_139' title='bbox 815 3177 878 3230; x_wconf 89' lang='lat' dir='ltr'>toto</span> <span class='ocrx_word' id='word_1_140' title='bbox 901 3180 932 3231; x_wconf 88' lang='lat' dir='ltr'>et</span> <span class='ocrx_word' id='word_1_141' title='bbox 952 3170 1056 3234; x_wconf 76' lang='lat' dir='ltr'>similis</span> <span class='ocrx_word' id='word_1_142' title='bbox 1079 3169 1160 3230; x_wconf 85' lang='lat' dir='ltr'>Patri</span> <span class='ocrx_word' id='word_1_143' title='bbox 1183 3169 1295 3244; x_wconf 78' lang='lat' dir='ltr'>existit,</span> <span class='ocrx_word' id='word_1_144' title='bbox 1328 3179 1362 3232; x_wconf 92' lang='lat' dir='ltr'>ut</span> 
     </span>
     <span class='ocr_line' id='line_1_18' title="bbox 129 3269 1362 3353; baseline -0.002 -21"><span class='ocrx_word' id='word_1_145' title='bbox 129 3270 194 3353; x_wconf 84' lang='lat' dir='ltr'>ipse</span> <span class='ocrx_word' id='word_1_146' title='bbox 223 3270 264 3332; x_wconf 85' lang='lat' dir='ltr'>ait</span> <span class='ocrx_word' id='word_1_147' title='bbox 286 3269 445 3332; x_wconf 86' lang='lat' dir='ltr'>Dominus:</span> <span class='ocrx_word' id='word_1_148' title='bbox 484 3269 548 3343; x_wconf 84' lang='lat' dir='ltr'>Qui</span> <span class='ocrx_word' id='word_1_149' title='bbox 572 3289 618 3332; x_wconf 87' lang='lat' dir='ltr'>me</span> <span class='ocrx_word' id='word_1_150' title='bbox 645 3271 741 3341; x_wconf 83' lang='lat' dir='ltr'>videt,</span> <span class='ocrx_word' id='word_1_151' title='bbox 772 3271 852 3332; x_wconf 83' lang='lat' dir='ltr'>videt</span> <span class='ocrx_word' id='word_1_152' title='bbox 872 3269 1004 3333; x_wconf 84' lang='lat' dir='ltr'>Putrem.</span> <span class='ocrx_word' id='word_1_153' title='bbox 1049 3269 1174 3332; x_wconf 83' lang='lat' dir='ltr'>Genitua</span> <span class='ocrx_word' id='word_1_154' title='bbox 1196 3277 1293 3332; x_wconf 89' lang='lat' dir='ltr'>autem</span> <span class='ocrx_word' id='word_1_155' title='bbox 1315 3277 1362 3332; x_wconf 84' lang='lat' dir='ltr'>eet</span> 
     </span>
     <span class='ocr_line' id='line_1_19' title="bbox 128 3369 1455 3452; baseline -0.003 -16"><span class='ocrx_word' id='word_1_156' title='bbox 128 3371 219 3436; x_wconf 89' lang='lat' dir='ltr'>modo</span> <span class='ocrx_word' id='word_1_157' title='bbox 252 3370 451 3452; x_wconf 82' lang='lat' dir='ltr'>inexplicabili</span> <span class='ocrx_word' id='word_1_158' title='bbox 486 3379 515 3432; x_wconf 92' lang='lat' dir='ltr'>et</span> <span class='ocrx_word' id='word_1_159' title='bbox 542 3369 591 3450; x_wconf 85' lang='lat' dir='ltr'>qtti</span> <span class='ocrx_word' id='word_1_160' title='bbox 620 3369 832 3451; x_wconf 85' lang='lat' dir='ltr'>comprehendi</span> <span class='ocrx_word' id='word_1_161' title='bbox 860 3379 998 3450; x_wconf 76' lang='lat' dir='ltr'>nequeat</span> <span class='ocrx_word' id='word_1_162' title='bbox 1041 3371 1117 3433; x_wconf 82' lang='lat' dir='ltr'>Nam</span> <span class='ocrx_word' id='word_1_163' title='bbox 1137 3374 1366 3451; x_wconf 71' lang='lat' dir='ltr'>perterritionem</span> <span class='ocrx_word' id='word_1_164' title='bbox 1447 3408 1455 3422; x_wconf 37' lang='grc' dir='ltr'><em>κ</em></span> 
     </span>
    </p>
   </div>
   <div class='ocr_carea' id='block_1_6' title="bbox 128 3537 1357 3937">
    <p class='ocr_par' dir='ltr' id='par_1_8' title="bbox 128 3537 1357 3937">
     <span class='ocr_line' id='line_1_20' title="bbox 129 3537 1356 3604; baseline -0.001 -14"><span class='ocrx_word' id='word_1_165' title='bbox 129 3543 243 3591; x_wconf 82' lang='lat' dir='ltr'>loannem</span> <span class='ocrx_word' id='word_1_166' title='bbox 269 3541 443 3590; x_wconf 76' lang='lat' dir='ltr'>Damasceoum</span> <span class='ocrx_word' id='word_1_167' title='bbox 467 3539 561 3589; x_wconf 79' lang='lat' dir='ltr'>Patrem</span> <span class='ocrx_word' id='word_1_168' title='bbox 591 3539 716 3604; x_wconf 82' lang='lat' dir='ltr'>appellare</span> <span class='ocrx_word' id='word_1_169' title='bbox 801 3542 818 3589; x_wconf 86' lang='lat' dir='ltr'>l.</span> <span class='ocrx_word' id='word_1_170' title='bbox 837 3539 877 3590; x_wconf 85' lang='lat' dir='ltr'>Sie</span> <span class='ocrx_word' id='word_1_171' title='bbox 897 3541 953 3602; x_wconf 71' lang='lat' dir='ltr'>neg.</span> <span class='ocrx_word' id='word_1_172' title='bbox 972 3539 1069 3592; x_wconf 86' lang='lat' dir='ltr'>Gobler.</span> <span class='ocrx_word' id='word_1_173' title='bbox 1087 3549 1111 3590; x_wconf 83' lang='lat' dir='ltr'>et</span> <span class='ocrx_word' id='word_1_174' title='bbox 1129 3537 1262 3590; x_wconf 55' lang='grc' dir='ltr'>Μάκαι</span> <span class='ocrx_word' id='word_1_175' title='bbox 1274 3553 1356 3598; x_wconf 78' lang='lat' dir='ltr'>enom,</span> 
     </span>
     <span class='ocr_line' id='line_1_21' title="bbox 128 3597 1357 3674; baseline 0 -18"><span class='ocrx_word' id='word_1_176' title='bbox 128 3603 265 3674; x_wconf 68' lang='grc' dir='ltr'>πρυρολέα</span> <span class='ocrx_word' id='word_1_177' title='bbox 283 3606 332 3656; x_wconf 77' lang='grc' dir='ltr'>τοῦ</span> <span class='ocrx_word' id='word_1_178' title='bbox 350 3601 429 3670; x_wconf 76' lang='grc' dir='ltr'><strong><em>ἁγίου</em></strong></span> <span class='ocrx_word' id='word_1_179' title='bbox 446 3603 615 3672; x_wconf 73' lang='grc' dir='ltr'><strong><em>πνεύματος.</em></strong></span> <span class='ocrx_word' id='word_1_180' title='bbox 637 3613 664 3656; x_wconf 88' lang='lat' dir='ltr'>ut</span> <span class='ocrx_word' id='word_1_181' title='bbox 681 3609 715 3656; x_wconf 87' lang='lat' dir='ltr'>ri·</span> <span class='ocrx_word' id='word_1_182' title='bbox 784 3609 807 3658; x_wconf 88' lang='lat' dir='ltr'>ui</span> <span class='ocrx_word' id='word_1_183' title='bbox 835 3615 917 3658; x_wconf 84' lang='lat' dir='ltr'>tamen</span> <span class='ocrx_word' id='word_1_184' title='bbox 944 3609 992 3662; x_wconf 82' lang='lat' dir='ltr'>duo</span> <span class='ocrx_word' id='word_1_185' title='bbox 1017 3609 1095 3660; x_wconf 86' lang='lat' dir='ltr'>ultimi</span> <span class='ocrx_word' id='word_1_186' title='bbox 1120 3601 1167 3656; x_wconf 74' lang='lat' dir='ltr'>eat</span> <span class='ocrx_word' id='word_1_187' title='bbox 1184 3597 1199 3654; x_wconf 80' lang='grc' dir='ltr'><strong><em>ὅ</em></strong></span> <span class='ocrx_word' id='word_1_188' title='bbox 1217 3597 1276 3659; x_wconf 77' lang='lat' dir='ltr'>oie&#39;r</span> <span class='ocrx_word' id='word_1_189' title='bbox 1293 3607 1357 3658; x_wconf 85' lang='lat' dir='ltr'>inter</span> 
     </span>
     <span class='ocr_line' id='line_1_22' title="bbox 129 3669 1354 3740; baseline -0.002 -14"><span class='ocrx_word' id='word_1_190' title='bbox 129 3677 186 3726; x_wconf 83' lang='lat' dir='ltr'>dere</span> <span class='ocrx_word' id='word_1_191' title='bbox 202 3683 239 3726; x_wconf 79' lang='lat' dir='ltr'>eet</span> <span class='ocrx_word' id='word_1_192' title='bbox 257 3675 300 3724; x_wconf 88' lang='lat' dir='ltr'>lib.</span> <span class='ocrx_word' id='word_1_193' title='bbox 318 3675 336 3725; x_wconf 93' lang='lat' dir='ltr'>l.</span> <span class='ocrx_word' id='word_1_194' title='bbox 355 3675 455 3724; x_wconf 81' lang='lat' dir='ltr'>Ortbotl.</span> <span class='ocrx_word' id='word_1_195' title='bbox 474 3675 515 3724; x_wconf 84' lang='lat' dir='ltr'>nt.</span> <span class='ocrx_word' id='word_1_196' title='bbox 534 3673 590 3725; x_wconf 71' lang='lat' dir='ltr'>eil.</span> <span class='ocrx_word' id='word_1_197' title='bbox 601 3682 624 3724; x_wconf 85' lang='lat' dir='ltr'>et</span> <span class='ocrx_word' id='word_1_198' title='bbox 636 3673 676 3724; x_wconf 80' lang='lat'>13.</span> <span class='ocrx_word' id='word_1_199' title='bbox 800 3688 845 3740; x_wconf 80' lang='grc' dir='ltr'>χει</span> <span class='ocrx_word' id='word_1_200' title='bbox 872 3683 896 3724; x_wconf 83' lang='lat' dir='ltr'>et</span> <span class='ocrx_word' id='word_1_201' title='bbox 922 3669 968 3722; x_wconf 81' lang='grc' dir='ltr'>καὶ</span> <span class='ocrx_word' id='word_1_202' title='bbox 990 3673 1086 3739; x_wconf 79' lang='grc' dir='ltr'><strong><em>κρατεῖ</em></strong></span> <span class='ocrx_word' id='word_1_203' title='bbox 1109 3676 1171 3724; x_wconf 90' lang='lat' dir='ltr'>inter</span> <span class='ocrx_word' id='word_1_204' title='bbox 1189 3682 1273 3724; x_wconf 79' lang='lat' dir='ltr'>ouuot</span> <span class='ocrx_word' id='word_1_205' title='bbox 1308 3674 1354 3724; x_wconf 79' lang='lat' dir='ltr'>titt</span> 
     </span>
     <span class='ocr_line' id='line_1_23' title="bbox 767 3733 1354 3793; baseline -0.003 -2"><span class='ocrx_word' id='word_1_206' title='bbox 767 3755 825 3791; x_wconf 78' lang='lat' dir='ltr'>mro.</span> <span class='ocrx_word' id='word_1_207' title='bbox 844 3750 868 3790; x_wconf 89' lang='lat' dir='ltr'>et</span> <span class='ocrx_word' id='word_1_208' title='bbox 886 3741 958 3792; x_wconf 80' lang='lat' dir='ltr'>editio</span> <span class='ocrx_word' id='word_1_209' title='bbox 975 3741 1093 3792; x_wconf 86' lang='lat' dir='ltr'>Commel.</span> <span class='ocrx_word' id='word_1_210' title='bbox 1111 3735 1157 3790; x_wconf 77' lang='lat' dir='ltr'>aul</span> <span class='ocrx_word' id='word_1_211' title='bbox 1205 3733 1264 3793; x_wconf 67' lang='lat' dir='ltr'>oleis</span> <span class='ocrx_word' id='word_1_212' title='bbox 1281 3743 1354 3790; x_wconf 90' lang='lat' dir='ltr'>omit-</span> 
     </span>
     <span class='ocr_line' id='line_1_24' title="bbox 767 3816 1353 3937; baseline -0.005 -13"><span class='ocrx_word' id='word_1_213' title='bbox 767 3816 826 3936; x_wconf 43' lang='grc' dir='ltr'>Μαι..</span> <span class='ocrx_word' id='word_1_214' title='bbox 843 3875 884 3924; x_wconf 88' lang='lat' dir='ltr'>Sio</span> <span class='ocrx_word' id='word_1_215' title='bbox 902 3875 1002 3937; x_wconf 79' lang='lat' dir='ltr'>Seguer.</span> <span class='ocrx_word' id='word_1_216' title='bbox 1021 3885 1044 3926; x_wconf 88' lang='lat' dir='ltr'>et</span> <span class='ocrx_word' id='word_1_217' title='bbox 1062 3876 1139 3925; x_wconf 76' lang='lat' dir='ltr'>versio</span> <span class='ocrx_word' id='word_1_218' title='bbox 1158 3873 1353 3936; x_wconf 70' lang='lat' dir='ltr'>praecellente.</span> 
     </span>
    </p>
   </div>
   <div class='ocr_carea' id='block_1_7' title="bbox 126 3765 716 3907">
    <p class='ocr_par' dir='ltr' id='par_1_9' title="bbox 126 3765 716 3907">
     <span class='ocr_line' id='line_1_25' title="bbox 162 3765 716 3839; baseline -0.005 -13"><span class='ocrx_word' id='word_1_219' title='bbox 162 3777 185 3826; x_wconf 83' lang='lat' dir='ltr'>o.</span> <span class='ocrx_word' id='word_1_220' title='bbox 204 3776 303 3828; x_wconf 83' lang='lat' dir='ltr'>Gobler.</span> <span class='ocrx_word' id='word_1_221' title='bbox 323 3783 346 3824; x_wconf 89' lang='lat' dir='ltr'>et</span> <span class='ocrx_word' id='word_1_222' title='bbox 363 3775 468 3825; x_wconf 81' lang='lat' dir='ltr'>Feicim.</span> <span class='ocrx_word' id='word_1_223' title='bbox 487 3775 506 3824; x_wconf 90' lang='lat' dir='ltr'>l.</span> <span class='ocrx_word' id='word_1_224' title='bbox 525 3789 597 3825; x_wconf 88' lang='lat' dir='ltr'>anon.</span> <span class='ocrx_word' id='word_1_225' title='bbox 616 3765 716 3839; x_wconf 72' lang='lat' dir='ltr'>postei-</span> 
     </span>
     <span class='ocr_line' id='line_1_26' title="bbox 126 3836 716 3907; baseline 0 -16"><span class='ocrx_word' id='word_1_226' title='bbox 126 3836 195 3892; x_wconf 73' lang='lat' dir='ltr'>ao&#39;ro</span> <span class='ocrx_word' id='word_1_227' title='bbox 211 3841 261 3890; x_wconf 80' lang='grc' dir='ltr'>τοῦ</span> <span class='ocrx_word' id='word_1_228' title='bbox 278 3838 383 3907; x_wconf 76' lang='lat' dir='ltr'>nnrptic</span> <span class='ocrx_word' id='word_1_229' title='bbox 400 3841 498 3892; x_wconf 77' lang='lat' dir='ltr'>omissis</span> <span class='ocrx_word' id='word_1_230' title='bbox 516 3843 647 3892; x_wconf 78' lang='lat' dir='ltr'>interiectio</span> <span class='ocrx_word' id='word_1_231' title='bbox 665 3850 716 3891; x_wconf 77' lang='lat' dir='ltr'>sta·</span> 
     </span>
    </p>
   </div>
   <div class='ocr_carea' id='block_1_8' title="bbox 128 3909 1356 4070">
    <p class='ocr_par' dir='ltr' id='par_1_10' title="bbox 128 3909 1356 4070">
     <span class='ocr_line' id='line_1_27' title="bbox 128 3909 1356 4070; baseline -0.003 -11"><span class='ocrx_word' id='word_1_232' title='bbox 128 3909 465 4042; x_wconf 66' lang='lat' dir='ltr'>intuente.</span> <span class='ocrx_word' id='word_1_233' title='bbox 478 3920 716 4040; x_wconf 63' lang='lat' dir='ltr'>‘renatam</span> <span class='ocrx_word' id='word_1_234' title='bbox 767 3933 1105 4059; x_wconf 71' lang='lat' dir='ltr'>tttntttntmr¹</span> <span class='ocrx_word' id='word_1_235' title='bbox 1118 3941 1356 4070; x_wconf 63' lang='lat' dir='ltr'>trutinum</span> 
     </span>
    </p>
   </div>
   <div class='ocr_carea' id='block_1_9' title="bbox 127 4038 1356 4618">
    <p class='ocr_par' dir='ltr' id='par_1_11' title="bbox 129 4038 1355 4138">
     <span class='ocr_line' id='line_1_28' title="bbox 129 4038 1355 4138; baseline 0.022 -44"><span class='ocrx_word' id='word_1_236' title='bbox 129 4043 163 4096; x_wconf 83' lang='lat' dir='ltr'>un</span> <span class='ocrx_word' id='word_1_237' title='bbox 181 4038 261 4110; x_wconf 73' lang='grc' dir='ltr'><strong><em>φησί·</em></strong></span> <span class='ocrx_word' id='word_1_238' title='bbox 768 4077 878 4126; x_wconf 82' lang='lat' dir='ltr'>leurione</span> <span class='ocrx_word' id='word_1_239' title='bbox 897 4077 968 4132; x_wconf 87' lang='lat' dir='ltr'>trium</span> <span class='ocrx_word' id='word_1_240' title='bbox 987 4075 1114 4138; x_wconf 79' lang='lat' dir='ltr'>capitulor.</span> <span class='ocrx_word' id='word_1_241' title='bbox 1134 4073 1218 4137; x_wconf 71' lang='lat' dir='ltr'>eapl.</span> <span class='ocrx_word' id='word_1_242' title='bbox 1230 4071 1355 4136; x_wconf 79' lang='lat' dir='ltr'>[Gallrntll</span> 
     </span>
    </p>

    <p class='ocr_par' dir='ltr' id='par_1_12' title="bbox 127 4134 1356 4618">
     <span class='ocr_line' id='line_1_29' title="bbox 162 4134 1356 4208; baseline -0.006 -13"><span class='ocrx_word' id='word_1_243' title='bbox 162 4159 184 4194; x_wconf 82' lang='lat' dir='ltr'>e.</span> <span class='ocrx_word' id='word_1_244' title='bbox 204 4144 302 4195; x_wconf 82' lang='lat' dir='ltr'>Gobler.</span> <span class='ocrx_word' id='word_1_245' title='bbox 329 4151 352 4192; x_wconf 83' lang='lat' dir='ltr'>et</span> <span class='ocrx_word' id='word_1_246' title='bbox 376 4141 481 4192; x_wconf 78' lang='lat' dir='ltr'>Felelrm.</span> <span class='ocrx_word' id='word_1_247' title='bbox 509 4140 526 4190; x_wconf 94' lang='lat' dir='ltr'>l.</span> <span class='ocrx_word' id='word_1_248' title='bbox 545 4156 618 4192; x_wconf 79' lang='lat' dir='ltr'>enon.</span> <span class='ocrx_word' id='word_1_249' title='bbox 637 4134 717 4208; x_wconf 71' lang='lat' dir='ltr'>lvrp&#39;</span> <span class='ocrx_word' id='word_1_250' title='bbox 768 4143 828 4192; x_wconf 82' lang='lat' dir='ltr'>utet.</span> <span class='ocrx_word' id='word_1_251' title='bbox 853 4144 915 4192; x_wconf 81' lang='lat' dir='ltr'>Patr.</span> <span class='ocrx_word' id='word_1_252' title='bbox 934 4143 972 4192; x_wconf 76' lang='lat' dir='ltr'>ll.</span> <span class='ocrx_word' id='word_1_253' title='bbox 997 4139 1094 4206; x_wconf 70' lang='lat' dir='ltr'>ntur.</span> <span class='ocrx_word' id='word_1_254' title='bbox 1119 4136 1216 4205; x_wconf 64' lang='lat' dir='ltr'>colb]</span> <span class='ocrx_word' id='word_1_255' title='bbox 1240 4141 1278 4188; x_wconf 75' lang='lat' dir='ltr'>ltin</span> <span class='ocrx_word' id='word_1_256' title='bbox 1301 4153 1356 4189; x_wconf 84' lang='lat' dir='ltr'>rer-</span> 
     </span>
     <span class='ocr_line' id='line_1_30' title="bbox 127 4199 1355 4290; baseline -0.005 -32"><span class='ocrx_word' id='word_1_257' title='bbox 127 4207 268 4290; x_wconf 53' lang='lat' dir='ltr'>muoltxfi.</span> <span class='ocrx_word' id='word_1_258' title='bbox 307 4209 359 4258; x_wconf 74' lang='lat' dir='ltr'>lior</span> <span class='ocrx_word' id='word_1_259' title='bbox 382 4211 439 4270; x_wconf 72' lang='lat' dir='ltr'>lleg.</span> <span class='ocrx_word' id='word_1_260' title='bbox 465 4203 496 4258; x_wconf 72' lang='grc' dir='ltr'>ἐν</span> <span class='ocrx_word' id='word_1_261' title='bbox 525 4207 564 4273; x_wconf 73' lang='grc' dir='ltr'>τῷ</span> <span class='ocrx_word' id='word_1_262' title='bbox 594 4199 716 4272; x_wconf 68' lang='grc' dir='ltr'>ἀληθινῷ</span> <span class='ocrx_word' id='word_1_263' title='bbox 767 4211 819 4259; x_wconf 82' lang='lat' dir='ltr'>bis:</span> <span class='ocrx_word' id='word_1_264' title='bbox 843 4211 905 4260; x_wconf 76' lang='lat' dir='ltr'>nteit</span> <span class='ocrx_word' id='word_1_265' title='bbox 927 4211 1005 4274; x_wconf 74' lang='lat' dir='ltr'>itaque</span> <span class='ocrx_word' id='word_1_266' title='bbox 1029 4209 1090 4258; x_wconf 76' lang='lat' dir='ltr'>idem</span> <span class='ocrx_word' id='word_1_267' title='bbox 1113 4209 1193 4258; x_wconf 74' lang='lat' dir='ltr'>beetur</span> <span class='ocrx_word' id='word_1_268' title='bbox 1215 4207 1355 4257; x_wconf 70' lang='lat' dir='ltr'>nmmum</span> 
     </span>
     <span class='ocr_line' id='line_1_31' title="bbox 130 4267 1356 4348; baseline -0.007 -22"><span class='ocrx_word' id='word_1_269' title='bbox 130 4269 214 4326; x_wconf 70' lang='lat' dir='ltr'>obrui&gt;</span> <span class='ocrx_word' id='word_1_270' title='bbox 230 4277 282 4341; x_wconf 72' lang='lat' dir='ltr'>erpi</span> <span class='ocrx_word' id='word_1_271' title='bbox 296 4267 519 4344; x_wconf 70' lang='grc' dir='ltr'><strong><em>ἸησοῦΧριστῷ.</em></strong></span> <span class='ocrx_word' id='word_1_272' title='bbox 542 4283 567 4325; x_wconf 84' lang='lat' dir='ltr'>nt</span> <span class='ocrx_word' id='word_1_273' title='bbox 584 4283 608 4324; x_wconf 86' lang='lat' dir='ltr'>et</span> <span class='ocrx_word' id='word_1_274' title='bbox 626 4275 716 4326; x_wconf 82' lang='lat' dir='ltr'>nubent</span> <span class='ocrx_word' id='word_1_275' title='bbox 767 4279 792 4324; x_wconf 83' lang='lat' dir='ltr'>in</span> <span class='ocrx_word' id='word_1_276' title='bbox 815 4277 983 4340; x_wconf 70' lang='lat' dir='ltr'>expetitionem</span> <span class='ocrx_word' id='word_1_277' title='bbox 1000 4275 1113 4338; x_wconf 72' lang='lat' dir='ltr'>symboli:</span> <span class='ocrx_word' id='word_1_278' title='bbox 1139 4275 1182 4330; x_wconf 80' lang='lat' dir='ltr'>oui</span> <span class='ocrx_word' id='word_1_279' title='bbox 1199 4276 1224 4322; x_wconf 81' lang='lat' dir='ltr'>tn</span> <span class='ocrx_word' id='word_1_280' title='bbox 1240 4274 1285 4334; x_wconf 67' lang='lat' dir='ltr'>fine</span> <span class='ocrx_word' id='word_1_281' title='bbox 1303 4283 1356 4348; x_wconf 67' lang='lat' dir='ltr'>rre-</span> 
     </span>
     <span class='ocr_line' id='line_1_32' title="bbox 128 4339 1356 4410; baseline -0.007 -17"><span class='ocrx_word' id='word_1_282' title='bbox 128 4345 202 4408; x_wconf 82' lang='lat' dir='ltr'>eliqui</span> <span class='ocrx_word' id='word_1_283' title='bbox 229 4357 287 4394; x_wconf 77' lang='lat' dir='ltr'>mae.</span> <span class='ocrx_word' id='word_1_284' title='bbox 314 4345 368 4393; x_wconf 82' lang='lat' dir='ltr'>nori</span> <span class='ocrx_word' id='word_1_285' title='bbox 387 4343 534 4395; x_wconf 67' lang='lat' dir='ltr'>Testamenti</span> <span class='ocrx_word' id='word_1_286' title='bbox 559 4343 616 4393; x_wconf 83' lang='lat' dir='ltr'>odit.</span> <span class='ocrx_word' id='word_1_287' title='bbox 636 4343 712 4392; x_wconf 84' lang='lat' dir='ltr'>Oxou.</span> <span class='ocrx_word' id='word_1_288' title='bbox 767 4344 871 4394; x_wconf 73' lang='lat' dir='ltr'>aelorum</span> <span class='ocrx_word' id='word_1_289' title='bbox 888 4343 1028 4393; x_wconf 65' lang='lat' dir='ltr'>terrenum</span> <span class='ocrx_word' id='word_1_290' title='bbox 1046 4355 1075 4391; x_wconf 70' lang='lat' dir='ltr'>ee</span> <span class='ocrx_word' id='word_1_291' title='bbox 1092 4342 1146 4390; x_wconf 78' lang='lat' dir='ltr'>riou</span> <span class='ocrx_word' id='word_1_292' title='bbox 1163 4339 1245 4398; x_wconf 60' lang='lat' dir='ltr'>Putria</span> <span class='ocrx_word' id='word_1_293' title='bbox 1264 4349 1356 4410; x_wconf 68' lang='lat' dir='ltr'>eertu-</span> 
     </span>
     <span class='ocr_line' id='line_1_33' title="bbox 131 4399 1356 4475; baseline -0.008 -15"><span class='ocrx_word' id='word_1_294' title='bbox 131 4409 219 4468; x_wconf 74' lang='lat' dir='ltr'>lb&#39;lb.,</span> <span class='ocrx_word' id='word_1_295' title='bbox 238 4411 279 4474; x_wconf 87' lang='lat' dir='ltr'>qni</span> <span class='ocrx_word' id='word_1_296' title='bbox 298 4419 377 4460; x_wconf 83' lang='lat' dir='ltr'>tumen</span> <span class='ocrx_word' id='word_1_297' title='bbox 394 4403 447 4475; x_wconf 63' lang='lat' dir='ltr'>olei</span> <span class='ocrx_word' id='word_1_298' title='bbox 465 4419 519 4460; x_wconf 85' lang='lat' dir='ltr'>aute</span> <span class='ocrx_word' id='word_1_299' title='bbox 539 4399 624 4467; x_wconf 68' lang='lat' dir='ltr'>ebron</span> <span class='ocrx_word' id='word_1_300' title='bbox 643 4423 715 4472; x_wconf 83' lang='lat' dir='ltr'>pree-</span> <span class='ocrx_word' id='word_1_301' title='bbox 766 4410 883 4460; x_wconf 75' lang='lat' dir='ltr'>maculato</span> <span class='ocrx_word' id='word_1_302' title='bbox 905 4410 994 4471; x_wconf 79' lang='lat' dir='ltr'>Virpine</span> <span class='ocrx_word' id='word_1_303' title='bbox 1012 4409 1087 4458; x_wconf 75' lang='lat' dir='ltr'>llario</span> <span class='ocrx_word' id='word_1_304' title='bbox 1103 4411 1208 4456; x_wconf 72' lang='lat' dir='ltr'>nentrum</span> <span class='ocrx_word' id='word_1_305' title='bbox 1226 4405 1356 4462; x_wconf 62' lang='lat' dir='ltr'>mamert</span> 
     </span>
     <span class='ocr_line' id='line_1_34' title="bbox 129 4465 1356 4542; baseline -0.007 -15"><span class='ocrx_word' id='word_1_306' title='bbox 129 4479 231 4528; x_wconf 90' lang='lat' dir='ltr'>mittunt.</span> <span class='ocrx_word' id='word_1_307' title='bbox 268 4478 341 4527; x_wconf 78' lang='lat' dir='ltr'>Paulo</span> <span class='ocrx_word' id='word_1_308' title='bbox 360 4485 417 4542; x_wconf 80' lang='lat' dir='ltr'>poet</span> <span class='ocrx_word' id='word_1_309' title='bbox 435 4485 478 4528; x_wconf 84' lang='lat' dir='ltr'>nrt.</span> <span class='ocrx_word' id='word_1_310' title='bbox 498 4470 514 4536; x_wconf 73' lang='grc' dir='ltr'><strong><em>ἡ</em></strong></span> <span class='ocrx_word' id='word_1_311' title='bbox 534 4483 590 4542; x_wconf 78' lang='lat' dir='ltr'>poet</span> <span class='ocrx_word' id='word_1_312' title='bbox 608 4469 716 4535; x_wconf 60' lang='lat' dir='ltr'>Cubile·</span> <span class='ocrx_word' id='word_1_313' title='bbox 768 4477 881 4526; x_wconf 71' lang='lat' dir='ltr'>bominem</span> <span class='ocrx_word' id='word_1_314' title='bbox 898 4475 973 4525; x_wconf 81' lang='lat' dir='ltr'>lerum</span> <span class='ocrx_word' id='word_1_315' title='bbox 992 4475 1119 4532; x_wconf 70' lang='lat' dir='ltr'>obrisum,</span> <span class='ocrx_word' id='word_1_316' title='bbox 1146 4484 1212 4534; x_wconf 81' lang='lat' dir='ltr'>quem</span> <span class='ocrx_word' id='word_1_317' title='bbox 1228 4481 1270 4530; x_wconf 84' lang='lat' dir='ltr'>pro</span> <span class='ocrx_word' id='word_1_318' title='bbox 1287 4465 1356 4513; x_wconf 63' lang='lat' dir='ltr'>wollt</span> 
     </span>
     <span class='ocr_line' id='line_1_35' title="bbox 127 4543 997 4618; baseline -0.005 -24"><span class='ocrx_word' id='word_1_319' title='bbox 127 4552 166 4618; x_wconf 70' lang='lat' dir='ltr'>eet</span> <span class='ocrx_word' id='word_1_320' title='bbox 183 4545 207 4594; x_wconf 91' lang='lat' dir='ltr'>in</span> <span class='ocrx_word' id='word_1_321' title='bbox 224 4545 323 4608; x_wconf 73' lang='lat' dir='ltr'>Seguor.</span> <span class='ocrx_word' id='word_1_322' title='bbox 768 4543 873 4606; x_wconf 70' lang='lat' dir='ltr'>pontioni</span> <span class='ocrx_word' id='word_1_323' title='bbox 891 4543 997 4593; x_wconf 74' lang='lat' dir='ltr'>tradidit.</span> 
     </span>
    </p>
   </div>
   <div class='ocr_carea' id='block_1_10' title="bbox 0 0 1592 5082">
    <p class='ocr_par' dir='ltr' id='par_1_13' title="bbox 0 0 1592 5082">
     <span class='ocr_line' id='line_1_36' title="bbox 0 0 1592 5082; baseline 0 2"><span class='ocrx_word' id='word_1_324' title='bbox 0 0 1592 5082; x_wconf 95' lang='lat' dir='ltr'> </span> 
     </span>
    </p>
   </div>
  </div>
 </body>
</html>
