3176 5058
424 279 569 323 bristou
584 280 621 324 uz
635 280 778 324 DEGRE'l'lS
793 282 938 326 proterite
955 282 1074 325 SYNODI.
1318 275 1355 336 61

134 431 189 494 Dei
211 447 247 494 ex
269 429 432 492 substantia
455 429 508 490 Dei
530 447 609 502 esse,
632 430 684 490 sed
708 429 842 494 Patribus
864 432 966 512 potius
990 434 1180 506 assentiatur,
1205 435 1253 513 qui
1276 437 1443 500 vide-rma.

133 535 219 607 licet,
241 542 275 594 ut
295 532 391 610 ipsam
414 529 458 592 rei
481 529 633 592 notionem
654 540 881 611 perrumperent,
905 534 1025 596 maioris
1048 535 1270 614 perspicuitatis
1292 556 1358 616 gra-

134 635 176 698 tie
203 632 361 712 verbisque
394 629 484 692 veluti
512 630 682 710 synonymis
710 633 763 693 has
792 652 881 694 voces
911 653 949 696 em
972 635 1034 698 Deo
1057 637 1123 698 istis
1147 657 1185 700 ec
1206 639 1266 700 Dei
1286 641 1359 702 sub-

134 739 250 798 stantio
273 731 464 811 explicavere.
509 731 591 794 idem
612 731 691 792 euim
714 751 781 793 esse
804 733 933 796 arbitrati
957 743 1036 810 sunt,
1059 737 1156 800 dicere
1180 739 1305 801 Verbum
1322 759 1361 802 em

135 837 201 900 Deo
232 853 316 906 esse,
351 851 385 893 ac
413 831 512 892 dicere
540 831 639 908 ipsum
661 849 729 890 esee
752 851 790 894 em
812 833 869 894 Dei
890 837 1072 908 substantie,
1101 841 1217 918 quando
1239 841 1358 920 quidem

137 937 196 997 ista
217 953 274 994 vox
296 932 394 1004 Deus,
419 940 453 992 ut
473 930 550 1003 diui,
575 930 648 992 nibil
671 930 747 992 aliod
771 933 930 1010 significat,
959 954 1046 1012 quam
1068 941 1256 1002 substantiam
1281 944 1356 1014 eius,

137 1036 189 1116 qui
222 1043 277 1096 est.
322 1034 354 1094 Si
382 1032 471 1112 igitur
493 1031 622 1092 Verbum
653 1049 714 1092 oon
744 1030 783 1092 ita
813 1040 859 1094 est
886 1033 1020 1106 culleo,
1053 1047 1085 1097 ut
1106 1058 1190 1102 verus
1214 1063 1247 1102 ex
1269 1044 1357 1104 Patre

137 1145 243 1199 natura
266 1135 306 1196 sit
325 1134 426 1204 Filius,
450 1134 503 1193 sed
526 1133 609 1194 sico
633 1133 837 1194 tantummodo
861 1153 896 1196 ex
918 1135 980 1194 Deo
1004 1154 1072 1198 esse
1094 1139 1205 1210 dieitur,
1228 1161 1285 1220 quo
1308 1163 1357 1204 res

137 1256 244 1301 omnes
276 1243 406 1308 creatae,
435 1235 501 1313 quia
526 1253 633 1312 nempe
655 1251 671 1294 a
694 1234 755 1293 Deo
780 1235 873 1296 lectae
896 1243 982 1308 sunt;
1012 1255 1083 1298 sene
1112 1257 1206 1316 neque
1228 1261 1263 1300 ev
1285 1243 1357 1302 sub·

60 1363 67 1370 ·
136 1339 246 1402 stantia
268 1337 364 1398 Patris
387 1345 448 1410 est3
477 1353 572 1414 neque
595 1335 660 1413 ipse
681 1334 704 1394 F
707 1333 774 1394 ilius
799 1333 964 1398 substantia
987 1346 1035 1397 est
1055 1337 1162 1409 Filius,
1191 1339 1242 1398 sed
1266 1340 1360 1402 solum

137 1459 173 1502 ex
195 1441 313 1513 virtute,
336 1457 396 1500 non
419 1436 503 1498 aliter
525 1456 558 1498 ac
578 1454 646 1508 rios,
670 1435 720 1514 qui
743 1436 835 1514 gratia
858 1436 909 1496 lilii
933 1456 1081 1500 vocamur.
1127 1439 1180 1500 Sin
1196 1450 1292 1500 autem
1308 1457 1361 1500 so·

135 1544 181 1604 lus
206 1561 240 1602 ex
261 1540 323 1600 Deo
347 1547 395 1600 est
416 1545 553 1616 tanquam
575 1556 664 1598 verus
687 1536 795 1610 Filiae,
826 1538 870 1598 uti
890 1557 993 1600 revera
1016 1547 1079 1613 ost;
1112 1539 1176 1602 iure
1199 1559 1232 1602 ae
1255 1541 1360 1602 merito

135 1663 171 1708 ex
193 1641 358 1706 substantia
380 1639 433 1700 [lei
455 1638 548 1700 Filius
571 1637 713 1699 dicendus
737 1646 792 1698 est.

217 1747 269 1808 23.
315 1741 401 1802 Certe
423 1739 549 1800 remita
573 1757 606 1800 se
629 1737 738 1799 habere
760 1747 841 1818 patet
863 1757 898 1800 ex
921 1741 1055 1819 exemplo
1077 1740 1150 1802 lucis
1173 1751 1202 1804 et
1216 1743 1358 1821 splendo-

131 1846 186 1907 ris.
230 1843 296 1904 Non
320 1843 400 1902 enim
422 1841 515 1902 instar
537 1841 632 1918 ignis,
663 1841 711 1918 qui
735 1859 770 1899 ex
793 1841 890 1902 calore
913 1839 986 1902 solis
1009 1843 1178 1904 accenditur
1198 1863 1232 1904 ac
1253 1853 1359 1922 postca

132 1945 212 2006 solet
233 1945 372 2022 extingui,
394 1943 523 2004 Verbum
546 1961 578 2002 se
600 1940 637 2002 ad
652 1941 744 2001 Deum
767 1941 875 2002 babere
891 1942 990 2003 Sancti
1013 1963 1172 2014 censorum
1194 1944 1233 2004 ita
1249 1945 1358 2024 qnippe

132 2053 287 2108 extomum
320 2051 350 2106 et
382 2050 513 2106 creatum
547 2042 694 2103 effecturis
729 2060 806 2122 epm
839 2053 927 2104 esset.
976 2045 1084 2106 Verum
1114 2044 1219 2106 Filium
1252 2063 1356 2108 omues

129 2147 321 2227 splendorem
345 2165 413 2208 esse
435 2145 547 2216 dixere,
569 2152 602 2205 ut
624 2161 691 2204 eum
713 2135 834 2222 proprie
856 2163 890 2206 ac
912 2145 977 2205 sine
999 2145 1142 2206 divisione
1165 2165 1200 2206 ex
1216 2147 1357 2206 substan-

126 2251 169 2311 tia
193 2267 271 2322 esse,
294 2248 418 2326 eiusque
440 2265 507 2307 cum
521 2244 608 2306 Patre
624 2245 765 2304 unitatem
788 2245 997 2323 significarent.
1042 2247 1173 2325 Namque
1195 2248 1253 2308 boc
1273 2255 1357 2324 paeto

126 2357 257 2424 constat,
281 2367 351 2410 vere
373 2367 442 2410 eum
464 2345 675 2408 immutabilem
697 2347 906 2424 varictatisquc
925 2355 1075 2424 expertem
1092 2367 1169 2406 esse.
1201 2347 1359 2417 Quomodo

128 2453 213 2512 enim
235 2450 318 2510 aliter
339 2449 404 2510 telis
427 2467 495 2509 esse
517 2456 638 2528 posset,
670 2447 733 2508 nisi
760 2446 856 2506 Patris
884 2446 1026 2525 proprius
1057 2455 1138 2506 esset
1168 2445 1269 2507 letus?
1312 2445 1361 2506 Sic

130 2553 214 2612 enim
236 2569 359 2614 neeesse
383 2557 429 2610 est
451 2569 518 2611 eum
541 2549 663 2612 eandem
685 2567 748 2610 rem
772 2567 840 2608 esse
862 2565 897 2608 oc
917 2565 1005 2608 suum
1028 2547 1153 2608 Patrem.
1196 2549 1277 2620 Quae
1293 2565 1358 2608 cum

126 2652 231 2733 pietati
254 2651 337 2713 valde
360 2659 557 2713 consentanea
580 2669 648 2711 esse
671 2658 828 2710 ostensum
850 2649 950 2721 luerit,
972 2651 1106 2726 prolecto
1123 2647 1232 2710 Christi
1254 2649 1359 2710 hostes

128 2775 202 2815 voce
226 2753 637 2834 consubstantialisminime
660 2751 768 2812 debent
790 2750 910 2818 offendi,
934 2769 1000 2810 curm
1023 2750 1096 2810 baec
1119 2767 1220 2810 sanem
1237 2750 1358 2810 omuino

129 2855 281 2914 contineat
302 2855 478 2914 sententiam
508 2854 681 2930 rationeque
709 2851 908 2912 continuetur.
954 2851 1111 2912 Enimvero
1140 2869 1207 2912 eum
1230 2851 1358 2912 Verbum

131 2971 170 3012 ex
193 2950 358 3012 substantia
377 2950 433 3010 Dei
455 2969 521 3010 esse
544 2951 668 3010 dicimus
701 2952 772 3022 (iam
794 2951 871 3010 enim
895 2957 924 3010 et
945 2951 1004 3027 ipsi
1026 2952 1184 3012 dictionem
1208 2953 1282 3012 banc
1304 2952 1357 3012 ad-

132 3051 276 3126 mittant),
299 3048 369 3126 quid
390 3049 470 3109 aliud
492 3049 699 3126 significamus,
723 3069 922 3127 quamverum
940 3059 971 3110 et
992 3060 1138 3112 aeternam
1154 3052 1358 3124 substantiam,

131 3171 170 3214 ex
202 3169 257 3228 qua
284 3150 382 3228 ipsum
411 3147 541 3227 genitum
571 3147 641 3210 est?
683 3147 744 3209 Nec
772 3150 850 3209 euim
877 3150 994 3209 divorse
1022 3159 1066 3210 est
1088 3152 1200 3229 specio,
1229 3152 1359 3230 nequid

129 3263 285 3316 externum
309 3270 343 3313 ac
364 3250 511 3314 dissimile
534 3269 600 3312 omn
611 3249 707 3311 Patris
731 3249 894 3311 substantia
917 3249 1084 3324 misceatur,
1102 3269 1156 3313 nec
1175 3253 1357 3314 extrinsecus

127 3359 273 3419 duntaxat
294 3353 392 3415 simile
414 3361 476 3426 est,
508 3371 546 3413 ne
568 3351 623 3414 alie
645 3371 679 3413 eu
702 3359 786 3430 parte
808 3351 852 3412 vel
875 3351 996 3412 omnino
1020 3351 1151 3413 diversae
1175 3355 1357 3416 substantiae

126 3476 200 3522 esse
223 3463 370 3536 appareat,
393 3454 483 3516 veluti
505 3473 556 3516 aes
571 3455 687 3533 fulgens
703 3463 730 3514 et
746 3471 859 3526 aurum,
883 3461 1036 3531 argentum
1053 3462 1081 3516 et
1097 3463 1244 3516 aunuum.
1278 3455 1357 3516 llaec

125 3557 278 3639 siquidem
300 3557 415 3618 diversa
439 3564 468 3617 et
488 3556 546 3617 alia
566 3565 653 3635 atque
684 3564 817 3635 separata
846 3565 914 3616 sunt
943 3566 1003 3618 tum
1031 3566 1134 3618 natura
1166 3565 1227 3616 tum
1250 3557 1357 3616 virtute

123 3679 183 3724 nec
205 3677 258 3722 aes
280 3657 434 3737 proprium
456 3656 520 3718 auri
543 3667 605 3731 est,
632 3675 688 3719 nec
713 3656 866 3736 palumbes
895 3676 931 3718 ex
958 3658 1093 3718 columba
1123 3658 1270 3728 nescitum
1303 3657 1356 3718 sed

120 3761 261 3844 quamvis
284 3759 358 3820 baec
378 3767 520 3838 putantur
541 3777 608 3820 esse
631 3756 754 3830 similia,
784 3757 898 3818 diversa
928 3765 1025 3818 tamen
1054 3759 1132 3818 inter
1153 3775 1186 3816 se
1210 3763 1279 3816 suut
1300 3773 1354 3816 oa-

118 3875 198 3928 tura.
246 3860 351 3938 ltaque
374 3859 400 3918 si
419 3858 513 3918 Filius
534 3859 575 3919 ita
598 3877 715 3937 quoque
737 3877 770 3918 se
792 3857 890 3930 babet,
913 3866 977 3918 esto
1001 3875 1049 3918 res
1072 3865 1168 3918 creata
1191 3864 1223 3916 ut
1245 3864 1274 3916 et
1289 3875 1355 3929 nos,

116 3984 182 4028 non
207 3969 311 4024 autem
333 3958 603 4020 consubstantialis.
649 3959 701 4020 Sio
725 3967 821 4018 autem
843 3957 935 4018 Filios
958 3965 1005 4018 est
1028 3956 1171 4030 Verbum,
1202 3955 1353 4033 sapientie,

116 4067 220 4144 imago
243 4059 356 4131 Patris,
379 4059 565 4136 splendorve,
588 4059 694 4120 merito
716 4059 817 4138 utique
833 4056 1094 4120 consubstantialis
1111 4065 1165 4116 est.
1195 4055 1258 4117 Nisi
1275 4057 1352 4118 euim
1366 4079 1441 4120 rem.

115 4165 318 4236 ostendatur,
346 4157 428 4220 illum
451 4179 512 4220 uon
533 4179 569 4222 ex
590 4161 669 4234 Deo,
702 4159 756 4221 sed
777 4169 914 4238 tanquam
937 4175 1081 4235 organum
1103 4165 1207 4219 natura
1229 4167 1259 4218 et
1280 4156 1352 4220 sub-

150 4369 170 4401 r.
191 4351 235 4400 Sic
262 4343 362 4406 neotus.
398 4345 427 4394 Δι
450 4344 474 4393 iu
500 4343 552 4394 aliis
571 4352 594 4394 et
612 4335 716 4394 editiori
802 4344 825 4392 d.
844 4342 961 4392 Perticolo
979 4335 1019 4408 μή
1038 4343 1130 4392 ridetur
1147 4343 1254 4392 addendo
1266 4329 1355 4404 poetri

112 4421 192 4470 deest.
767 4409 802 4457 vel
832 4419 897 4460 certe
923 4411 1096 4460 subaudiendo.
1133 4411 1191 4459 lbid.
1217 4411 1272 4469 llrg.
1302 4398 1353 4452 ‹tet-

767 4487 853 4525 uvore.
