2872 5046
308 218 311 224 ’
341 250 456 294 course
469 235 686 296 monnmimou
701 251 824 296 crusni.
1131 237 1190 304 881

3 423 44 464 s.
97 401 170 480 Ipse
192 417 310 480 quoque
331 399 476 464 Dominus
498 402 552 464 eit:
578 402 650 466 Οοοτ
671 405 790 467 osmerii
803 401 888 484 pibus
905 402 1042 466 homimis.
1086 403 1190 468 Filium
1200 418 1276 462 butt.

23 503 133 564 filium
157 501 289 564 hominis
312 503 418 564 fectum
442 503 527 573 dicit,
556 503 683 566 iudicem
706 523 824 584 quoque
846 505 979 567 rivorum
1003 513 1033 566 et
1054 515 1192 570 mortuo-

2 632 7 666 ι
51 623 91 666 so
114 604 228 682 Regem
255 603 415 664 Dominum
443 611 473 666 et
505 603 598 666 heum
626 623 740 668 verum.
786 605 846 667 Sed
875 607 1008 686 corporis
1037 625 1147 670 nomen
1178 626 1194 668 e

2 706 57 766 iio
91 703 201 774 tollere
229 703 317 765 vultis
346 711 434 782 utque
461 703 493 766 id
521 706 656 785 assequi,
692 713 725 768 ut
746 724 785 767 oe
805 706 882 768 ultro
905 707 1021 770 dicatur
1041 705 1192 770 Christum

2 827 16 868 e
46 805 220 868 hominem.
265 805 332 877 Quo
355 805 482 884 potestis
503 807 603 868 enimn
626 805 741 870 divinas
763 807 932 886 Scripturas
954 809 1050 871 adhuc
1070 807 1193 889 legere?

2 928 23 970 n
36 907 215 970 Matthaeus
229 905 348 988 quidem
361 906 487 969 scribut:
501 907 590 972 Liber
599 909 881 988 peuerotiom'siesu
891 909 1006 972 Christi
1014 911 1076 991 filii
1083 910 1192 991 Dauid,

21 1009 201 1086 Abrohom,
223 1008 350 1070 Ioannes
373 1027 460 1070 vero:
484 1010 522 1071 Im
534 1013 689 1092 principio
705 1023 774 1074 erut
788 1009 923 1082 Verbum,
939 1019 968 1072 et
983 1010 1107 1074 Verbum
1123 1021 1191 1073 erut

8 1112 33 1174 d
60 1109 173 1183 Deum,
197 1122 229 1173 er
247 1108 331 1172 Deus
356 1121 426 1172 eras
441 1109 577 1174 Verbum.
621 1111 751 1173 Verbum
773 1117 871 1174 sutem
893 1109 1026 1172 etDeum
1049 1117 1079 1172 et
1099 1111 1192 1175 hlium

7 1211 47 1273 id
88 1209 118 1272 si
151 1209 269 1272 divisim
297 1209 489 1274 considerare
517 1211 689 1288 nolueritis,
722 1213 781 1274 duo
811 1231 847 1274 ex
874 1219 975 1277 mente
995 1219 1096 1272 vestra
1117 1211 1195 1273 dictu

3 1315 91 1386 eint;
115 1311 164 1372 sin
185 1330 202 1372 a
224 1311 330 1372 divinis
354 1312 451 1376 edocti
474 1313 637 1393 Scripturis
660 1313 859 1388 credideritis,
881 1313 1010 1374 Verbum
1033 1329 1099 1374 cum
1114 1311 1195 1394 Deus

2 1421 36 1476 et
62 1412 161 1474 filium
184 1411 314 1474 hominis
337 1413 444 1476 iactum
468 1433 555 1489 esse3
577 1414 755 1494 agnoscetis,
778 1415 918 1495 quonium
940 1431 1018 1476 unus
1041 1420 1090 1474 est
1106 1411 1195 1474 Chri-

2 1537 14 1578 s
44 1521 83 1576 et
104 1514 202 1588 Dour,
231 1513 282 1592 qui
310 1523 340 1576 et
368 1515 433 1596 ipse
455 1517 546 1578 homo
569 1524 632 1590 est,
659 1524 693 1578 ut
720 1515 828 1595 duplex
849 1514 1030 1597 praedicatio
1053 1513 1117 1576 eius
1140 1512 1195 1575 nd·

5 1627 65 1679 tus
101 1615 188 1678 iooile
215 1615 397 1695 persuadere
424 1626 529 1698 posset
557 1617 622 1680 eius
650 1617 824 1697 passionem
852 1625 882 1678 et
916 1613 1195 1695 impassibilitatem.

12 1735 95 1781 curn
118 1715 189 1778 dicit
209 1716 388 1797 Apostolus:
416 1717 513 1781 Homo
538 1718 679 1782 Christus
701 1718 804 1789 iesus,
833 1721 886 1798 qui
905 1717 985 1779 dedit
1005 1719 1196 1796 semetipsum

5 1823 181 1883 emtionem
198 1835 261 1898 pro
283 1819 380 1889 mobis,
404 1822 458 1899 poi
477 1827 641 1900 estsuper
663 1823 763 1882 omnio
778 1817 860 1882 Deus
884 1818 1054 1888 decredimus
1077 1821 1110 1878 irc
1125 1832 1195 1878 sae-

2 1943 38 1994 o,
67 1919 177 1984 Amen.
221 1917 259 1980 Et
286 1917 323 1980 sd
346 1917 536 1982 Timotheum
559 1919 695 1984 scribens
719 1920 776 1983 uit:
807 1919 923 1983 Memor
946 1927 1009 1982 esto
1031 1916 1194 1979 Dominum

2 2043 58 2084 scm
88 2020 245 2082 Christum
272 2037 312 2082 eo
339 2021 450 2082 semiue
472 2018 574 2082 Dauid
601 2025 816 2084 resurremus
839 2039 857 2082 u
878 2022 1022 2082 mortuis.
1067 2017 1105 2078 Et
1127 2018 1193 2096 ipse

2 2141 73 2184 rum
91 2121 214 2200 inquit:
236 2119 366 2183 Mortem
388 2121 452 2181 eius
474 2124 697 2184 annunciamus
721 2122 813 2184 dcccc
834 2123 945 2182 verrios.

45 2427 102 2486 11.
149 2417 182 2480 Si
210 2417 300 2497 igitur
327 2436 362 2478 ex
390 2416 581 2480 consessione
609 2417 871 2480 consubstantialis
900 2417 997 2480 cernis
1026 2432 1135 2478 nomen
1159 2415 1195 2479 de

3 2525 59 2587 dio
85 2518 191 2583 tollitis
213 2526 243 2581 et
264 2518 460 2594 sententium,
489 2537 564 2598 quoe
587 2519 660 2582 dicit
682 2518 831 2582 Christum
855 2537 924 2582 esse
945 2518 1116 2592 hominem
1144 2524 1196 2580 eut

3 2646 13 2687 r
40 2620 176 2702 emplius
189 2628 326 2682 'mortem
349 2620 414 2685 eius
436 2621 622 2684 ennunoistis
646 2620 742 2684 donee
762 2620 870 2694 reniet,
893 2628 981 2699 etque
995 2621 1025 2682 in
1041 2618 1192 2682 hocScri-

6 2745 61 2788 ras
94 2721 265 2802 abrogatis,
295 2729 346 2784 snt
371 2722 440 2784 iicet
467 2730 593 2784 mortem
617 2721 886 2784 Gonsuhstnntiaiis
909 2719 989 2782 Petri
1018 2728 1048 2782 et
1068 2719 1189 2800 Spiritui

2 2833 65 2889 tcto
107 2824 312 2896 annuncietis,
354 2813 380 2884 si
413 2841 473 2884 non
506 2821 711 2886 confiteamini·
739 2841 805 2886 eum
840 2838 928 2884 carne
958 2838 1079 2902 passum
1113 2837 1276 2894 essenon.

4 2945 56 2988 em
80 2921 182 2984 Petris
210 2931 240 2984 et
262 2922 391 3003 Spiritus
420 2923 515 2986 suncti
541 2922 686 2986 Deitutem
713 2941 851 3004 caperem
878 2921 984 2984 mortis
1012 2940 1081 2984 esse
1108 2920 1190 2982 dice-

29 3043 66 3086 ec
90 3022 225 3086 omnium
245 3023 464 3088 haereticorum
486 3024 657 3105 impiissimi
681 3024 828 3086 evasistis.
871 3022 953 3086 Mors
969 3022 1078 3102 quippe
1093 3020 1192 3083 cernis

2 3123 231 3188 rsubstsntiuiis
254 3123 344 3188 Verbi
366 3143 449 3188 mors
471 3124 535 3187 suit.
579 3124 682 3204 Neque
705 3125 782 3186 enim
805 3124 894 3186 Pater
916 3141 1033 3184 carnem
1056 3121 1190 3202 gestarit,

2 3246 59 3308 pue
85 3223 217 3306 Spiritus
239 3234 369 3301 sanctus,
391 3233 426 3286 ut
446 3225 537 3306 impie
560 3225 749 3288 somniarunt
759 3223 966 3295 Valentiniani,
989 3223 1043 3286 sed
1063 3222 1191 3288 Verbum

2 3349 30 3394 ὀ
53 3329 253 3409 factumest.
297 3325 368 3388 ideo
390 3344 448 3388 nos
470 3325 541 3388 dum
563 3327 739 3389 confitemur
760 3325 855 3388 Derim
878 3332 907 3386 et
928 3323 1079 3387 hominem
1102 3323 1190 3386 Chri·
1300 3405 1306 3416 ι

2 3450 38 3492 nn
64 3445 154 3500 esse,
176 3433 360 3508 nequequam
384 3426 541 3489 divisionis
563 3445 651 3490 reuss
672 3426 751 3489 heeo'
768 3425 909 3498 dicimus,
933 3423 1028 3498 absit,
1052 3423 1105 3486 sed
1127 3442 1187 3504 quo

3 3529 125 3612 ripturis
155 3527 412 3608 obtemperemus,
447 3535 482 3590 ut
507 3528 649 3607 passione
679 3527 744 3589 eius
773 3545 842 3588 vere
871 3533 935 3590 sota
963 3534 994 3588 et
1015 3526 1189 3588 annunciate

2 3651 56 3693 neo
77 3627 177 3690 reniet
198 3629 229 3690 iu
251 3647 340 3691 carne
362 3627 481 3708 quidem
496 3627 584 3692 Verbi
605 3627 778 3708 passionem
800 3635 972 3690 etmortem
987 3627 1189 3698 confiteamur,

2 3780 188 3846 rSeguerisnns
206 3769 275 3831 ὅταν
290 3774 351 3846 λέγῃ
368 3773 467 3846 μόνην,
483 3795 551 3832 cneo·
603 3781 701 3832 tichier.
715 3779 852 3898 etigichm.
865 3771 912 3838 hii
932 3766 981 3828 cdv
996 3777 1029 3844 τῇ
1048 3769 1190 3858 ὁμολογίᾳ.

3 3869 28 3903 e.
602 3847 677 3898 Penio
695 3854 752 3912 post
787 3861 867 3910 egnes.
886 3838 902 3906 ἢ
922 3839 954 3894 τό
971 3861 1016 3912 pro
1033 3858 1078 3894 και
1095 3859 1137 3893 το.

3 3935 12 3972 ’,
33 3910 201 3982 ἀντίλυτρον
217 3914 286 3964 deest
303 3915 326 3965 in
337 3915 437 3978 Seguor.
451 3915 549 3968 Gohler.
636 3918 654 3966 i.
672 3915 797 3964 basilicus.
814 3909 1044 3978 καταγγέλλοντος
1059 3906 1130 3962 κατὰ
1141 3911 1190 3962 τοῦ
1226 3965 1230 3973 ,

2 3989 106 4037 ieiehrn.
119 3984 152 4045 1,
170 3983 213 4032 sed
231 3981 333 4032 hahetur
351 3983 374 4031 in
393 3982 446 4031 eiiii
465 3983 549 4034 inedi·
601 3976 759 4050 dpeooooioo.
795 3982 895 4044 Segcer.
907 3983 1004 4032 Gohier.
1015 3982 1154 4032 stieichm.
1166 3982 1189 4030 i.

6 4071 35 4104 ue
54 4063 79 4103 et
97 4054 121 4102 in
142 4053 234 4102 Grseco
253 4049 392 4114 Scriptores
412 4057 483 4100 textu.
519 4043 550 4100 δέ
599 4045 827 4114 καταγγέλλοντες
843 4041 1062 4116 τοῦὂμοοοσίου,
1075 4043 1113 4115 μὴ
1125 4041 1190 4114 ὃμο-

4 4133 12 4172 ι
30 4115 163 4189 Τιμοθέῳ
182 4118 290 4168 deestis
309 4118 404 4168 iisdem.
599 4113 656 4184 toy.
678 4118 704 4167 ln
722 4118 806 4166 eodem
819 4131 873 4167 mox
886 4111 936 4166 τὸν
948 4110 1067 4184 χριστόν
1079 4117 1155 4165 deest.

3 4213 13 4238 r.
31 4191 72 4240 Sic
89 4190 191 4252 Segnsr.
210 4184 348 4237 Gobicrisn.
368 4193 392 4235 et
409 4184 513 4234 Feichm.
526 4184 548 4235 i.
633 4201 656 4248 g.
676 4185 710 4235 its
722 4180 759 4250 [il
770 4185 870 4248 Sernes.
890 4185 988 4238 Gobier.
1006 4194 1030 4236 et
1046 4184 1151 4234 Febrim.
1166 4181 1188 4231 1.

3 4259 18 4308 ti
45 4265 68 4308 et
92 4256 132 4306 eiii
157 4247 255 4310 πάλιν,
275 4245 355 4318 φησί.
393 4253 445 4302 itur
464 4267 549 4303 omnes
599 4253 661 4304 diditi
679 4245 819 4318 γεγόνατε.

2 4316 412 4388 εωοοοεοτίροίκοτταγγέλλομεν,
432 4319 489 4372 editi
502 4333 549 4368 rtu-
634 4323 657 4373 h.
675 4319 748 4371 bssii.
766 4311 845 4385 ἄχρις
863 4309 989 4388 ἂνέλθῃ.
1025 4319 1096 4378 Sego.
1114 4313 1187 4378 penio

2 4385 180 4457 νγελλόμενοτ.
217 4389 270 4440 hiox
288 4389 345 4440 editi
356 4397 378 4440 st
388 4389 484 4454 quidum
495 4403 548 4439 ms·
599 4396 655 4453 post
680 4379 869 4455 ὁμολογοῦμεν
892 4395 917 4438 st
939 4401 994 4437 mox
1011 4373 1183 4446 πιστεύομεν.

2 4459 80 4520 scripti
97 4466 124 4509 nt
140 4459 164 4508 in
182 4464 255 4509 texto.
281 4457 372 4522 inglic
390 4472 456 4520 rsro,
473 4457 546 4522 Sego.
598 4455 690 4508 ibidem
707 4457 781 4508 Besit.
795 4455 893 4517 Segncr.
906 4455 1002 4506 Gobter.
1013 4449 1151 4526 etieicim.
1164 4450 1186 4501 i.

2 4541 123 4586 trusnssrr
134 4551 187 4587 err.
198 4553 270 4588 hocs.
284 4554 333 4588 ιιι.
950 4535 984 4586 bb
