3176 5058
458 319 988 381 urrsrouossscrenrrsmonrsn.
1273 315 1331 378 toi

114 471 287 554 biennium
319 472 352 534 in
380 469 507 552 epistola
534 490 589 534 suu
614 471 743 545 dixisse,
765 491 840 553 opus
867 483 897 536 et
923 493 987 538 rem
1009 476 1116 538 laetam
1138 493 1206 538 esse
1228 475 1419 542 Flliumran.
1575 393 1576 482 b

112 572 176 644 llei,
197 591 258 636 uon
281 581 385 636 natura
407 571 573 652 proprium,
595 573 649 638 scd
671 573 798 638 ebenum
813 594 830 637 a
844 575 930 639 Patre
946 575 1110 638 secundum
1124 575 1334 654 substantium,
1540 589 1554 600 ·

1575 797 1576 874 l

113 673 207 752 qualis
236 682 282 736 est
302 671 431 751 agricola
453 690 470 733 a
495 671 555 734 vite
584 673 716 736 otiabar
737 693 753 736 a
776 675 901 754 scapha,
928 677 1035 740 etenim
1064 695 1130 740 cum
1152 677 1194 741 sit
1214 696 1264 742 res
1286 679 1333 742 n·-

110 781 168 848 ota‚
190 791 253 836 nou
276 780 340 835 erat
360 780 518 852 antequam
538 773 632 838 lieret.
675 775 771 836 Etiam
792 777 930 855 scripsit3
952 777 1098 840 eiusmodi
1120 777 1199 842 illius
1215 779 1333 862 episto·

110 873 169 936 lam
192 891 261 936 csse
284 881 314 935 et
334 891 391 934 uos
414 873 491 936 cultro
513 875 650 936 latemur.
692 874 752 937 Sed
774 883 807 936 ut
828 875 904 938 bauo
924 877 1053 955 scripsit,
1074 879 1114 940 ita
1135 888 1166 942 ct
1179 879 1250 943 alias
1261 879 1332 960 plu-

112 973 203 1034 umas
227 973 584 1054 conscripsitssepistolas,
615 992 688 1054 quas
711 974 798 1036 ctiam
821 973 858 1036 ab
879 973 937 1036 illis
959 975 1050 1038 lectas
1071 979 1218 1056 oportuit,
1241 989 1274 1044 ut
1295 999 1332 1044 ex

111 1072 268 1147 omnibus,
299 1091 360 1136 nou
393 1093 428 1136 ex
458 1075 544 1136 unica
576 1063 722 1137 duntaxat
747 1074 897 1156 explorata
925 1075 980 1136 viri
1009 1075 1083 1138 tides
1110 1087 1197 1142 essct.
1244 1080 1331 1146 Fabri

110 1174 381 1256 namqueperitia,
414 1175 463 1254 qui
486 1174 592 1238 multas
616 1177 751 1238 triremes
773 1175 934 1248 exstruxit,
966 1195 1026 1238 non
1048 1195 1083 1238 ex
1105 1177 1200 1250 unica,
1223 1180 1276 1242 sed
1297 1199 1333 1246 sa

110 1275 252 1338 omnibus
273 1275 361 1338 simul
382 1276 572 1342 aestimanda.
616 1276 650 1338 Si
672 1277 762 1355 igitur
782 1275 957 1357 simpliciter
978 1286 1010 1339 ut
1031 1277 1119 1339 iidem
1142 1295 1226 1340 suam
1241 1297 1334 1359 expo-

110 1394 189 1438 nens
211 1376 287 1438 banc
307 1395 394 1457 quam
416 1378 518 1440 dicunt
539 1377 660 1456 scripsit
682 1377 853 1456 epistolam,
876 1387 927 1440 aut
948 1378 974 1440 si
997 1378 1073 1440 banc
1093 1395 1181 1441 onam
1204 1378 1334 1459 scripsit,

111 1487 251 1540 accusent
278 1495 345 1540 eum
373 1497 428 1558 pro
449 1478 588 1552 libidinc3
617 1497 718 1540 uerum
741 1478 850 1558 quippe
873 1497 908 1539 eo
932 1497 1003 1540 casu
1025 1479 1158 1559 suppetit
1177 1479 1335 1544 aemsautli

113 1587 325 1658 argumentum.
370 1579 457 1652 Quod
485 1579 513 1642 si
535 1579 679 1660 temporis
702 1587 733 1641 et
752 1597 900 1659 personae
921 1580 996 1642 ratio
1019 1597 1086 1642 eum
1109 1579 1146 1642 ad
1168 1580 1236 1642 talio
1257 1581 1335 1646 scri-

109 1680 204 1742 benda
226 1679 381 1760 compulit,
413 1679 545 1760 aliasque
565 1679 759 1760 postmodum
781 1679 900 1761 scripsit
922 1680 1063 1760 epistolas
1085 1681 1122 1742 ad
1145 1699 1210 1742 eam
1231 1681 1333 1760 suspi-

108 1780 225 1845 cionem
247 1781 457 1855 amoveodam,
480 1799 542 1842 non
565 1781 678 1853 demrit,
702 1781 823 1844 omissis
845 1779 992 1842 scribendi
1016 1781 1113 1844 causis
1135 1781 1198 1842 viro
1220 1791 1333 1844 mmcrc

109 1881 249 1944 invidiam
271 1882 409 1954 conflare,
433 1891 524 1946 utne
545 1881 698 1944 videantur
719 1881 759 1945 nil
781 1881 839 1944 nisi
860 1880 979 1944 voculas
1002 1880 1157 1960 aucupari,
1178 1883 1331 1946 veritatem

110 1989 211 2044 autem
238 1999 313 2061 quae
341 1982 372 2044 in
399 1982 464 2044 aliis
496 1982 562 2046 eius
589 1981 726 2063 epistolis
753 2001 821 2044 sese
846 1983 948 2064 prodit
968 1981 1213 2062 praetermittere.
1257 1983 1331 2046 Nam

110 2092 142 2146 et
172 2081 296 2162 agricola
325 2083 458 2146 eiusdem
489 2083 609 2164 generis
638 2081 762 2145 arbores
790 2082 862 2144 alias
891 2083 947 2145 alio
977 2084 1065 2146 modo
1086 2102 1142 2164 pro
1165 2083 1332 2162 praesentis

110 2183 168 2250 soli
190 2183 305 2246 ratione
327 2184 411 2260 colit;
433 2203 490 2246 nec
510 2185 578 2265 quis
600 2183 681 2248 illum
705 2203 741 2246 co
763 2184 884 2246 nomina
905 2193 1018 2264 arguet,
1041 2183 1120 2264 quod
1135 2185 1330 2264 baucampu-

107 2289 161 2360 tet,
183 2285 226 2347 illi
247 2304 316 2348 vero
340 2285 492 2348 surculum
513 2285 634 2358 inserat,
658 2283 746 2346 istam
767 2284 889 2364 plantet,
911 2285 997 2346 aliam
1020 2283 1132 2357 evellat,
1156 2283 1209 2344 sed
1230 2283 1331 2364 potius

106 2405 177 2448 cum
208 2403 327 2448 causam
361 2385 511 2461 didicerit,
543 2385 653 2448 variam
685 2385 816 2446 hominis
850 2385 987 2464 peritiam
1015 2382 1179 2445 mirabitur.
1232 2384 1334 2462 ltaque

110 2485 172 2546 nisi
195 2485 291 2546 obiter
314 2485 377 2546 eiua
400 2486 509 2566 scripta
530 2485 669 2565 legerint,
699 2485 843 2567 epistolae
864 2493 1071 2564 argumentum
1092 2481 1223 2544 indicent
1242 2482 1333 2559 mihi;

110 2583 182 2646 binc
210 2584 288 2646 enirn
317 2604 420 2648 eorum
447 2587 589 2662 calumnia
609 2587 817 2670 propositique
837 2586 967 2666 pravitas
990 2591 1141 2664 comperta
1163 2581 1228 2646 erit.
1273 2583 1330 2645 Ce-

110 2694 205 2748 terum
227 2687 293 2766 qrria
317 2688 362 2751 vel
384 2687 522 2768 ignorant
541 2690 586 2752 vel
607 2689 739 2752 indicare
761 2687 956 2764 erubescunt,
984 2703 1042 2747 nos
1064 2703 1201 2746 enomere
1221 2702 1329 2748 neces·

110 2804 177 2848 sum
199 2797 253 2850 est.

198 3293 226 3354 5.
277 3289 311 3352 lu
344 3288 496 3370 Pentapoli
531 3287 696 3368 superioris
725 3287 835 3369 Libyae
865 3289 981 3368 quidam
1013 3290 1229 3370 Episcoporum
1262 3293 1332 3348 tunc

109 3391 254 3470 temporis
276 3409 342 3453 cum
366 3389 495 3453 Sabellio
516 3389 699 3464 sentiebant,
722 3397 892 3470 tantumque
914 3391 978 3455 suis
1001 3389 1177 3454 commentis
1197 3386 1329 3449 invalue-

108 3499 194 3564 rant,
222 3501 256 3552 ut
280 3491 329 3554 rix
356 3491 431 3554 oltra
452 3491 545 3553 Filius
565 3491 619 3552 llei
648 3491 678 3552 in
700 3489 841 3554 Ecclesiis
868 3493 1097 3572 praedicaretur.
1141 3489 1196 3552 llei
1223 3488 1331 3550 certior

109 3594 207 3654 lactus
227 3592 396 3673 Dionysius,
419 3593 467 3655 cui
489 3609 590 3656 earum
612 3609 682 3654 eura
704 3591 901 3656 Ecclesiarum
923 3591 1126 3668 incumbebat,
1149 3589 1238 3654 mittit
1259 3607 1329 3651 sua·

106 3779 130 3829 3.
151 3791 225 3828 anon.
244 3769 339 3844 itique
356 3768 457 3830 ittae
473 3811 479 3823 ·
498 3810 504 3824 ·
524 3769 570 3826 xci
594 3771 697 3825 δεῖκαὶ
748 3779 793 3828 rin.
813 3777 881 3828 Colb.
902 3777 946 3826 les.
966 3778 1003 3826 Fr.
1018 3777 1035 3826 l.
1054 3784 1078 3826 et
1086 3775 1191 3826 Felclm.
1207 3773 1230 3824 3,
1249 3787 1330 3832 anon,

104 3840 229 3898 androco.
268 3843 320 3893 llos
338 3845 402 3894 idam
420 3838 466 3892 acl
481 3838 519 3911 pn}
537 3839 633 3910 μόνον.
748 3847 787 3907 qui
807 3854 946 3908 postremas
964 3845 1001 3894 sic
1019 3844 1104 3892 bobet:
1128 3835 1159 3890 τὸ
1177 3837 1330 3888 nolcnccael·

140 3931 161 3964 c.
182 3913 285 3961 Tauria.
310 3911 380 3960 Cclb.
405 3911 452 3961 les.
471 3913 508 3961 Fr.
525 3912 544 3963 l.
571 3903 586 3972 ἧ
605 3907 697 3964 πίστις
746 3903 1008 3977 λοντῆςίπιστήμης
1024 3901 1330 3958 lanerrondletomissis

101 3977 232 4047 γνωσθ’.
272 3978 376 4028 rateto.
396 3976 421 4027 3.
444 3993 515 4029 anon.
541 3978 696 4058 γνωρισθῇ.
747 3979 829 4028 multis
856 3980 886 4028 de
905 3993 980 4028 more.
1016 3978 1067 4028 llor
1093 3977 1149 4038 lleg.
1169 3975 1265 4026 Tauria.
1285 3975 1330 4025 les.

104 4052 170 4099 lnsrr
189 3995 256 4097 ib'ern
278 4037 292 4104 ἦ
312 4037 411 4092 τούτου
426 4041 505 4110 τέχνη
524 4043 695 4112 pomptinae.
747 4045 785 4096 rr.
797 4047 814 4095 l.
832 4043 890 4098 coir
906 4037 1077 4112 γράμμασιν.
1114 4043 1175 4093 deliti
1200 4059 1255 4092 vero
1273 4041 1332 4096 τοῖς

59 4163 64 4176 ,
103 4115 179 4166 l'aolo
199 4121 259 4179 post
278 4112 341 4162 illem
359 4103 483 4177 ἢμόνον
501 4107 610 4192 egeritur.
746 4105 968 4179 συγγράμμασιν.

476 4173 483 4190 Q
563 4173 571 4192 Ι
677 4171 685 4191 Ι

136 4185 161 4236 d.
178 4181 266 4234 rotet.
286 4177 309 4230 3.
327 4194 399 4230 soon.
421 4193 485 4247 περι
503 4195 542 4228 ων
558 4193 697 4230 commee-
782 4182 798 4230 l.
817 4181 858 4229 Sic
877 4183 932 4240 ltep.
958 4187 982 4228 et
1006 4177 1077 4228 edili:
1102 4177 1144 4226 sed
1168 4175 1265 4252 laisein.
1284 4175 1330 4224 les.

101 4252 149 4310 θη,
169 4245 200 4298 u'
215 4237 333 4304 aaaron·
355 4240 402 4296 καὶ
423 4239 479 4314 γὰρ
496 4242 543 4295 καὶ
558 4238 696 4316 γεωργός·
748 4255 772 4296 et
790 4247 827 4298 rr.
839 4247 857 4296 l.
875 4242 971 4310 λέγειν,
990 4235 1141 4312 ἀναγκαῖον
1159 4235 1330 4310 apiscendo.

101 4317 203 4371 omissis
223 4313 386 4365 intermediis.
782 4330 804 4376 g.
823 4315 921 4363 Tauria.
940 4312 1008 4363 Colb.
1028 4313 1073 4363 les.
1093 4313 1131 4362 Fr.
1144 4311 1163 4360 l.
1182 4319 1205 4359 et
1226 4309 1331 4358 Felelro.

137 4401 159 4435 e.
185 4383 296 4434 l’alclsm.
321 4379 345 4429 3.
370 4395 441 4430 anon.
468 4371 503 4428 ἄν
534 4394 576 4434 τις
601 4370 695 4436 abeto,
748 4379 772 4429 3.
793 4380 1043 4433 incameratam.
1078 4379 1126 4428 Sed
1144 4379 1202 4427 editi
1220 4384 1245 4424 et
1263 4375 1331 4424 eodi-

103 4443 170 4502 ἀλλὰ
195 4443 243 4503 καὶ
274 4443 382 4514 μᾶλλον
411 4448 509 4498 omissis
538 4448 696 4511 interpositis.
748 4461 789 4498 cea
809 4440 1163 4510 superunctionem,
1184 4437 1332 4506 qoossequi

105 4519 169 4572 inira
185 4525 244 4586 post
262 4509 390 4566 ποαίλον
407 4515 476 4568 deest
493 4506 579 4566 αὐτοῦ
596 4517 621 4566 ia
632 4515 696 4566 'leu-
746 4515 824 4564 risum
842 4521 888 4576 ost,
907 4515 963 4580 qula
983 4513 1037 4564 aliis
1056 4517 1187 4577 praestant
