3212 5060
590 263 700 310 nntrto
716 265 760 312 nr.
777 265 892 314 eonrnt
906 266 1043 316 munos.
1344 261 1419 326 499⁴

175 435 272 492 „osse
294 411 497 480 concluditis?
520 411 674 494 Siquidem
694 433 819 480 neeesse
840 425 898 492 eet,
921 419 967 482 rel
987 437 1044 484 noe
1066 419 1155 484 etism
1171 431 1294 490 netum
1307 425 1494 496 neonem.

177 517 345 598 „proprios
368 535 447 589 esse,
470 514 516 578 rel
537 513 618 580 illurn
637 515 767 582 ellennnt
789 536 867 591 osse,
890 519 979 584 sicuti
999 539 1057 586 nos
1078 521 1167 586 alieni
1189 532 1327 590 sumus.“
1360 527 1407 592 En

178 639 253 699 quse
275 619 317 682 illi
338 617 487 682 ebutium.
530 615 594 696 ligo
623 635 694 680 vero
721 619 795 682 nibil
817 620 896 682 aliud
918 623 948 684 in
971 630 1051 686 tonte
1072 623 1192 690 illorum
1213 627 1408 706 perversitete

178 720 329 802 perspicio
359 727 478 800 praeter
505 717 842 784 ineensiderutissimem
866 723 1061 786 temeritatem
1092 725 1325 808 diabolicamque
1351 729 1417 796 de-.

179 823 331 886 mennam.
366 819 509 886 Videntur
532 819 611 884 enim
632 821 760 902 perinde
781 839 815 884 eo
836 821 972 886 diabolus
987 823 1101 888 didere:
1123 827 1158 888 lu
1172 829 1283 894 eoelum
1298 839 1407 896 odoen-

179 923 296 998 demus,
319 921 431 988 similes
453 922 599 986 altissimo
620 922 755 998 erimue3
778 922 888 1004 quippe
909 923 960 1004 qui
982 945 1025 1000 en,
1049 946 1124 1006 queo
1145 929 1236 1008 gratis
1259 931 1409 996 donentur

180 1022 363 1098 bominibus,
386 1025 524 1088 donantis
546 1024 690 1088 divinitati
713 1023 803 1088 velint
826 1043 895 1087 esse
910 1025 1052 1106 nequalia.
1086 1027 1161 1100 Quin
1177 1029 1255 1094 enirn
1270 1031 1407 1098 bomiuee

180 1125 260 1187 lilios
283 1125 424 1206 appellari
446 1125 615 1199 audierunt,
637 1145 671 1188 se
692 1124 782 1188 etiem
804 1145 876 1188 nero
900 1136 930 1189 et
951 1126 1078 1190 naturali
1100 1127 1160 1190 lilio
1183 1130 1318 1208 aequales
1340 1153 1408 1200 osse

178 1226 315 1290 arbitrati
336 1235 424 1302 sunt,
452 1227 503 1308 qui
525 1227 616 1291 iidem
637 1226 685 1290 bis
707 1227 870 1292 Salvatoris
893 1229 992 1292 verbis
1021 1229 1148 1293 auditis:
1172 1240 1209 1294 ιιι
1229 1236 1293 1296 niet
1312 1253 1409 1299 ιιιιιιιιι

179 1333 262 1392 simet
284 1341 315 1392 ιι
336 1347 408 1402 nos,
438 1347 472 1392 se
499 1329 605 1392 iterum
634 1328 801 1410 decipiunt,
832 1329 934 1410 sieque
954 1330 1072 1412 seipsos
1094 1332 1211 1398 tuturoe
1233 1351 1301 1396 esse
1322 1345 1410 1398 ιιιιο-Ι

180 1438 287 1508 gauter
309 1429 492 1504 existiment,
515 1438 548 1492 ut
569 1430 662 1494 Filius
684 1431 714 1492 in
736 1430 825 1514 Patre
846 1440 875 1494 et
895 1431 984 1494 Peter
1006 1431 1036 1494 in
1057 1431 1133 1494 Vilio
1154 1441 1212 1507 eet,
1234 1450 1291 1498 nen
1310 1443 1422 1518 etten-¹

122 1557 124 1566 v
181 1531 257 1593 dunt
276 1530 450 1594 huiusmodi
469 1531 679 1612 cogitationem
701 1551 821 1596 cousom
842 1551 929 1596 casus
951 1541 982 1596 et
1003 1531 1106 1596 mdnee
1129 1533 1176 1598 sni
1190 1535 1284 1615 petris
1299 1533 1409 1600 dioboli

181 1631 286 1696 tuisse.
941 1695 945 1702 .

270 1735 319 1798 18.
365 1733 483 1812 ltaque,
507 1741 540 1796 ιιι
560 1753 651 1814 saepe
674 1734 818 1807 diximus,
841 1735 866 1796 si
889 1715 943 1798 Dei
966 1735 1095 1800 Verbum
1116 1735 1195 1800 idem
1217 1755 1254 1798 no
1272 1753 1331 1802 noe
1351 1746 1409 1813 eet,

179 1835 311 1914 nihilque
333 1854 351 1896 s
371 1835 459 1898 nobis
481 1835 581 1898 differt
599 1835 660 1898 nisi
682 1835 747 1898 solo
776 1843 927 1916 tompore;
956 1855 1011 1918 per
1037 1836 1191 1911 molinet,
1220 1847 1286 1902 esto
1308 1839 1408 1903 nostri

179 1935 299 2010 sirtille,
323 1937 509 2020 eundemque
529 1937 628 2012 locum
651 1937 736 2018 apud
751 1937 868 2000 Patrem
891 1947 1027 2019 oecnpet,
1049 1958 1136 2022 quem
1155 1959 1212 2006 nee
1227 1941 1409 2028 obtinemus,

181 2056 238 2100 nee
259 2039 427 2118 unigenitus
451 2059 507 2102 neo
528 2040 627 2103 solum
650 2040 777 2103 Verbum
801 2041 846 2102 rel
867 2041 964 2103 Patris
987 2040 1136 2120 Sapientia
1158 2043 1331 2121 appelletur,
1353 2045 1410 2108 sed
1458 2076 1460 2080 ¹

180 2139 260 2204 idem
283 2161 401 2222 quoquo
423 2141 511 2204 uobis
534 2141 675 2204 omnibus
698 2148 731 2202 ut
752 2149 822 2219 pote
845 2140 993 2202 similibus
1008 2142 1187 2203 concedatur
1200 2159 1320 2206 nomen.
1353 2143 1411 2205 Per

180 2244 263 2306 enim
285 2251 331 2304 eet
350 2244 457 2306 horum
481 2261 638 2304 commune
653 2259 723 2302 esse
738 2258 858 2332 nomen,
880 2258 1007 2320 quorum
1022 2259 1081 2302 uno
1095 2249 1142 2302 est
1156 2247 1279 2324 nature,
1294 2243 1411 2304 etiemsi

180 2341 279 2406 betete
299 2344 378 2404 inter
400 2363 434 2406 se
455 2343 605 2404 different.
640 2341 717 2402 ilino
737 2341 829 2404 homo
852 2339 1016 2412 estddem,
1038 2340 1129 2402 horno
1142 2339 1279 2404 similiter
1292 2341 1411 2417 l’nulus,

182 2445 274 2506 bomo
297 2444 368 2506 item
398 2443 450 2525 qui
480 2443 571 2506 modo
605 2442 751 2522 gignitur,
783 2415 839 2504 nde
869 2441 1030 2504 intervallis
1062 2449 1229 2521 temporum
1262 2442 1412 2506 immutari

179 2527 284 2627 potest
305 2545 409 2607 netura‘
430 2545 557 2626 generis.
603 2541 749 2618 Quocirca
772 2544 799 2606 si
821 2543 910 2607 etiam
933 2542 1000 2604 solo
1023 2551 1158 2623 ternpore
1171 2563 1189 2607 ι
1203 2543 1291 2607 nobie
1313 2545 1414 2610 differt

183 2645 328 2722 Verbum,
363 2666 488 2710 neoesee
521 2647 643 2711 omnino
672 2654 719 2710 est
745 2665 803 2708 uos
832 2645 945 2709 similes
974 2645 1038 2708 eius
1060 2664 1139 2708 esse.
1183 2645 1292 2710 Verum
1312 2665 1500 2726 nequem,

182 2767 241 2812 nos
273 2748 400 2811 Verbum
429 2758 480 2812 out
501 2749 651 2830 Sapientis
682 2767 804 2822 sumus,
838 2767 934 2827 neque
961 2747 1090 2809 Verbum
1123 2756 1254 2810 mertum
1285 2756 1333 2814 est
1361 2755 1414 2810 out

183 2853 303 2912 tactum.
347 2851 485 2930 Alioquin
506 2851 534 2914 si
555 2869 661 2914 omnes
684 2869 720 2912 ex
741 2869 801 2912 uno
823 2849 892 2910 laeti
921 2866 1041 2920 snmus,
1075 2867 1166 2927 quere
1192 2847 1292 2928 ipsunt
1313 2848 1411 2914 sotum

184 2957 235 3011 est
255 2948 407 3012 Verbum?
430 2949 492 3010 Sed
513 2951 539 3011 si
560 2950 629 3012 telin
652 2969 706 3012 eos
728 2947 810 3028 loqui
826 2947 921 3020 deeet,
943 2965 999 3010 nos
1016 2955 1095 3010 eerte
1110 2947 1228 3010 illorum
1244 2948 1411 3028 impietates

185 3051 233 3112 rel
255 3050 351 3112 solum
374 3051 505 3130 eogitere
527 3051 659 3113 dedeeet.
691 3050 756 3112 Etsi
778 3067 850 3111 vero
872 3047 946 3110 nibil
968 3067 1045 3128 opus
1068 3054 1115 3109 est
1128 3046 1219 3108 serbe
1239 3048 1288 3110 iile
1309 3048 1418 3110 emto-

185 3152 252 3214 sius
275 3151 457 3232 expendere,
486 3170 551 3216 αιιιι
579 3161 638 3214 mm
660 3159 762 3231 operte
784 3150 857 3212 nibil
878 3148 937 3211 nisi
958 3150 1040 3228 pium
1063 3147 1245 3228 significent,
1274 3155 1413 3228 metente

183 3252 225 3314 sit
247 3259 351 3316 nostra
375 3253 466 3327 lides3
493 3259 526 3316 nt
547 3263 646 3315 temen
667 3253 737 3316 inde
760 3252 848 3314 etiem
871 3249 980 3330 impios
1002 3249 1069 3312 illos
1090 3268 1161 3313 erse
1182 3257 1336 3332 appareat,
1358 3268 1414 3330 age

184 3371 223 3416 ex
244 3353 303 3415 boo
324 3355 391 3434 ipso
413 3354 480 3417 loon
502 3354 644 3429 breviter,
666 3363 701 3416 ιιι
722 3373 739 3415 s
760 3350 897 3415 Patribus
921 3352 1016 3413 edooti
1039 3369 1155 3424 sumus,
1177 3369 1282 3414 eorum
1303 3352 1412 3416 heere·

185 3454 243 3518 sim
265 3455 393 3518 refutare
414 3475 453 3518 ne
474 3475 641 3538 gravemur.
684 3455 749 3519 llos
777 3461 826 3518 est
852 3453 967 3516 divinoe
993 3453 1164 3533 Scripturas
1191 3471 1240 3516 ree
1262 3452 1412 3520 naturales

179 3733 298 3824 χόνοις
315 3743 436 3807 iidemque
454 3749 478 3790 et
495 3742 773 3793 deuteronomos.
832 3795 833 3799 ,
859 3741 875 3790 i.
901 3741 1004 3804 Uterque
1024 3739 1080 3801 lteg.
1099 3746 1122 3789 et
1140 3739 1244 3790 Velolm.
1261 3739 1285 3791 b.
1295 3731 1413 3792 ἀκούειν.

187 3827 206 3859 or
245 3803 309 3859 ’λων
326 3804 504 3875 διαφέρωσιν.
527 3809 572 3860 Alii
582 3819 606 3860 et
615 3810 672 3860 editi
690 3801 715 3860 el
730 3803 776 3858 stol
825 3808 872 3858 ttii
890 3817 914 3858 et
931 3809 987 3858 editi
1004 3802 1099 3871 urere.

186 3877 247 3931 soie
299 3869 373 3932 ὄνοις
390 3867 511 3934 ἀλλήλων
527 3871 717 3942 διαφέρουσιν.
862 3876 883 3924 ιι.
908 3875 948 3926 Sin
972 3875 1028 3937 lleg.
1054 3873 1077 3925 l.
1095 3882 1119 3924 et
1135 3873 1236 3937 Seguer.
1270 3875 1297 3926 lt
1314 3875 1371 3938 lieg.
1390 3873 1415 3928 ².

222 3961 246 4009 g.
259 3892 297 3995 ὗς
311 3945 350 3996 irie
368 3953 391 3996 et
409 3958 464 3994 mox
477 3953 534 4008 post
550 3935 698 4012 ἄνθρωπος
710 3945 779 3994 deest
827 3935 872 3991 καὶ
890 3931 915 3990 εἶ
932 3932 1002 3990 οὐδέ.
1040 3943 1084 3990 ttii
1108 3949 1132 3991 et
1153 3942 1210 3992 editi
1232 3936 1415 4008 βλαςφιιμιας.

185 4015 213 4064 ie
233 4015 331 4065 Gobler.
349 4021 373 4064 ιι
391 4013 496 4062 Felolm.
517 4012 538 4061 1.
830 4000 893 4058 οὐδὲ
909 4002 1137 4076 πιριεργάζεσθιι
1154 4017 1199 4058 eto.

223 4081 321 4146 bileg.
343 4082 364 4130 l.
382 4090 406 4130 et
423 4081 495 4142 Sego.
512 4079 614 4144 κτίσμα
631 4069 647 4138 ἢ
664 4073 778 4144 ποίημα.
864 4077 880 4126 ι.
906 4077 946 4125 Sir
965 4077 1054 4139 Regi.
1073 4075 1417 4139 SegmdoblerrotVeielrm.

187 4149 251 4200 Editi
271 4157 293 4200 ιι
311 4149 351 4200 elii
368 4139 526 4214 anteposui
542 4142 656 4213 ποίημα.
684 4147 775 4211 ibidem
828 4144 851 4194 l.
886 4149 914 4194 tt
937 4144 977 4193 olii
1001 4151 1024 4194 ιι
1048 4145 1105 4194 editi
1127 4141 1328 4206 omitmetdelg.
1363 4143 1416 4192 ttox

189 4226 291 4281 uterque
316 4218 374 4279 lieg.
399 4225 422 4268 et
445 4215 546 4278 Seguer.
572 4207 630 4264 lust
653 4208 730 4264 droti
752 4206 779 4263 oi
828 4219 883 4261 ento
908 4203 1015 4265 εἰκόνας
1043 4213 1065 4262 in
1096 4213 1202 4264 editione
1232 4209 1350 4262 Commel.
1376 4200 1417 4260 ele

185 4276 297 4336 nosue
335 4283 439 4334 Felelm.
465 4281 489 4333 2.
516 4292 540 4334 et
562 4283 634 4334 editio
659 4283 778 4334 Commel.
829 4281 904 4330 deest.
940 4280 1029 4329 Eodem
1054 4280 1127 4332 editio
1149 4295 1205 4330 eum
1223 4294 1281 4330 mer.
1298 4278 1416 4337 liemon-

186 4345 248 4401 ἔπει
271 4345 347 4400 διαῐὶ
369 4343 401 4401 οὗ
424 4345 530 4405 πάντες.
566 4353 626 4404 Ιιιιιι
645 4351 703 4402 ibid.
722 4351 779 4413 lleg.
830 4347 925 4408 eundo,
943 4347 1041 4399 Gobler.
1060 4356 1084 4398 et
1099 4348 1207 4400 teleto.
1226 4347 1249 4396 l.
1267 4342 1332 4421 ιιι.
1348 4335 1420 4416 lupt-

194 4419 214 4468 1.
234 4427 258 4470 et
274 4421 373 4482 Segeer.
391 4412 420 4469 bt
438 4417 487 4468 reri
504 4412 569 4474 ἑνός.
617 4419 663 4470 dlii
682 4429 706 4470 ιι
722 4419 780 4469 editi
830 4409 914 4479 βάνιι.
939 4416 994 4478 lleg.
1016 4415 1036 4466 l.
1055 4429 1111 4466 toro
1130 4415 1230 4476 Seguer.
1244 4407 1421 4470 Restitnglre.

188 4479 239 4533 dede
256 4484 305 4536 rod
322 4479 389 4540 tute.
714 4525 716 4530 .
832 4491 856 4536 et
873 4483 976 4544 letetur.
996 4485 1019 4534 5.
1037 4474 1194 4548 inopom.
1422 4475 1427 4488 '

1160 4561 1215 4613 ³2*
