3176 5058
232 273 273 336 62
631 286 657 328 s.
672 285 826 329 ιτιωυιεειι
841 283 1062 328 κοτυιεειεεοει

146 437 322 516 nrm-3205,
346 427 415 500 ἀλλ’
440 429 485 512 ὡς
508 429 646 519 ὄργανον
668 431 843 520 έτεροφυές
856 434 910 498 καὶ
925 430 1132 519 έτεροούοιον
1148 431 1321 512 δείκνυται,
1344 433 1457 512 καλῶς

230 534 294 624 ἀρα
314 531 334 624 ή
358 534 496 612 σύνοδος
519 533 643 620 έγραψε
664 536 717 600 καὶ
740 533 886 621 νενόηκεν
909 527 1031 618 ὀρθῶς.

314 643 366 703 24.
406 629 596 722 Ἐξῃρήσθω
620 635 654 701 δέ
676 633 778 700 πάλιν
801 634 835 702 έν
856 633 987 712 τούτοις
1007 635 1093 711 Ιπάς
1121 632 1277 719 λογισμὸς
1304 657 1455 718 σωματι-

229 737 295 818 κός,
320 742 506 825 φαντασίαν
527 733 572 802 τε’
585 735 696 824 πάσης
717 734 907 824 αἰσθήσεως
929 731 1140 820 ὑπερβάντες,
1163 737 1298 822 καθαρᾷ
1318 733 1452 822 τῇνοή-

232 860 285 906 σει
312 840 366 904 καί
393 835 484 924 μόνῳ
512 839 559 924 τῷ
588 839 634 922 νῷ
656 841 781 922 νοῶμεν
804 837 876 904 υίού
899 835 985 923 πρὸς
1006 841 1135 921 πατέρα
1156 834 1195 900 τό
1216 834 1366 924 γνήσιον,
1396 839 1452 904 καὶ

231 937 330 1023 λόγου
351 937 409 1026 τήν
430 937 516 1022 πρὸς
536 936 593 1004 τὸν
613 937 697 1007 θεὸν
720 937 878 1026 ἰδιότητα,
901 939 956 1004 καί
979 935 1037 1023 τήν
1060 931 1314 1022 ἀπαράλλακτον
1337 931 1453 1021 ὁμοιό-

231 1063 314 1126 τητα
334 1041 392 1105 τοῦ
415 1034 672 1126 ἀπαυγόσματος
693 1039 779 1126 πρὸς
797 1039 839 1128 τὸ
862 1042 949 1126 φῶς·
973 1033 1018 1116 ὠς
1039 1037 1100 1123 γάρ
1123 1037 1162 1102 τὸ
1182 1044 1323 1126 γέννημα
1344 1041 1398 1104 καὶ
1413 1037 1453 1104 τὸ

232 1139 303 1220 υίὸς
325 1136 381 1207 ούκ
403 1135 628 1228 ἀνθρώπινον,
653 1135 721 1207 ἀλλ’
747 1136 792 1220 ὥς
813 1143 886 1228 θεῷ
908 1145 1040 1224 πρέπον
1063 1136 1151 1206 ἐστίν
1157 1190 1166 1220 ,
1191 1139 1319 1227 ε’ίρηταί
1340 1141 1451 1206 τεκαὶ

232 1242 315 1323 έστι,
344 1241 401 1308 τὸν
429 1237 529 1310 αύτὸν
550 1241 676 1329 τρόπον
698 1240 777 1330 1’τήν
799 1241 886 1321 λέξιν
907 1244 966 1307 τοῦ
989 1237 1167 1325 ύμοουσίου
1191 1234 1377 1321 ἀκούοντες,
1407 1240 1452 1329 μή

231 1343 277 1423 είς
297 1343 356 1423 τάς
378 1339 597 1430 ἀνθρωπίνας
619 1341 795 1428 αἰσθήσεις
816 1339 997 1420 πίπτοντες
1011 1340 1192 1427 μερισμοὺς
1205 1347 1258 1409 καί
1275 1343 1454 1427 διαιρέσεις
1562 1383 1563 1424 5

228 1449 286 1532 τῆς
312 1445 474 1533 θεότητος
501 1443 727 1530 λογιζώμεθα·
757 1437 825 1510 ἀλλ’
850 1440 895 1522 ὥς
924 1443 980 1511 ἐπὶ
1004 1437 1189 1528 ἀσωμάτων
1211 1443 1450 1528 διανοούμενοι,

228 1547 287 1636 τήν
316 1546 452 1634 ἑνότητα
480 1548 538 1632 τῆς
566 1545 697 1632 φύσεως
719 1549 772 1612 καί
795 1543 853 1630 τήν
875 1543 1059 1632 ταυτότητα
1080 1548 1140 1612 τού
1162 1545 1275 1634 φωτός
1295 1544 1340 1632 μή
1364 1546 1452 1612 διαι-
1562 1585 1563 1590 1

230 1653 347 1736 ρῶμεν.
391 1651 491 1712 τοῦτο
519 1645 579 1732 γάρ
608 1646 695 1713 ἰ’διον
726 1647 798 1712 υἱοῦ
826 1645 911 1733 πρὸς
939 1651 1083 1730 πατέρα,
1112 1648 1285 1713 καὶτοῦτο
1308 1648 1453 1714 δείκνυσι
1562 1687 1563 1692 1

230 1748 288 1817 τὸν
315 1747 399 1814 θεὸν
430 1743 566 1833 ἀληθῶς
588 1743 669 1813 όντα
689 1754 818 1834 πατέρα
839 1746 1028 1834 τοῦλόγου.
1073 1747 1176 1815 πάλιν
1197 1747 1259 1834 γάρ
1281 1747 1320 1814 τὸ
1342 1749 1453 1835 παρά-

232 1851 348 1935 δειγμα
364 1850 426 1914 τοῦ
450 1847 562 1935 φωτὸς
582 1851 636 1915 καλ
658 1850 717 1914 τοῦ
740 1843 1000 1934 ἀπαυγάσματος
1016 1842 1192 1934 ἀναγκαῖον
1208 1848 1255 1928 είς
1269 1852 1378 1915 τούτο.
1401 1857 1452 1928 τίς

231 1949 389 2036 τολμήσει
410 1949 513 2034 λέγειν
536 1947 574 2014 τὸ
597 1943 801 2035 ἀπαύγασμα
817 1951 907 2030 ξένον
922 1953 975 2016 καλ
992 1944 1149 2034 ἀνόμοιον
1165 1944 1250 2018 εἶναι
1264 1954 1324 2017 τού
1339 1945 1451 2038 ήλίου,·

230 2045 252 2136 ἢ
272 2057 324 2130 τίς
343 2050 469 2134 μᾶλλον
492 2049 613 2137 ἐνορῶν
636 2047 740 2130 οὕτως
761 2049 800 2116 τὸ
823 2045 1025 2137 ἀπαύγασμα
1046 2049 1132 2137 πρὸς
1145 2051 1203 2117 τὸν
1218 2048 1311 2136 ήλιον
1326 2054 1380 2118 καλ
1395 2051 1452 2138 τήν

230 2152 414 2240 ταυτότητα
434 2155 493 2219 τοῦ
517 2151 637 2240 φωτός,
661 2148 718 2219 ούκ
741 2147 780 2218 ἀν
804 2153 897 2220 ε’ίποι
917 2151 1107 2238 θαῤῥήσας·
1131 2149 1234 2230 ὅντως
1255 2151 1293 2218 τὸ
1311 2155 1384 2241 φῶς
1397 2155 1450 2219 καὶ

230 2252 269 2320 τὸ
291 2249 494 2339 ἀπαύγασμα
516 2253 550 2320 ἓν
573 2253 647 2334 εἰσι,
670 2256 836 2340 καὶτοῦτο
854 2252 886 2320 έν
898 2253 1009 2340 ἒκείνφ
1025 2253 1197 2334 δείκνυται,
1220 2252 1328 2320 καὶτὸ
1344 2247 1452 2321 ἀπαύ-

228 2379 339 2442 γασμα
367 2355 401 2422 έν
428 2357 476 2442 τῷ
498 2351 580 2444 ἡλίῳ
603 2355 753 2441 τυγχάνει
777 2352 829 2436 όν,
862 2351 943 2434 ὥςτε
965 2353 1022 2420 τὸν
1046 2349 1174 2440 ὁρῶντα
1195 2358 1293 2420 τοῦτο
1315 2357 1450 2441 βλέπειν

228 2454 375 2544 κάκεῖνος
408 2455 473 2542 τήν
496 2457 532 2522 δέ
558 2457 713 2543 τοιαύτην
744 2457 882 2544 ἑνότητα
902 2458 955 2522 καί
980 2454 1120 2544 φυσικὴν
1144 2455 1294 2544 ἰδιότητα
1315 2460 1389 2536 πῶς
1411 2451 1449 2524 ἀν

230 2559 263 2624 οἱ
291 2556 504 2632 πιστεύοντες
531 2558 584 2620 καὶ
607 2557 787 2639 βλέποντες
810 2551 923 2642 ὀρθῶς
943 2557 1115 2623 καλέσαιεν
1136 2551 1158 2644 ή
1180 2553 1357 2641 άμοούσιον
1379 2563 1450 2643 γέν-

230 2656 341 2741 νημα,·1
365 2653 404 2720 τὸ
433 2657 470 2721 δὲ
491 2657 549 2719 τοῦ
572 2657 656 2720 θεοῦ
678 2663 818 2745 γέννημα
839 2663 873 2723 τί
894 2654 934 2724 ἀν
955 2682 1007 2735 τις
1029 2658 1157 2736 οἰκείως
1177 2657 1233 2725 καὶ
1255 2657 1450 2745 πρεπόντως

231 2755 392 2841 νοήσειεν,
409 2749 437 2840 ἢ
458 2753 630 2839 λόγονκαὶ
654 2764 777 2843 σοφίαν
799 2761 851 2824 καί
876 2758 1029 2843 δύναμιν,
1063 2755 1167 2846 ήνπερ
1189 2757 1282 2827 “ούτε
1302 2761 1357 2826 τού
1380 2781 1448 2823 πα-

230 2855 307 2942 τρὸς
329 2857 432 2941 λέγειν
455 2857 546 2943 ξένην
569 2851 662 2923 ὅσιόν
684 2857 782 2939 ἐστιν,
808 2856 883 2928 οάτε
902 2858 946 2946 μή
970 2855 1086 2937 ἀίδίως
1109 2855 1194 2926 εἶναι
1215 2860 1308 2947 παρὰ
1322 2862 1367 2947 τῷ
1383 2883 1450 2926 πα-

230 2961 281 3045 τρί
314 2952 374 3046 κᾷν
405 2956 635 3046 φαντάζεσθαι
662 2964 764 3043 θέμις
792 2959 880 3042 ἓοτί,·
913 2959 1019 3046 τούτῳ
1048 2959 1108 3047 γάρ
1140 2963 1186 3047 τῷ
1214 2961 1388 3050 γεννήματι
1408 2961 1450 3026 τά

229 3059 341 3127 πάντα
361 3064 541 3147 πεποίηκεν
565 3054 582 3124 ὁ
605 3060 730 3148 πατήρ,
759 3064 813 3128 καί
835 3061 893 3148 τήν
917 3061 963 3140 είς
985 3060 1096 3127 πάντα
1118 3060 1279 3147 πρόνοιαν
1302 3062 1449 3130 ἐκτείνων

229 3157 275 3227 δι’
301 3156 400 3229 αύτού
425 3162 757 3250 φιλανθρωπεύεται·
779 3162 835 3229 καὶ
857 3159 962 3241 ούτως
985 3165 1018 3229 έν
1041 3159 1140 3242 αὐτὸς
1161 3167 1214 3230 καί
1239 3159 1257 3228 ό
1279 3162 1389 3250 πατήρ
1406 3163 1450 3230 εί-

229 3267 320 3344 σιν’),
346 3260 455 3349 ὥςπερ
478 3265 615 3350 εἴρηται,
640 3263 669 3330 εί
690 3265 735 3350 μή
759 3262 824 3347 ἀρα
846 3264 878 3327 οἱ
899 3262 1099 3350 κακόφρονες
1113 3264 1334 3352 τολμήσαντες
1348 3262 1450 3331 πάλιν

230 3364 373 3443 ε’ίποιεν,
403 3361 504 3448 ἀλλην
535 3358 620 3428 εἶναι
648 3361 706 3446 τήν
734 3365 793 3426 τοῦ
817 3361 914 3447 λόγου
938 3361 1068 3444 οὐσίαν,
1092 3367 1145 3431 καλ
1170 3363 1251 3432 ἀλλο
1274 3365 1313 3430 τὸ
1335 3365 1369 3432 έκ
1391 3365 1448 3431 τοῦ

229 3461 357 3545 πατρὸς
386 3461 419 3526 έν
448 3457 536 3544 αύτῷ
560 3463 649 3547 φῶς,
677 3456 717 3525 ἵν’
741 3451 761 3549 ᾗ
783 3459 902 3547 τὸμὲν
925 3464 958 3531 έν
980 3469 1027 3552 τῷ
1050 3466 1111 3552 υίῷ
1135 3470 1208 3554 φῶς
1230 3470 1263 3533 ἓν
1286 3465 1372 3552 πρὸς
1393 3465 1449 3532 τόν

230 3567 372 3646 πατέρα,
403 3554 502 3637 αύτὸς
524 3559 561 3625 δέ
583 3561 673 3639 ξένος
693 3557 761 3628 κατ’
787 3557 901 3632 οάσίαν
925 3562 969 3645 ὡς
990 3574 1119 3650 κτίσμα.
1165 3563 1250 3634 ἀλλὰ
1271 3571 1369 3633 τοῦτο
1392 3569 1449 3634 τοῦ

230 3661 371 3749 Καῖάφα
391 3661 444 3726 καί
468 3662 527 3726 τού
549 3665 769 3745 Σαμοσατέως
791 3660 953 3748 ιῑάτεχνιῖις
976 3666 1106 3733 ἔστιτὸ
1130 3668 1298 3756 φρόνημα,
1324 3665 1407 3754 ὅπερ
1429 3663 1449 3752 ή

228 3763 288 3844 μέν
310 3761 463 3848 ἐκκλησία
484 3760 648 3846 ἐξέβαλεν,
673 3752 764 3831 οὗτοι
786 3767 822 3832 δέ
844 3772 900 3832 νῦν
922 3763 1171 3853 ἀποκρίνονται,
1205 3769 1258 3836 διὸ
1280 3773 1333 3836 καὶ
1357 3765 1450 3835 αύτοὶ

229 3865 286 3950 τῆς
314 3858 475 3949 ἀληθείας
503 3861 695 3943 ἐκπεσόντες
727 3860 974 3954 ἀπεδείχθησαν
1002 3869 1169 3954 αἱρετικοί.
1216 3871 1245 3937 εί
1275 3870 1335 3956 γάρ
1365 3866 1451 3947 ὅλως

228 3969 355 4046 μετέχει
376 3967 434 4028 τοῦ
458 3963 492 4030 έκ
512 3967 570 4030 τού
593 3965 720 4051 πατρὸς
742 3968 862 4054 φωτός,
887 3969 977 4034 διατί
996 3967 1041 4055 μή
1063 3971 1189 4054 μᾶλλον
1211 3967 1310 4049 αύτός
1325 3969 1397 4036 έστι
1410 3969 1449 4034 τὸ

227 4061 456 4148 μετεχόμενον,
485 4065 541 4132 ἵνα
566 4065 612 4154 μή
632 4074 734 4151 μέσον
757 4064 857 4134 αὐτοῦ
879 4095 913 4136 τι
933 4073 987 4135 καί
1010 4074 1068 4136 τοῦ
1091 4069 1219 4156 πατρὸς
1242 4067 1450 4157 εύρίσκηταις

229 4165 259 4232 εί
279 4164 340 4251 γάρ
361 4164 405 4252 μή
429 4163 533 4245 οὕτως
556 4167 653 4246 ἐστίν,
678 4164 786 4234 ούκέτι
810 4169 974 4236 δείκνυται
995 4169 1053 4237 διὰ
1074 4174 1132 4236 τοῦ
1156 4172 1228 4236 υἱοῦ
1250 4174 1452 4258 γεγενῆσθαι

228 4265 270 4331 τά
297 4265 424 4347 πάντα,
457 4262 542 4334 ἀλλὰ
564 4263 611 4335 δι’
637 4268 775 4351 ἐκείνου,
806 4259 845 4334 ού
865 4272 919 4336 καὶ
943 4265 1041 4350 αὐτὸς
1062 4277 1198 4355 μετέχει.
1243 4271 1273 4338 εί
1296 4272 1332 4338 δὲ
1354 4259 1453 4348 οὗτός

297 4487 321 4548 1)
339 4489 404 4540 ioan.
426 4490 465 4552 1⁰,
483 4489 525 4540 30.
