3176 5058
210 267 272 330 136
606 277 632 320 s.
648 277 801 320 ευυιυιευ
815 277 1040 322 mammem

120 425 225 515 mm}
258 424 426 510 ἀμπελος,
465 427 519 490 καί
553 421 653 502 ἀλλος
685 418 703 488 ό
734 423 883 510 γεωργός.
934 420 999 492 ὅσα
1029 423 1091 513 γὰρ
1125 421 1171 505 ὥς
1203 419 1431 508 ἀποξενυύντα

203 527 262 595 τόν
284 526 357 594 υἱὸν
380 523 450 593 ἀπὸ
471 528 530 592 τοῦ
553 523 681 612 πατρὸς
702 527 830 612 λέγεται
850 525 942 614 ῥητά,
966 529 1070 593 ταῦτα
1091 526 1149 594 διά
1169 527 1228 614 τὴν
1250 527 1365 615 σάρκα,
1387 528 1429 618 ἢν

187 620 251 697 δι’
275 625 362 716 ἡμᾶς
385 626 534 716 έφόρεσε,
558 628 686 712 λέγεται
707 626 786 714 περὶ
808 622 919 695 αὐτοῦ.
962 628 1038 708 ξένα
1058 627 1120 714 γάρ
1142 628 1184 695 τὰ
1204 629 1323 716 γενητὰ
1343 630 1429 698 κατὰ

205 731 308 820 φύσιν
329 730 398 798 ἔστί
421 732 479 796 τοῦ
500 731 595 796 θεοῦ.
641 727 698 795 διὰ
718 731 817 796 τοῦτο
838 733 916 816 γοῦν
939 729 1054 816 έπειδὴ
1075 733 1134 818 τῆς
1156 729 1276 816 σαρκός
1296 735 1432 819 γενητῆς

119 832 307 921 ματτούσης
328 838 466 918 γέγονεν,
490 826 535 910 ιός
558 825 576 895 ό
595 824 743 918 Ἰωάννης
764 828 883 919 φησίν,
909 827 926 900 ό
948 831 1044 918 λόγος
1067 830 1150 918 σάρξ
1158 835 1194 912 ¹),
1216 828 1327 912 καίτοι
1347 833 1433 902 κατὰ

86 945 90 955 “
207 936 309 1026 φύσιν
330 935 418 1013 ἰ’διος
438 935 492 1000 καί
514 927 703 1019 ἀδιαίρετος
725 927 771 1000 τόν
792 935 850 1000 τοῦ
873 932 1009 1018 πατρός,
1034 928 1125 1016 όμως
1147 927 1194 998 δι’
1218 927 1319 1022 αὐτὴν
1341 936 1432 1020 λέγε-

205 1063 264 1104 ται
283 1038 337 1104 καὶ
361 1031 378 1100 ό
401 1033 510 1122 πατὴρ
531 1033 658 1119 μακράν
680 1028 738 1100 ἀπ’
763 1029 874 1101 αὐτοῦ.
912 1034 954 1102 τὰ
973 1033 1035 1120 γάρ
1057 1037 1115 1119 τῆς
1137 1033 1256 1119 σαρκὸς
1279 1036 1351 1102 ἴδια
1371 1032 1433 1103 αύ-

205 1138 265 1218 τός
285 1135 432 1220 ἀνέχεται
454 1138 550 1223 ’περὶ
573 1130 673 1202 αάτοῦ
696 1135 864 1221 λέγεσθαι,
887 1135 944 1202 ἵνα
966 1137 1083 1224 δειχθῇ
1100 1131 1154 1201 ότι
1169 1130 1226 1202 ούκ
1242 1133 1343 1203 ἀλλυυ
1359 1132 1428 1204 ἀλλ’

207 1237 307 1308 αάτσό
328 1230 368 1328 ἦν
389 1239 477 1306 ἰ’διον
499 1236 538 1303 τό
561 1239 666 1321 σῶμα.
710 1235 868 1324 τοιαύτης
890 1237 926 1303 δὲ
947 1239 1006 1323 τῆς
1028 1237 1177 1316 διανοίας
1199 1234 1309 1325 οὔσης,
1333 1239 1431 1322 ταχύ-

205 1365 299 1429 τερον
322 1339 557 1427 ἐλεγχθήσεται
576 1339 764 1426 Σαβέλλιος,
789 1335 843 1405 ότι
864 1338 909 1425 μή
933 1337 1021 1405 έστιν
1044 1333 1062 1404 ό
1085 1337 1194 1426 πατὴρ
1218 1334 1237 1404 ό
1257 1339 1430 1425 γενόμενος

206 1441 297 1530 σάρξ,
321 1436 390 1510 ἀλλ’
416 1437 435 1506 ό
458 1446 471 1482 ¹‘
481 1440 599 1508 τούτου
621 1437 726 1526 λόγος,
751 1434 769 1506 ό
791 1438 847 1507 καί
868 1431 988 1527 ταύτην
1010 1439 1229 1526 λυτρούμενος
1250 1439 1307 1507 καὶ
1327 1463 1430 1529 προς-

206 1543 294 1632 ἀγων
326 1547 373 1632 τῷ
395 1549 508 1629 πατρί.
553 1538 640 1609 οὕτω
663 1541 700 1608 δὲ
721 1541 891 1628 διελέγξας
912 1544 966 1608 καί
989 1548 1110 1620 πείσας
1131 1541 1252 1610 λοιπὸν
1274 1540 1430 1630 καὶπερὶ

203 1650 262 1734 τῆς
283 1648 342 1711 τοῦ
366 1643 464 1730 λόγου
486 1642 647 1732 θεότητος
665 1640 877 1730 ἑτοιμότερον
894 1641 1030 1723 διδάξει,
1048 1638 1102 1708 ότι
1116 1642 1231 1728 *λόγος
1244 1642 1301 1710 καὶ
1315 1651 1428 1732 σοφία,

204 1747 276 1825 υίὸς
296 1749 351 1813 καί
374 1745 520 1830 δύναμις,
545 1739 748 1830 ἀπαύγασμα
768 1747 823 1812 καί
844 1744 1017 1830 χαρακτήρ.
1063 1740 1183 1832 ἀνάγκη
1205 1744 1267 1832 γὰρ
1289 1750 1342 1812 καί
1358 1745 1431 1813 ’έν-

204 1851 317 1915 ταῦθα
339 1846 441 1914 πάλιν
464 1855 561 1926 νοεῖν,
585 1841 639 1911 ότι
659 1848 717 1911 τοῦ
741 1844 838 1931 λόγου
861 1843 957 1924 όντσς
980 1839 1064 1913 εἶναι
1087 1847 1139 1913 δεῖ
1159 1849 1213 1914 καί
1229 1846 1286 1912 τὸν
1301 1852 1430 1932 πατέρα

205 1951 264 2015 τοῦ
297 1947 411 2034 λόγου,
443 1946 499 2014 καὶ
531 1953 654 2034 σοφίας
682 1944 782 2034 ούσης
810 1939 895 2014 εἷναι
923 1950 977 2014 καί
1005 1946 1062 2012 τὸν
1084 1946 1204 2034 ταύτης
1230 1953 1342 2034 γονέα,
1376 1950 1429 2015 καί

207 2043 465 2136 ἀπαυγάσματος
493 2045 588 2127 ὄντος
615 2043 700 2116 εἶναι
726 2047 841 2140 καὶτὸ
864 2051 945 2136 φῶς,
969 2052 1023 2116 καί
1046 2045 1151 2128 ούτως
1173 2044 1258 2116 εἶναι
1279 2049 1336 2116 τὸν
1359 2049 1429 2117 υἱόν

207 2153 260 2218 καὶ
283 2149 340 2217 τόν
362 2156 491 2236 πατέρα
514 2149 556 2217 ἓν.
861 2177 886 2214 ο

291 2257 341 2320 27.
389 2255 502 2318 Ταῦτα
523 2252 702 2330 Διονύσιος
724 2250 819 2330 είδιύς
841 2251 991 2338 ’ἔγραψα
1014 2254 1066 2320 καί
1091 2251 1125 2318 έν
1141 2251 1277 2332 ἐκείναις
1291 2253 1350 2338 μέν
1365 2258 1431 2318 Σα-

205 2355 336 2441 βέλλιον
359 2352 535 2441 ἐφίμωσεν,
560 2352 595 2420 έν
615 2349 748 2431 τούτοις
769 2352 805 2419 δέ
819 2352 877 2439 τὴν
888 2346 1062 2446 Ἀρειανὴν
1077 2352 1204 2438 αἵρεσιν
1219 2359 1429 2441 κατέστρεψε.

206 2458 260 2522 καὶ
289 2455 350 2541 γάρ
373 2440 483 2540 ὥςπερ
507 2452 683 2539 ἀνατρέπει
705 2454 884 2538 Σαβέλλων
905 2453 948 2520 τόι
970 2449 1171 2540 ἀνθρώπινα
1192 2459 1251 2522 τοῦ
1274 2458 1431 2542 σωτῆρος,

209 2553 296 2622 ούτω
319 2559 372 2623 καὶ
395 2554 480 2639 πρὸς
500 2554 578 2633 τοὺς
597 2549 848 2640 Ἀρειομανίτας
869 2550 927 2622 οάκ
943 2549 1011 2621 ἀπὸ
1027 2559 1093 2622 τῶν
1108 2549 1341 2642 ἀνθρωπίνων,
1359 2553 1429 2625 ἀλλ’

209 2652 278 2724 ἀπὸ
300 2659 366 2723 τῶν
389 2655 616 2743 σημαινόντων
637 2655 696 2740 τὴν
717 2654 863 2741 θεότητα
884 2660 944 2722 τοῦ
965 2655 1063 2742 λόγου
1086 2661 1266 2724 ποιείσθαι
1278 2655 1338 2742 χρὴ
1352 2656 1431 2735 τοὺς

208 2753 275 2825 κατ’
301 2753 409 2824 αὐτῶν
432 2757 593 2842 ἐλέγχους,
617 2757 673 2824 ἵνα
693 2756 737 2844 μὴ
759 2759 813 2823 καί
837 2747 930 2824 οὗτοι
950 2755 993 2823 τὰ
1016 2756 1131 2824 διὰτὸ
1155 2761 1250 2842 σῶμα
1270 2757 1431 2838 λεχθέντα

208 2863 286 2945 περὶ
308 2862 367 2926 τοῦ
388 2865 501 2946 κυρίου
523 2858 802 2946 παρεξηγούμενοι
824 2866 987 2942 νομίσωσι
1008 2861 1161 2926 τοιοῦτον
1183 2855 1268 2927 εἶναι
1288 2858 1345 2926 τὸν
1373 2856 1434 2926 λό-

206 2983 273 3048 γον,
298 2957 365 3027 οἷοί
387 2960 484 3045 ἔσμεν
503 2956 600 3048 ἡμεῖς
621 2961 654 3027 ol
676 2958 865 3048 ἀνθριυποι,
886 2963 940 3027 καί
964 2959 1084 3028 λοιπόν
1097 2961 1343 3050 έπιμείνωσιτῇ
1356 2961 1433 3028 ἑαυ-

135 3061 140 3068 ’
207 3066 273 3129 τῶν
294 3069 406 3151 μανίᾳ.
437 3057 479 3131 ἀν
501 3063 536 3130 δὲ
559 3063 771 3147 διόαχθῶσιν
785 3066 840 3129 καὶ
863 3052 956 3129 οὗτοι
978 3065 1055 3148 περὶ
1067 3065 1126 3150 τῆς
1135 3063 1307 3150 θεότητος,
1330 3085 1431 3130 κατα-

208 3162 391 3248 γνώσονται
422 3167 482 3252 μέν
503 3167 561 3253 τῆς
584 3162 707 3232 ἑαυτῶν
729 3170 917 3243 κακονοίας,
953 3158 1170 3249 εὐκολώτερον
1194 3164 1230 3231 δέ
1251 3162 1429 3248 μαθόντες,

209 3261 264 3332 ότι
291 3262 308 3331 ό
336 3265 432 3352 λόγος
459 3266 544 3350 σὰρξ
564 3265 704 3350 ἐγένετο,
732 3264 954 3350 ξδιακρινοῦσι
976 3265 1096 3332 λοιπόν
1118 3269 1172 3332 καὶ
1195 3253 1290 3332 οὗτοι
1309 3264 1353 3331 τὰ
1375 3259 1433 3330 ἀν-

109 3441 127 3446 ,
208 3365 369 3450 θρώπινα
396 3369 450 3431 καὶ
477 3365 520 3432 τά
549 3367 589 3450 τῇ
611 3364 749 3451 θεότητι
771 3359 964 3449 ἁρμόζοντα.
1008 3362 1190 3434 τούτωνδ’
1214 3363 1434 3448 σότωςέχόν-

209 3489 284 3546 των,
307 3467 362 3531 καί
384 3471 565 3531 Διονυσίου
586 3468 644 3530 τοῦ
668 3463 854 3532 ἐπισκόπου
877 3467 1066 3550 δειχθέντος
1087 3467 1123 3548 ἐξ
1143 3457 1190 3534 τόν
1212 3467 1355 3554 ἔγραψεν
1378 3462 1432 3533 εό-

209 3569 341 3652 σεγίούς,
371 3571 404 3631 τί
430 3563 610 3652 ποιήσουσι
638 3565 758 3632 λοιπὸν
781 3567 814 3634 οἱ
832 3563 1099 3655 Ἀρειομανῐταις
1131 3575 1220 3647 τίνος
1243 3565 1308 3654 ἀρα
1328 3565 1432 3634 πάλιν
1460 3619 1464 3624 -

210 3666 417 3754 ἐλεγχθέντες
443 3661 513 3732 ἀπὸ
542 3665 667 3734 τούτων
693 3667 978 3754 καταψεύσονταις
1012 3664 1132 3757 ἀνάγκη
1153 3669 1215 3755 γάρ
1238 3664 1357 3748 αάτοός
1380 3667 1433 3735 έκ-

209 3768 375 3848 πεσόντας
396 3763 466 3836 ἀπὸ
488 3771 546 3834 τοῦ
568 3770 727 3852 θεμελίου
737 3773 804 3837 τῶν
816 3764 1014 3838 ἀποστόλων
1024 3774 1077 3838 καί
1091 3767 1286 3838 εύσάλευτον
1299 3769 1432 3853 λ’χοντας
1461 3773 1464 3779 ’

207 3868 267 3958 τὴν
294 3869 443 3938 διάνοιαν
472 3871 578 3958 ζητεῖν
606 3871 755 3955 ἔρεισμα,
784 3874 838 3939 καί
860 3871 905 3960 μὴ
928 3867 1136 3958 εὑρίσκοντας
1156 3871 1446 3957 καταψεύδεσθαί

207 3972 327 4040 λοιπὸν
348 3976 415 4040 τῶν
437 3978 600 4058 πατέριον.
638 3968 709 4040 ἀλλ’
732 3971 840 4052 ούδεὶς
861 3969 975 4054 αὐτοῖς
998 3973 1048 4042 ἐ’τι
1067 3973 1250 4054 πιστεύσει,
1274 3965 1334 4059 κάν
1354 3971 1432 4060 βιό-

277 4161 300 4222 1)
319 4161 384 4212 Ιοοιι,
406 4162 429 4222 1,
450 4162 488 4212 14.

210 4297 278 4348 Colb·
298 4297 343 4346 les·
363 4297 402 4346 Fr·
419 4295 436 4346 Ι.
460 4289 506 4344 παῖ
523 4287 614 4364 ἕτερος
631 4289 645 4343 ὅ
663 4289 793 4414 γεωργός.
879 4297 902 4347 λι.
913 4297 983 4348 Τιοε.
992 4297 1038 4347 les.
1046 4291 1144 4345 τούτου
1154 4295 1202 4346 τού
1211 4289 1296 4362 λόγου
1305 4295 1432 4346 mendose.

207 4365 253 4413 Alii
281 4373 306 4414 ut
330 4365 394 4414 οδίιί.
430 4364 456 4412 ln
482 4359 566 4414 iisdem
592 4379 645 4414 mox
664 4356 701 4416 ὥς
734 4373 791 4415 cest.
879 4381 899 4414 c.
918 4367 958 4415 Sic
982 4365 1079 4414 Τεοιίιι.
1106 4365 1173 4415 ὓοίίν.
1200 4366 1244 4414 les.
1280 4366 1308 4414 λι
1328 4365 1384 4413 Re.
1410 4369 1440 4413 τιΙ

209 4431 284 4482 Iidem
301 4427 408 4497 λέγεται
425 4423 543 4494 δόματα.
845 4433 902 4482 editi
921 4424 935 4480 ὃ
954 4425 1035 4496 λόγος·
1051 4432 1131 4482 minus
1148 4442 1222 4483 τεοιε.
1260 4377 1433 4481 nond-nte

241 4515 263 4550 υ.
281 4501 379 4552 Tauria.
398 4499 467 4552 colb.
485 4499 524 4550 Fr.
537 4497 552 4550 ί.
572 4489 741 4566 ἀναδέχεται.
840 4493 985 4568 χαρακτήρ
1004 4499 1075 4550 δεταί
1090 4501 1116 4550 in
1127 4499 1182 4564 Res.
1193 4501 1291 4551 Τεοιίσ.
1302 4498 1371 4550 colb.
1384 4497 1441 4548 lem·
