3174 5082
266 300 287 363 2
662 311 687 355 s.
702 311 858 354 transcen
872 311 1096 358 νααννινννννοονν

192 469 404 530 centones
433 445 514 526 assi
531 461 625 528 tots.
647 472 716 524 som.
734 459 787 524 tx.
808 481 841 542 p.
859 461 960 538 131³>
989 465 1124 526 menso
1152 461 1248 526 roccos
1266 461 1299 526 s,
1322 462 1498 537 concurs,

263 569 318 632 nbi
338 569 393 630 troc
414 581 501 628 voces
524 563 691 626 dominicus
712 562 802 624 homo
824 564 1002 641 socratesn-
1031 583 1117 644 qnem
1138 564 1256 644 peridem
1277 563 1375 628 locnss
1396 567 1498 630 αόνσ-

264 676 340 732 sisse
364 687 399 729 oc
421 667 526 728 deinde
548 667 745 744 rescripsisse
766 664 843 726 item
866 663 967 726 obiicit
981 664 1013 726 S.
1030 663 1228 743 Hieronymo,
1251 669 1303 744 qni
1325 666 1401 728 ione
1423 686 1496 729 ose

265 765 440 850 depellendo
463 763 672 840 solnmniom²t
693 769 813 826 miscime
834 777 931 843 nepot,
954 767 984 827 id
998 771 1040 827 itc
1056 770 1205 845 scrcptnsn
1220 770 1420 830 exstitissent
1435 767 1495 830 tltc

266 869 300 930 S.
324 869 485 931 Ationon'i
503 865 615 930 libello.
664 865 769 928 Vernos
797 884 837 928 on
859 869 916 928 iste
938 865 1057 928 tsoettoc
1081 871 1121 927 sit
1144 867 1214 928 neec
1235 867 1309 946 fidei
1329 872 1493 948 expositio,

194 988 308 1032 νοεονν
329 988 402 1032 οννο
425 969 486 1032 cies
507 973 614 1038 moior,
637 985 676 1029 ex
698 986 756 1046 pso
777 965 892 1046 ols‘pnot
906 967 1081 1048 proponente
1094 967 1188 1048 offert
1207 967 1406 1031 Theodoretns
1423 969 1494 1030 dic-

268 1072 334 1152 topo
350 1070 418 1146 3.³t‚
441 1070 494 1132 nbi
513 1071 629 1131 eosdem
651 1086 737 1130 ooces
762 1067 920 1139 icbentnr,
945 1079 1026 1138 certo
1040 1069 1202 1150 offirmari
1215 1087 1277 1130 non
1288 1080 1406 1149 potest:
1430 1073 1497 1132 nisi

265 1174 350 1252 sorte
375 1173 480 1252 [ναίον
507 1171 562 1232 ilic
584 1169 656 1250 fidei
676 1174 842 1250 expositio,
872 1188 959 1250 picem
984 1169 1186 1232 Theodoretns
1210 1168 1350 1230 maiorem
1373 1169 1409 1230 de
1431 1169 1493 1230 fide

267 1275 428 1343 orationem
451 1271 593 1352 appellnt,
618 1270 737 1334 libellus
760 1272 903 1333 dicineo
923 1289 1014 1350 posse
1035 1270 1186 1351 aliquibus
1211 1271 1359 1332 oiiectnr.
1402 1269 1440 1332 Ut
1454 1281 1492 1332 nt

264 1379 318 1446 sit,
346 1375 416 1436 inde
445 1383 543 1436 tomen
568 1375 763 1452 perspiennm
791 1383 851 1444 est,
882 1373 958 1434 isone
978 1373 1051 1454 fidei
1072 1375 1289 1451 expositionem
1310 1374 1429 1434 minime
1452 1372 1490 1434 οό

264 1475 336 1539 illos
366 1493 452 1538 voces
477 1471 641 1534 Athanasio
671 1492 736 1534 esse
765 1474 1009 1544 obinds'condom,
1033 1491 1100 1534 enm
1123 1483 1196 1536 teste
1218 1471 1330 1551 Rnfino
1352 1489 1420 1534 ense
1442 1471 1489 1534 teis

265 1577 428 1657 aliqnando
458 1578 556 1655 fnisse
584 1592 672 1635 nsnm
700 1585 826 1638 constet.
872 1575 1009 1637 Ceternm
1036 1578 1135 1636 moior
1163 1574 1216 1634 iilo
1240 1574 1274 1634 de
1295 1572 1355 1653 fide
1377 1577 1488 1644 ονσίίσ,

268 1679 302 1738 νίν
325 1697 381 1757 pso
398 1675 610 1746 Tiseodoretns,
633 1675 711 1738 niort
732 1673 817 1736 αίίννό
839 1675 1047 1744 videturesse,
1071 1693 1159 1756 poam
1173 1676 1275 1753 fusior
1290 1685 1319 1736 et
1331 1673 1489 1752 proiixior

268 1776 430 1858 explicatio
444 1776 566 1839 isninsee
582 1780 790 1856 expositionis,
813 1796 867 1839 nec
880 1781 979 1838 maior
994 1777 1128 1846 inscribi,
1151 1780 1215 1838 nisi
1228 1778 1298 1856 pnio
1314 1775 1375 1837 olio
1391 1780 1486 1846 ctione,

167 1937 171 1946 ,
267 1895 371 1958 nempe
395 1877 474 1948 occe,
497 1877 644 1950 exstabat,
668 1895 742 1958 pnoe
765 1877 888 1940 brevior
909 1887 938 1940 et
961 1881 1147 1940 contractior
1169 1885 1255 1946 esset,
1278 1877 1358 1956 qnod
1374 1887 1409 1938 nt
1424 1875 1488 1938 cle-

267 1982 335 2040 rins
354 1989 468 2058 potent,
492 1978 572 2039 hond
593 1979 629 2040 σό
653 1996 686 2042 re
706 1979 804 2057 snerit
826 1977 923 2040 locnm
945 1983 1043 2059 ipsnm
1066 1979 1190 2060 offerre,
1213 1979 1267 2038 nbi
1292 1977 1431 2040 Christos
1453 1987 1487 2038 nt

267 2078 353 2142 λοοιο
376 2076 541 2140 dominicus
562 2079 652 2139 homo
673 2079 795 2144 dicitnr.
836 2081 883 2142 Ιίνν
898 2083 993 2160 ips'tnr
1014 2080 1107 2142 verbo
1129 2075 1163 2144 ἔκ
1177 2077 1235 2142 νοῦ
1250 2076 1327 2160 περὶ
1343 2081 1488 2154 πίστεως

267 2173 366 2262 λόγου
397 2180 457 2242 τοῦ
488 2177 653 2260 μείζονος,
687 2193 722 2244 nt
753 2182 890 2262 appellet
922 2181 1140 2244 Ticeoioretns:
1174 2175 1299 2262 ἐγένετο
1329 2175 1487 2262 Λάζαρον

267 2271 501 2365 ἀσθενήσαννα
523 2272 728 2345 ἀποθανεῖν·
753 2273 771 2344 ό
794 2279 1003 2366 sinopensis
1025 2271 1282 2364 ἀνθρωασςοόκ
1299 2270 1487 2366 ἀσθενήσας

265 2371 342 2445 οόόλ
364 2375 451 2446 ἀκανν
473 2373 653 2458 ἀπέθανεν,
677 2374 747 2448 ἀλλ’
772 2375 829 2469 ἀφ’
854 2381 972 2448 ἑαυτοῦ
993 2370 1096 2468 ἦλθεν
1119 2379 1177 2447 ἐπί
1191 2378 1250 2464 τὴν
1264 2381 1323 2446 τοῦ
1338 2379 1486 2446 θανάτου

265 2478 471 2566 οἰκονομίαν,
502 2481 818 2565 στερεοννονοόμενος
844 2477 913 2548 ὑπὸ
940 2486 999 2548 τοῦ
1023 2481 1056 2548 ἐν
1079 2477 1168 2568 αὐτῷ
1191 2479 1383 2569 onicenses
1404 2485 1486 2549 θεοῦ

266 2578 363 2663 λόγου
392 2581 451 2643 τοῦ
480 2579 652 2658 είπόννος·
681 2577 790 2660 οὐδεὶς
817 2583 905 2667 αἴρει
927 2581 985 2670 σὴν
1007 2583 1117 2669 ψυχήν
1136 2605 1200 2667 μου
1223 2577 1280 2650 ἀντ’
1306 2581 1402 2666 ἐμοῦ,
1426 2578 1481 2650 ἀπ’

267 2673 409 2761 ἐμαυτοῦ
433 2675 533 2766 αὐτὴν
547 2686 686 2763 τίθημι·
709 2681 860 2761 ἐξουσίαν
876 2683 937 2765 ipo
952 2687 1068 2750 θεῖναι
1083 2678 1191 2770 αὐτήν,
1208 2688 1261 2750 καί
1278 2683 1378 2751 πάλιν
1393 2683 1482 2762 ἕξου-

264 2773 343 2844 σίαν
366 2778 428 2860 ἔχω
450 2781 563 2865 λαβεῖν
586 2775 694 2868 αὐτόν.
733 2785 770 2848 te
791 2799 854 2848 est:
877 2788 991 2850 Accs'iit
1006 2799 1042 2850 nt
1057 2787 1195 2850 Losorns
1210 2790 1315 2852 morbo
1330 2787 1477 2865 conserens

263 2893 458 2946 moreretnr:
481 2896 514 2946 et
535 2885 699 2948 dominicus
722 2887 813 2948 homo
835 2907 897 2952 non
919 2893 952 2950 ci
969 2890 1071 2952 morti
1082 2909 1135 2952 nee
1150 2894 1262 2954 enoitns
1278 2897 1478 2959 ostnortnns,

264 2983 318 3045 sed
338 3003 395 3046 sno
418 2997 524 3066 sponte
545 2992 627 3052 oenit
648 2991 689 3052 ei
708 2995 818 3054 norn's
842 2989 1108 3072 dispensationem}
1138 2993 1359 3054 corroboratus
1382 3009 1399 3052 o
1420 2987 1480 3052 Deo

266 3083 361 3148 Verbo
389 3091 422 3149 in
444 3091 511 3168 ipso
532 3103 689 3164 monente,
714 3097 767 3172 poti
787 3093 881 3156 dixit:
910 3093 1002 3154 Nemo
1026 3093 1102 3156 toltit
1123 3093 1249 3156 enimam
1272 3111 1367 3154 mecm
1389 3111 1406 3154 ε
1426 3109 1480 3162 me,

261 3185 316 3247 sed
338 3205 392 3266 ego
415 3207 494 3268 pono
517 3211 598 3254 eom:
621 3201 807 3273 potestatem
824 3193 918 3254 habeo
941 3196 1072 3272 ponendi
1088 3213 1162 3270 eam,
1186 3203 1216 3256 et
1230 3211 1335 3256 wreus
1351 3202 1479 3274 poteste-

257 3294 321 3350 tem
348 3289 445 3351 haheo
474 3292 612 3352 sumendi
639 3311 713 3353 erm.
766 3293 846 3354 Here
873 3295 918 3356 ibi
944 3313 1018 3376 μίαν
1046 3300 1170 3358 nonnisi
1194 3297 1286 3376 μανία
1314 3301 1414 3360 mos'or
1440 3307 1481 3357 est

262 3388 425 3467 explicatio
455 3407 575 3462 eornm,
607 3410 681 3472 once
708 3396 741 3454 in
770 3399 908 3472 sepnenti
926 3401 1112 3476 expositione
1134 3416 1260 3460 numero
1278 3401 1305 3460 t.
1331 3397 1479 3478 tepenter.

263 3487 312 3550 tte
334 3488 389 3550 λσο
410 3508 527 3570 pnopne
547 3491 621 3572 fidei
640 3497 829 3572 expositione
850 3501 1037 3578 excerpsisse
1058 3499 1180 3562 videtur
1195 3498 1381 3577 Anpscstinns
1405 3499 1479 3568 λσνν,

262 3605 338 3668 prece
361 3587 411 3653 lii.
427 3591 457 3652 λ.
482 3591 516 3652 de
537 3589 683 3654 Sermone
705 3593 831 3656 Dxnsni
849 3602 881 3659 in
902 3609 1002 3661 monte
1026 3599 1113 3662 tebet
1136 3619 1199 3680 cop.
1216 3599 1248 3664 6.
1271 3619 1301 3662 n.
1317 3603 1369 3664 20.
1399 3599 1483 3662 ttsttt

264 3688 363 3751 lieeiit
385 3693 529 3769 ipnorore
552 3691 611 3756 Dei
629 3712 771 3773 reorum,
795 3717 859 3760 cnm
881 3703 945 3762 eins
967 3705 1141 3780 onipenitns
1163 3719 1225 3762 non
1247 3701 1346 3763 solnm
1367 3701 1480 3764 intelli-

260 3789 394 3869 prtitores
415 3793 469 3854 sei
489 3797 579 3856 etiem
600 3797 761 3860 visibiliter
781 3801 815 3860 in
836 3800 956 3862 homine
977 3800 1127 3862 dominico
1151 3803 1185 3864 de
1207 3801 1288 3864 coelo
1303 3807 1420 3864 venerit
1434 3807 1480 3864 in-

262 3891 420 3954 dicetnrns
449 3895 535 3956 eicos
557 3905 587 3956 et
607 3909 754 3961 morenos.
798 3900 879 3964 Hoeo
912 3906 990 3963 essin
1014 3912 1173 3982 postremo
1194 3903 1288 3966 certo
1309 3903 1340 3964 in
1363 3903 1480 3965 homine

260 3991 411 4072 dousinioo
433 3992 614 4058 iudicaturus
636 4000 719 4062 vivos
742 4009 771 4063 et
792 4011 928 4064 mortuos
951 4002 1101 4065 λαόανίνν
1122 4007 1155 4064 in
1176 4003 1276 4065 νσόεννν
1298 4007 1480 4086 expositione

258 4109 341 4156 ννννννν.
359 4097 398 4166 1.,
421 4096 527 4176 pnibns
549 4099 671 4162 oociins
695 4120 837 4165 sensnm
859 4123 925 4167 esse
941 4107 984 4167 sit
999 4103 1195 4184 Anpnstintss,
1218 4108 1288 4185 qnia
1303 4123 1359 4168 eos-
1371 4106 1480 4186 teperet

329 4313 353 4372 l)
370 4311 436 4364 iiior.
455 4313 518 4380 Opp.
536 4315 574 4369 etl.
591 4319 727 4385 nonianus.
746 4321 849 4371 Τοιαί.
869 4335 892 4386 p.
906 4321 964 4372 253.

257 4462 282 4512 p·
301 4377 487 4511 41²3.As⁹⁸}¹p⁰⁸⁵'
511 4386 562 4436 νόν.
581 4387 659 4438 nunc.
676 4389 714 4450 n,
732 4387 774 4438 20.
799 4389 847 4450 (sd.
867 4389 966 4441 ίνΙΙννν.
992 4417 1022 4427 -
1052 4391 1116 4457 Opp.
1140 4393 1179 4444 εό.
1203 4393 1334 4456 tisrtiensp
1357 4393 1426 4446 Toto.
1444 4393 1478 4444 tt.

325 4513 352 4576 8)
367 4516 432 4584 opp.
451 4519 488 4571 εί.
507 4521 580 4574 (tere.
599 4521 636 4572 ii.
653 4535 678 4587 p.
700 4521 757 4574 tot.
