3220 5046
532 255 641 300 oxarro
655 255 688 298 n.
704 255 820 300 eoxrxa
834 253 970 298 anteros.
1301 241 1365 308 tta

135 409 292 492 eonsequi,
320 413 553 495 constanterque
574 407 605 468 in
628 405 745 470 tibrieto
767 405 918 481 vivemus,
941 407 1080 488 quoniam
1103 415 1172 472 ante
1194 409 1241 472 illa
1265 407 1450 472 omnium.

136 513 195 576 rita
216 521 321 575 nostra
343 510 374 572 in
397 507 517 572 Christo
539 507 609 571 lesu
630 509 748 571 tundata
771 517 801 570 et
822 517 922 590 parata
945 511 1044 572 tuerit

224 617 274 678 77.
319 611 380 674 Nee
400 610 488 674 ‘enim
510 610 542 671 in
564 609 622 671 alio
645 629 732 690 quam
760 610 790 672 in
818 609 962 682 Domino,
996 611 1046 690 qui
1075 617 1123 674 est
1148 621 1217 676 ante
1251 615 1368 678 saecula

139 724 170 777 et
189 733 244 796 per
265 731 354 795 quem
376 715 451 774 iacta
474 719 546 774 sunt
567 713 701 787 saecula,
731 711 821 774 vitam
851 720 985 774 nostram
1013 713 1130 776 fundari
1151 735 1205 795 par
1227 723 1307 788 erat,
1334 727 1369 782 ut

138 835 207 878 enm
229 815 330 878 iila'in
352 813 419 894 ipso
439 813 530 876 veluti
553 821 650 886 esset,
679 829 738 874 noe
767 811 855 874 etiam
877 819 1016 874 aeternae
1035 814 1113 876 vitae
1133 815 1277 880 haeredes
1299 836 1368 880 esse

138 933 311 998 possemne.
353 914 456 976 Bonus
478 914 557 976 enim
581 923 629 976 est
649 913 738 988 Deus,
761 912 948 994 proindeque
970 931 1036 976 eum
1059 914 1239 996 sitsemper
1259 918 1368 994 bonus,

140 1018 170 1080 id
191 1018 327 1099 proieoto
348 1016 456 1091 voluit,
487 1015 597 1096 quippe
618 1015 669 1096 qui
692 1013 838 1078 infirmam
860 1023 992 1093 nostram
1016 1021 1151 1078 naturam
1173 1017 1237 1080 eius
1259 1019 1368 1083 auxilio

141 1129 172 1182 et
192 1119 287 1184 seluto
309 1137 386 1200 opus
409 1116 520 1180 habere
542 1125 746 1198 cognosceret.
779 1117 817 1179 At
838 1115 1088 1198 quemadmodum
1111 1117 1136 1180 si
1159 1117 1228 1197 quis
1249 1119 1368 1200 sapiens

139 1220 319 1288 architectus
351 1219 474 1282 domum
507 1225 651 1280 statueret
682 1217 853 1293 aedificare,
886 1219 1034 1300 simulque
1062 1218 1093 1280 in
1120 1219 1221 1282 animo
1247 1219 1370 1304 haberet

140 1323 278 1401 eaodem,
300 1322 326 1383 si
349 1323 427 1382 torte
448 1329 554 1401 postea
577 1320 763 1395 destruatur,
786 1321 920 1397 reficere,
943 1321 993 1383 ille
1014 1321 1117 1401 utique
1138 1322 1222 1402 prins
1242 1341 1371 1403 praepa-

139 1432 223 1485 raret
244 1423 387 1504 daretque
415 1421 519 1484 nrtitioi
547 1439 595 1495 ea,
628 1439 703 1502 quae
731 1421 768 1484 ad
790 1423 1035 1486 instaurationem
1063 1432 1166 1488 essent
1192 1425 1372 1501 necessaria,

139 1525 241 1605 itique
262 1524 349 1586 neret
369 1531 436 1588 ante
457 1521 578 1584 domum
600 1523 696 1604 ipsam
720 1521 784 1586 eius
806 1523 1031 1588 instaurationis
1061 1525 1265 1606 praeparati03
1289 1526 1372 1589 haud

140 1625 227 1688 aliter
247 1631 370 1688 nostrae
392 1623 496 1685 salutis
525 1623 680 1688 renovatio
702 1625 734 1687 in
756 1625 877 1688 Christo
907 1635 975 1689 ante
1003 1645 1060 1715 nos
1093 1626 1212 1690 tundata
1243 1635 1305 1703 est,
1338 1635 1373 1690 ut

139 1727 171 1790 in
192 1727 261 1806 ipso
282 1742 401 1806 quoque
422 1725 504 1787 refici
525 1743 697 1805 possemus.
742 1725 933 1808 Quapropter
954 1727 1108 1791 eonsilium
1131 1735 1162 1790 et
1181 1729 1455 1809 propositumque

139 1837 208 1892 ante
229 1847 333 1892 aevum
357 1835 404 1890 eet
424 1835 578 1908 paratum,
610 1835 682 1892 uano
710 1836 808 1891 eutem
838 1829 977 1892 edentum
1000 1848 1076 1910 opus
1100 1838 1163 1904 est,
1185 1849 1251 1892 eom
1274 1831 1372 1912 exegit

138 1921 306 1994 necessitas
334 1938 366 1992 et
386 1928 522 1992 Salvator
550 1929 676 1993 advenit.
720 1929 853 2012 Namque
875 1931 942 2012 ipse
955 1925 1100 1993 Dominus
1122 1931 1217 1996 instar
1238 1932 1372 1995 omnium

141 2032 229 2095 nobis
252 2032 283 2095 in
305 2031 394 2096 eaelis
416 2031 481 2103 erit,
504 2049 570 2094 eum
593 2049 650 2093 nos
667 2031 698 2093 in
720 2041 871 2095 aeternam
893 2033 984 2096 vitam
1006 2033 1151 2095 admittet.
1195 2033 1274 2094 Haeo
1295 2049 1371 2112 pro·

140 2135 218 2198 teoto
241 2134 378 2198 suffieere
399 2133 518 2214 possint
540 2132 577 2196 ad
599 2133 829 2208 ostendendum,
852 2133 906 2198 ltei
922 2134 1052 2196 Verbum
1073 2141 1204 2195 creatum
1220 2151 1281 2193 non
1304 2151 1373 2195 ease

70 2313 73 2318 1
139 2219 311 2316 rectamque
334 2235 506 2318 Scripturas
528 2251 597 2295 esse
620 2234 808 2296 sententiam.
844 2234 956 2296 Verum
978 2233 1215 2314 quandoquidem
1238 2242 1374 2296 accurate

142 2355 273 2418 expensa
301 2337 351 2400 iila
378 2335 468 2398 verba
499 2342 615 2398 reotum
648 2353 763 2414 quaqua
792 2353 826 2397 ex
856 2346 940 2416 parte
969 2353 1091 2398 sensum
1114 2333 1266 2396 includere
1288 2353 1372 2396 oom-

141 2439 315 2519 periuntur,
349 2456 366 2500 e
392 2455 427 2498 re
456 2453 526 2498 esse
557 2435 675 2498 videtur
702 2455 758 2500 neo
779 2437 869 2500 istum
899 2433 1042 2514 retieere3
1074 2438 1151 2499 torte
1179 2436 1307 2509 accidet,
1340 2443 1375 2498 ut

142 2539 245 2602 multis
277 2537 436 2602 efferendis
466 2537 582 2618 pudure
614 2537 779 2602 afficiantur
810 2539 918 2602 insani.
973 2539 1028 2602 His
1061 2549 1174 2612 autem,
1207 2557 1282 2620 quae
1314 2537 1372 2601 iam

71 2630 82 2644 ⁸
142 2649 264 2706 orento
287 2650 365 2716 sunt,
389 2659 465 2722 opus
488 2635 575 2703 n'obis
599 2649 661 2716 est3
684 2640 733 2705 hie
755 2641 834 2704 enim
850 2642 887 2706 de
903 2643 1008 2705 eodem
1023 2640 1183 2724 proverbio
1199 2641 1236 2703 de
1251 2640 1374 2703 eadem-

142 2763 201 2826 que
223 2744 368 2825 sapientia
390 2743 496 2823 agitur.
540 2743 607 2805 Non
630 2743 704 2805 dixit
723 2743 855 2808 Verbum
877 2765 911 2808 se
932 2755 1038 2808 natura
1059 2764 1129 2808 esee
1151 2753 1298 2816 oreatum,
1321 2743 1374 2806 sed

141 2846 175 2910 in
196 2845 365 2909 Proverbiis
387 2845 473 2906 dixit:
502 2845 653 2906 Homines
677 2849 793 2907 oreoor't
814 2865 869 2908 me.
913 2845 1099 2908 Manifestum
1122 2853 1170 2908 est
1190 2853 1304 2915 autent,
1327 2844 1377 2906 hio

143 2963 266 3010 sensum
300 2937 426 3024 aliquem
453 2963 515 3005 non
546 2944 666 3006 obvium
689 2944 742 3006 sed
771 2945 912 3022 latentem
941 2945 1115 3025 significari,
1146 2963 1233 3023 quern
1257 2945 1375 3024 quidem

145 3064 380 3126 consequemur,
413 3044 438 3105 si
465 3043 617 3124 proverbii
639 3045 736 3107 velum
760 3045 962 3108 detrahamus.
1005 3045 1114 3124 Ecquis
1137 3045 1216 3104 enirn
1239 3043 1380 3124 opificem

145 3147 327 3230 Sapientiam
349 3146 496 3209 dicentem
519 3146 659 3208 audiens:
681 3146 831 3210 Dominus
854 3151 969 3211 rreooit
983 3165 1029 3209 me
1047 3147 1377 3226 pronepotem-orarem

145 3269 290 3322 ruerem,
324 3267 386 3312 nou
420 3248 562 3312 eontinud
597 3267 720 3312 sensum
748 3250 883 3331 exquirat
910 3267 1078 3330 seuumque·
1095 3246 1205 3326 cogitet
1226 3245 1377 3324 quomodo

145 3351 271 3416 meotrix
301 3350 395 3413 creari
423 3348 545 3430 possiti
581 3349 658 3424 Quis
687 3351 871 3432 unigenitum
895 3350 949 3413 Dei
970 3349 1077 3411 filium
1100 3367 1133 3409 se
1154 3348 1267 3409 viarum
1288 3346 1376 3427 prin-

145 3453 255 3534 cipium
286 3452 380 3516 oreari
409 3453 538 3516 aientem
568 3454 691 3517 audiens
721 3474 782 3517 non
810 3473 867 3534 qua
889 3452 1005 3519 ratione
1028 3451 1058 3513 id
1080 3447 1187 3512 dixerit
1207 3447 1375 3528 investiget,

147 3555 382 3636 admireturque,
411 3555 460 3634 qui
483 3555 558 3618 fieri*
571 3565 676 3637 queat,
705 3565 740 3619 ut
760 3553 1045 3637 unigenitus'Fiiius
1067 3553 1229 3615 multorum
1249 3549 1375 3612 aliorum

147 3751 172 3794 et
194 3742 217 3792 t.
243 3733 439 3794 deerraturos
463 3734 627 3806 παρἀσκευῆ,
663 3743 736 3794 iterii.
821 3744 847 3794 b:
863 3744 964 3806 Sequor.
981 3734 1014 3790 τὸ
1033 3729 1123 3806 ῥητόν.
1159 3737 1202 3787 diii
1228 3745 1251 3788 et
1269 3735 1326 3786 editi
1343 3730 1377 3784 τὸ

147 3808 529 3872 irrequietudinem
552 3800 737 3859 itemdrroaeot-
788 3806 872 3878 ῥῆμα.
910 3809 984 3858 Panto
1003 3805 1181 3872 postFetrim.
1200 3804 1224 3855 5.
1243 3795 1276 3852 ἵν’
1303 3797 1377 3857 ἴσως.

147 3881 251 3932 vidtur·
281 3879 342 3927 Editi
362 3885 385 3926 et
400 3875 441 3926 eiii
454 3866 738 3946 ἇνακαίνωσεωςπρο-
822 3866 1172 3939 pretermittentes.
1209 3871 1377 3922 iteidemidem

145 3939 313 4014 παρασκευή.
789 3953 813 3994 et
836 3945 936 4006 Segner.
960 3935 1048 3992 ἶκτισέ
1069 3954 1105 4007 με
1127 3933 1165 3993 eis
1187 3933 1217 4007 ἕρ
1239 3956 1256 3988 α
1282 3929 1376 3987 αὐτοῦ.

155 4001 204 4066 ὀ.
223 4017 324 4076 Sequar.
349 4011 397 4072 τῆς
422 4005 559 4076 σωτηρίας
581 4007 630 4068 τῆς
647 4003 739 4077 iperi·
790 4011 834 4059 tut
860 4020 882 4061 et
907 4011 980 4060 editio
999 4010 1115 4060 Conmet.
1134 4001 1208 4058 into
1237 4021 1273 4074 με
1291 3997 1381 4074 ἀρχὴν

148 4095 207 4150 ρας.
246 4083 297 4132 iios
325 4081 388 4132 idem
414 4088 437 4130 et
461 4079 560 4130 Gotter.
585 4077 689 4128 Fetctm.
716 4079 739 4127 t.
791 4068 973 4126 ddeirer’rrori.
1000 4077 1058 4126 thid.
1078 4079 1178 4138 Sequar.
1197 4074 1379 4126 redemiret.
1442 4129 1444 4134 ,

150 4159 174 4200 et
197 4151 221 4201 d.
248 4143 278 4199 iv
300 4147 340 4214 τῷ
357 4145 481 4216 erorqi.
518 4146 581 4197 Editi
605 4151 629 4194 et
652 4146 692 4196 aiii
710 4139 741 4194 ἐν
792 4149 904 4194 omittunt
922 4136 1088 4212 φασκούσης.
1123 4144 1182 4194 item
1202 4159 1262 4194 mes.
1281 4143 1379 4193 etedit.

147 4217 273 4285 Χριστῷ.
793 4214 909 4262 Commei.
930 4213 986 4262 thid.
1006 4202 1265 4264 hahenteiuedpir.
1301 4209 1380 4258 Editio

184 4287 201 4338 t.
221 4284 361 4338 feletem&
376 4275 614 4342 demirantium.
640 4279 739 4344 Seguer.
793 4281 935 4330 Parisiensir
951 4273 1091 4346 roecurte
1107 4270 1140 4328 οὗ
1158 4278 1236 4338 ζητεῖ.
1264 4277 1314 4324 tter
1334 4274 1380 4321 Se-

151 4353 249 4406 uenter.
270 4353 372 4403 Fetetm.
395 4352 416 4402 i.
436 4342 627 4416 ἅνακριθῆναι.
777 4349 858 4410 ‘quen
884 4349 940 4409 nee.
964 4351 1055 4410 sopite.
1073 4347 1170 4400 Gobter.
1190 4344 1293 4396 i'etetm.
1316 4339 1336 4414 1,.
1355 4337 1379 4418 ⁴2·

182 4437 209 4498 q.
227 4423 326 4482 Sequor.
342 4413 547 4484 προλαμβάνων
564 4427 588 4469 et
600 4416 673 4482 paulo
686 4423 743 4482 port
793 4425 815 4464 et
834 4417 859 4466 5.
886 4409 901 4476 ἡ
924 4413 1060 4473 nituere.
1096 4416 1123 4464 ln
1148 4415 1203 4464 atita
1228 4417 1252 4460 et
1274 4406 1379 4464 editrsq

149 4500 221 4556 μητε
238 4475 308 4536 εἶναι
323 4482 432 4553 κτίσμα.
532 4547 533 4552 ¹
794 4481 870 4544 deest.
1155 4505 1161 4516 ·
1242 4512 1245 4518 -

186 4573 314 4616 Armraru
326 4581 378 4616 ore.
389 4581 460 4643 noer.
474 4583 524 4616 axx.
1143 4559 1176 4611 29
