3176 5058
459 217 974 264 sersromnsuscserrsmmsuts
991 221 1109 264 srroor.
1358 209 1400 274 83

168 372 277 452 impiae
299 387 370 434 suae
398 367 533 430 haeresis
559 369 788 448 propugnandae
815 389 903 434 causa
931 370 989 434 sibi
1019 371 1093 452 ipsis
1121 381 1192 434 sunt
1220 376 1486 450 commendasse.

167 471 309 553 quoniam
330 471 425 534 Deum
452 481 485 530 ct
505 467 623 530 Patrem
651 469 735 532 decet
761 471 869 549 gloria,
901 473 1000 534 bonor
1027 478 1058 532 et
1084 473 1218 538 adoratio
1250 497 1310 540 una
1332 497 1400 540 oum

167 572 306 654 principii
329 577 450 650 experte
473 569 604 632 eiusdem
626 569 701 632 Filio
724 579 754 632 et
775 571 888 646 Verbo,
914 592 970 634 nec
995 592 1057 634 non
1080 577 1271 640 sanctissimo
1295 597 1331 642 ac
1352 580 1398 642 ri·

167 673 254 735 uilico
276 672 407 751 Spiritu,
429 687 509 732 nunc
530 679 560 730 et
579 670 612 732 in
632 669 745 732 infinita
766 672 881 734 saccula
902 675 1095 736 saeculorum.
1136 679 1238 741 Amen.

592 1059 724 1118 tulisset!
741 1061 982 1118 classatellus

527 1177 636 1242 Epistola
654 1177 684 1228 cd
701 1191 760 1228 suaa
776 1179 906 1242 paroeciae
922 1179 1044 1228 homiues.

261 1312 289 1372 1.
334 1308 416 1381 Quae
437 1307 473 1370 de
484 1309 540 1370 lide
552 1307 760 1373 Ecclesiastica
782 1311 815 1374 in
837 1330 941 1392 magua
954 1311 1076 1392 Synodo
1088 1312 1213 1374 Nicaeae
1224 1323 1399 1393 congregata

172 1417 236 1472 aeta
258 1417 336 1484 sunt,
358 1409 516 1472 verisimile
537 1419 583 1474 cst
602 1430 667 1486 vos,
690 1411 798 1486 dilecti,
821 1412 939 1474 aliunde
953 1431 1074 1493 quoque
1088 1413 1239 1488 didicisse,
1263 1433 1329 1476 cum
1344 1433 1398 1476 so-

169 1510 229 1572 leat
248 1512 324 1572 lama
345 1521 509 1574 accuratam
530 1530 631 1574 rerum
653 1511 854 1575 narrationem
867 1532 1071 1594 praecurrere.
1108 1513 1218 1576 Verum
1236 1533 1275 1578 ne
1289 1515 1395 1580 buius-

168 1611 250 1674 modi
277 1629 401 1674 rumorc
427 1631 477 1674 res
505 1611 590 1674 aliter
618 1613 704 1676 robis
731 1623 868 1676 uarrctur
897 1633 1054 1678 aereaere
1076 1613 1236 1690 sehabet,
1270 1635 1396 1680 neccsse

167 1731 238 1774 csse
260 1713 398 1776 duximus
425 1713 462 1774 ad
490 1732 544 1776 vos
573 1713 702 1794 primum
730 1715 848 1794 quidem
875 1715 954 1776 illam
982 1713 1051 1777 lidei
1078 1715 1234 1778 formulam
1266 1719 1394 1794 mittere,

167 1831 245 1892 quae
268 1831 285 1873 a
306 1812 393 1874 nobis
414 1813 570 1894 proposita
592 1823 648 1889 est,
672 1815 778 1876 deinde
799 1815 929 1890 alteram,
952 1833 1040 1896 mam
1061 1816 1213 1878 nonnullis
1236 1818 1273 1880 ad
1289 1828 1393 1883 nostra

168 1912 258 1975 verba
281 1913 386 1976 addiu's
407 1915 574 1976 ediderunt.
618 1915 719 1995 ltaque
740 1924 843 1978 noster
863 1915 989 1990 libellus,
1013 1918 1063 1997 qui
1077 1925 1235 1998 praesente
1256 1919 1393 1998 piissimo

167 2013 351 2096 Imperatore
372 2026 478 2077 nostro
499 2015 610 2092 iectus,
640 2025 739 2079 rectus
763 2025 792 2078 et
813 2017 1027 2098 approbatione
1049 2017 1155 2098 diguus
1178 2035 1248 2080 esse
1270 2028 1316 2080 est
1339 2021 1395 2080 de·

164 2115 305 2190 claratus,
327 2116 498 2180 huiusmodi
523 2124 580 2179 est.

250 2319 282 2382 2.
328 2317 583 2390 Quemadmodum
613 2319 780 2399 recepimus
802 2316 839 2377 ab
862 2315 1031 2395 episeopis,
1060 2315 1109 2392 qui
1136 2331 1195 2374 nos
1224 2321 1398 2374 antecesse-

163 2424 249 2488 runt,
271 2435 329 2478 nec
341 2435 414 2483 non.
426 2419 457 2479 iu
470 2419 566 2498 prima
580 2417 738 2493 catechesi,
761 2427 791 2480 et
812 2435 880 2479 cum
894 2415 1096 2494 acciperemus
1111 2412 1267 2486 lassemur,
1291 2431 1396 2494 quens

166 2516 329 2580 admodum
356 2518 428 2582 item
456 2537 492 2582 ex
519 2519 626 2584 divinis
647 2519 806 2582 didicimus
833 2516 960 2587 litteris,
994 2533 1029 2578 ac
1056 2533 1121 2576 cum
1150 2513 1180 2576 iu
1207 2514 1394 2598 Presbyterio

164 2625 231 2680 tum
253 2617 372 2700 inipso
398 2620 574 2701 Episcopatu
597 2620 776 2682 credidimus
800 2627 828 2680 et
850 2617 1027 2687 docuimus,
1052 2614 1096 2677 sic
1116 2615 1203 2678 etiam
1225 2633 1305 2680 nuuc
1326 2635 1392 2680 cre-

165 2717 272 2782 dentes
294 2720 384 2782 tidem
405 2731 539 2784 nostram
559 2719 645 2780 vobis
668 2721 832 2791 oberimus,
855 2737 930 2799 quae
952 2719 996 2780 sic
1018 2736 1052 2778 se
1074 2715 1171 2779 babet.

259 2919 288 2980 3.
333 2916 489 2978 Credimus
509 2918 540 2977 in
561 2934 653 2978 uuum
673 2917 777 2992 Deum,
797 2918 915 2979 Patrem
938 2919 1178 2998 omnipotentem,
1200 2918 1332 2980 omnium
1347 2917 1393 2979 vi-

170 3015 304 3078 sibilium
326 3025 357 3077 et
378 3015 568 3078 invisibilium
592 3017 769 3092 effectorem,
793 3026 822 3078 et
842 3019 874 3078 iu
895 3035 984 3079 uuum
1005 3017 1160 3082 Dominum
1182 3019 1282 3080 lesum
1304 3017 1391 3080 Chri-

171 3125 268 3192 stum‚
296 3117 351 3180 uei
375 3115 516 3190 Verbum,
545 3117 639 3180 Deum
663 3135 698 3178 ex
719 3116 798 3190 Deo,
827 3117 927 3178 lumen
948 3137 980 3180 cx
1003 3119 1126 3194 lumine,
1155 3119 1243 3182 uum
1267 3138 1301 3181 ex
1323 3119 1392 3191 rita,

165 3219 275 3282 Filium
297 3217 492 3299 unigenitum,
513 3217 744 3300 primogenitum
766 3219 863 3280 omnis
885 3229 1044 3294 creaturae,
1065 3229 1133 3282 aute
1156 3221 1254 3282 omnia
1276 3217 1392 3281 saecula

165 3339 206 3382 ex
226 3320 314 3384 Patre
335 3320 477 3400 genitum,
499 3339 663 3400 perquem
687 3328 717 3382 et
739 3321 835 3384 omnia
857 3321 931 3382 tacu
952 3331 1032 3397 sunt,
1055 3321 1105 3401 qui
1121 3327 1245 3400 propter
1258 3327 1391 3380 nostram

163 3419 293 3483 salutem
315 3422 483 3483 incarnatus
511 3429 558 3483 est
578 3431 609 3483 et
627 3422 707 3484 iuter
727 3422 865 3484 homiues
888 3421 974 3496 vixit,
1003 3421 1053 3501 qui
1080 3439 1187 3502 passus
1216 3429 1263 3482 est
1288 3427 1318 3481 et
1337 3437 1391 3479 re-

164 3520 299 3584 surrexit
319 3522 404 3583 tertia
427 3520 473 3582 die
497 3529 526 3584 et
547 3522 681 3585 aseendit
702 3522 738 3584 ad
759 3523 893 3596 Patrem,
921 3521 1086 3600 iterumque
1114 3539 1180 3582 cum
1202 3520 1293 3600 gloria
1316 3537 1477 3596 reu-m,

163 3631 253 3686 turus
276 3629 337 3696 est,
365 3631 399 3684 ut
425 3622 535 3684 iudicet
560 3622 642 3684 uros
673 3631 703 3686 et
729 3633 874 3686 mortuos.
919 3621 1074 3686 Credimus
1103 3639 1219 3702 quoque
1247 3619 1390 3682 inunum

154 3723 309 3807 Spiritum
333 3733 484 3799 sanetum,
506 3724 670 3804 horumque
693 3725 853 3804 quemlibet
875 3743 942 3786 esse
966 3733 995 3786 et
1017 3721 1144 3784 existere
1165 3721 1310 3783 eredimus
1332 3719 1391 3781 Pa-

191 4016 211 4066 t.
231 4009 317 4062 Editio
342 4009 457 4060 Commcl.
476 4009 667 4075 recreatae».
705 4011 752 4061 So·
838 4013 853 4060 i.
872 4011 986 4060 Socrates
1003 3998 1212 4088 έῃιστεὺοζαμεν.

151 4075 445 4142 cratesupocedsiuor.
837 4079 859 4128 l.
879 4078 999 4126 Tbeodor.
1019 4077 1107 4126 omittit
1124 4075 1198 4140 υμῖν.
1236 4074 1296 4124 ibid.
1309 4073 1391 4125 Gales.

192 4163 216 4212 3.
237 4146 310 4212 dpud
336 4145 414 4196 Gelos.
434 4145 510 4210 Cyclo.
533 4148 643 4262 saritur
666 4146 751 4196 boios·
804 4146 880 4208 Cyzic
898 4139 1110 4222 nporplpopreffi

154 4216 228 4270 modi
247 4211 352 4264 titulus:
370 4203 386 4272 ἧ
404 4203 451 4278 ὑφ’
472 4205 551 4278 ἡμῶν
571 4208 752 4264 κτεθεῖσαπί-
838 4213 854 4260 Ι.
874 4211 996 4260 Theodec.
1014 4221 1143 4260 πιστευω.

153 4296 230 4339 cccc,
251 4283 311 4344 tides
329 4297 344 4330 o
360 4281 429 4330 colis
446 4283 559 4344 amorio.
838 4293 871 4327 m.
882 4279 995 4328 Socrates
1009 4273 1056 4326 sol
1066 4281 1163 4330 omittit.
1181 4275 1241 4328 ibid.
1252 4273 1392 4324 baeorcrba

192 4353 218 4402 b.
240 4351 357 4398 Socrates
374 4348 463 4398 omittit
478 4339 583 4463 ugoirp.
603 4347 752 4438 ffidlbeo-
803 4338 910 4394 τούτων
926 4337 1042 4394 tractor
1059 4355 1083 4396 et
1101 4361 1161 4410 quac
1173 4349 1306 4416 sequuntur
1316 4353 1394 4404 usquc

513 4429 530 4463 ν
547 4423 592 4466 etc.
803 4415 833 4463 ad
849 4405 943 4466 καθώς
960 4414 1048 4464 desunt
1066 4414 1129 4480 uputl
1148 4413 1228 4466 Gelos.
1249 4410 1324 4472 Cyrae.

1040 4491 1188 4544 .d*

153 4420 213 4471 dor.
234 4407 284 4465 ὅτε
300 4409 346 4464 xci
362 4408 395 4464 cd
412 4411 494 4481 tootp
