3176 5058
249 259 291 322 64
540 309 543 316 ,
647 269 673 312 ε.
689 267 842 310 rrsrrrssrr
858 267 1078 310 rooorsrrsoorr

163 419 337 488 κατοίσειν
360 415 377 484 ὁ
400 417 506 503 λύγος,
530 411 549 502 ἡ
573 421 678 502 σοφία
698 416 757 480 τού
780 411 915 499 πατρός,
940 413 973 479 ἐν
995 401 1182 498 ᾦύπατὴρ
1198 406 1476 479 ἀποκαλύπτεται

247 523 300 587 καί
323 519 518 605 γινώσκεται
539 519 592 582 καί
615 516 813 602 δημιουργεῖ,
836 513 890 580 καί
914 504 952 579 οὗ
975 513 1051 579 ἀνευ
1075 508 1170 578 οὐδὲν
1193 507 1211 576 δ
1233 511 1342 598 πατὴρ
1364 521 1473 592 ποιεῖ,

163 621 364 704 ε,κκο.“δῆλον
392 615 446 683 ὅτι
474 613 572 695 αύτύς
601 615 671 682 ἰστι
698 615 737 684 τὸ
767 614 800 681 ἐκ
821 618 879 680 τού
902 613 1043 699 πατρὸς·
1073 607 1174 680 αὐτοῦ
1196 612 1257 698 γὰρ
1279 614 1335 680 καὶ
1356 613 1475 681 πάντα

246 721 288 788 τά
309 717 445 806 γεννητά
465 725 599 801 μετέχει,
622 722 797 800 μετέχοντα
817 719 875 781 τοῦ
898 711 992 800 άγίου
1014 702 1209 798 πνεύματος.
1256 711 1341 780 ούτιν
1365 716 1401 781 δέ
1424 711 1477 782 ἀίν

248 819 307 890 ούκ
335 821 430 887 ἔσται
456 820 491 899 ἐξ
519 815 576 884 ούκ
606 815 709 884 ὄντων
731 815 806 883 ούτε
829 813 914 895 ὅλως
935 822 1072 899 κτίσμα,
1102 810 1185 882 ἀλλά
1206 815 1331 899 μᾶλλον
1354 815 1389 881 ἰκ
1410 820 1476 882 τοῦ

249 922 377 1008 πατρὸς
399 921 484 987 ἰ’διον
505 927 653 1006 γέννημα,
678 914 723 996 ὡς
745 918 779 984 ἐκ
801 917 913 1004 φωτὸς
934 915 973 982 τὸ
996 911 1207 1001 ἀπαύγασμα.

247 1085 251 1101 ,
335 1030 384 1090 25.
432 1023 474 1090 Οἱ
500 1023 560 1106 μὲν
587 1010 644 1086 σύν
676 1019 710 1085 έν
739 1022 926 1106 τῇΝικαίᾳ
955 1016 1171 1096 συνελθόντες
1198 1015 1318 1104 ταύτην
1342 1017 1476 1099 ἔχοντες

148 1147 172 1210 ᾗ
250 1125 308 1213 τὴν
335 1123 483 1190 διάνοιαν
510 1121 666 1199 τοιαύτας
693 1117 830 1197 καὶτὰς
852 1120 954 1198 λέξεις
977 1118 1135 1204 ἔγραψαν.
1180 1114 1234 1184 ὅτι
1255 1118 1291 1184 δὲ
1313 1111 1371 1200 ούχ
1394 1117 1476 1184 ἑαυ-

249 1237 319 1304 τοῖς
340 1223 525 1302 πλάσαντες
548 1221 730 1309 έπενύησαν
751 1220 881 1299 ταύτας,
906 1219 1021 1305 ἐπειδὴ
1044 1220 1218 1286 καὶτοῦτο
1240 1219 1476 1307 προφασίζον-

247 1353 326 1408 ται,
348 1321 416 1392 ἀλλ)
441 1323 573 1392 ἀνωθεν
601 1321 695 1408 πσρά
725 1325 791 1388 τῶν
819 1321 887 1407 πρὸ
910 1317 1017 1386 αὐτῶν
1039 1321 1289 1406 παραλαβόντες
1311 1320 1473 1409 εἰρήκασι,

248 1435 327 1516 φέρε
352 1427 408 1493 καὶ
436 1431 534 1493 τοῦτο
565 1426 791 1510 διελέγξομεν,
821 1423 877 1489 ἵνα
903 1423 987 1510 μηδὲ
1017 1418 1097 1510 αύτη
1120 1417 1234 1500 αὐτοῖς
1255 1417 1274 1510 ἡ
1298 1420 1475 1509 πρόφασις

247 1530 490 1616 περιλείπηται.
533 1527 662 1612 μάθετε
683 1532 802 1604 τοίνυν,
826 1514 854 1590 οἰ
874 1521 1091 1608 χριστομάχοι
1109 1517 1284 1608 Ἀρειανοί,
1310 1519 1363 1588 ὅτι
1386 1523 1473 1590 Θεά-

246 1653 392 1716 γνωστσς
413 1635 481 1713 μέν,
505 1623 584 1716 ἀνὴρ
607 1627 725 1712 λόγιος,
750 1621 788 1692 ού
810 1625 1024 1712 παρῃτήσατο
1046 1622 1084 1689 τὸ
1098 1623 1133 1692 ἐκ
1147 1627 1205 1712 τῆς
1220 1618 1334 1702 οὐσίας
1350 1623 1471 1692 εἰπεῖν.

248 1731 384 1818 γράφων
412 1729 472 1816 γάρ
500 1727 579 1814 περὶ
607 1729 679 1794 υἱοῦ
709 1727 742 1793 ἰν
770 1729 816 1812 τῷ
846 1727 986 1813 δευτέρῳ
1008 1714 1074 1792 τῶν
1096 1719 1344 1792 ύποτυπιύσεων
1367 1721 1475 1804 ούτιος

249 1833 389 1918 εἴρηκεν·
412 1826 469 1896 οἰκ
492 1831 616 1908 ἔξωθέν
638 1834 689 1906 τίς
711 1827 799 1895 ἐστιν
822 1826 1043 1913 ἐφευρεθεῖσα
1065 1821 1247 1913 proripio&
1262 1821 1369 1906 οὐσία,
1395 1822 1472 1894 οὐδὲ
1504 1885 1508 1892 .

249 1932 283 1999 ἐκ
303 1931 348 2020 μὴ
373 1929 476 1998 ὄντων
499 1928 688 2016 ἰπειςηγίίη,
713 1923 796 1994 ἀλλά
819 1927 853 1994 έκ
874 1933 931 2016 τῆς
952 1931 1011 1994 τοῦ
1034 1925 1163 2012 πατρὸς
1185 1921 1300 2006 ούσίας
1323 1928 1402 2015 ἔφυ,
1426 1925 1472 2006 ὡς

248 2037 306 2099 τοῦ
330 2032 442 2122 φωτὸς
463 2031 507 2098 τά
525 2027 741 2116 ἀπαύγασμα,
767 2024 811 2107 og
833 2025 953 2108 ύδατος
976 2023 1089 2112 ἀτμίς·
1120 2024 1195 2094 ούτε
1216 2027 1277 2113 γάρ
1299 2027 1338 2094 τὸ
1361 2024 1471 2096 ἀπαύ-

248 2157 359 2220 γασμα
389 2131 463 2201 ούτε
490 2128 510 2218 ἡ
540 2129 637 2216 άτμίς
665 2128 745 2198 αὐτὸ
767 2129 806 2196 τὸ
829 2126 916 2214 ύδιυρ
940 2128 1029 2196 ἐστὶν
1051 2123 1072 2214 ἢ
1094 2125 1192 2207 αὐτὸς
1215 2124 1233 2194 ὁ
1255 2125 1364 2214 ἥλιος·
1396 2128 1471 2196 ούτε

249 2233 437 2320 ἀλλότριον,
469 2229 552 2300 ἀλλά
581 2230 748 2318 ἀπόῤῥοια
775 2235 833 2317 τῆς
855 2234 913 2295 τοῦ
937 2228 1063 2313 πατρὸς
1086 2225 1217 2308 ούσίας,
1248 2225 1286 2294 ού
1307 2230 1469 2316 μερισμὸν

248 2333 474 2423 ύπομεινάσης
500 2338 558 2422 τῆς
585 2337 643 2400 τοῦ
672 2331 799 2416 πατρὸς
828 2326 951 2408 ούσίας.
997 2328 1042 2406 ὡς
1070 2329 1130 2416 γάρ
1158 2337 1265 2413 μένων
1294 2326 1470 2418 ὁῆλιοςύ

249 2431 348 2514 ούτὸς
371 2433 407 2502 ού
431 2441 584 2520 μειοῦται
605 2445 679 2512 ταῖς
702 2433 905 2515 ἐκχεομένοις
928 2426 983 2496 ὑπ’
1009 2427 1109 2496 αύτσῦ
1125 2425 1249 2516 αὐγαῖς,
1274 2427 1379 2511 οὕτως
1394 2430 1469 2500 οὐδὲ

249 2534 268 2623 ἡ
298 2533 394 2602 ούσία
421 2539 479 2600 τού
507 2535 635 2619 πατρὸς
663 2529 840 2599 ἀλλοίωσιν
862 2529 1052 2615 ὑπέμεινεν,
1084 2531 1192 2598 εἰκόνα
1214 2532 1330 2619 ἑαυτῆς
1352 2535 1472 2615 ἔχουσα

249 2635 307 2702 τὸν
335 2636 415 2702 rior.
462 2631 479 2700 δ
508 2637 568 2718 μὲν
597 2624 653 2699 οὖν
678 2633 889 2718 Θεόγνωστος
917 2631 978 2699 1’τά
1007 2631 1153 2718 πρότερα
1185 2629 1230 2712 ὡς
1253 2633 1286 2700 ἰν
1306 2642 1472 2720 γυμνασίᾳ

251 2736 421 2816 ἐξετάσας,
444 2732 581 2820 ύστερον
602 2733 660 2820 τὴν
684 2735 800 2802 ἑαυτοῦ
824 2734 921 2813 δόξαν
944 2731 1063 2812 τιθείς,
1085 2729 1193 2812 οὕτως
1217 2735 1343 2823 εἰρηκεν.
1381 2737 1468 2798 Διο-

250 2837 362 2916 νύσιος
385 2839 420 2904 δὲ
444 2832 461 2902 ὁ
483 2836 654 2923 γενόμενος
676 2835 859 2913 ἐπίσκοπος
880 2837 938 2920 τῆς
955 2829 1204 2921 Ἀλεξανδρείας
1225 2835 1309 2902 κατὰ
1329 2837 1385 2900 τοῦ
1402 2840 1472 2900 Σα-

192 2938 196 2944 ’
249 2941 380 3026 βελλίου
403 2938 555 3026 γράφων,
579 2937 643 3026 ,τήν
664 2963 700 3004 τε
722 2935 805 3003 κατὰ
826 2935 931 3022 σάρκα
953 2936 1142 3020 οἰκονομίαν
1163 2939 1222 3002 τού
1246 2940 1391 3024 σωτῆρος
1414 2937 1472 3002 διὰ

249 3039 413 3108 πλειόνων
436 3039 655 3128 ἐξηγούμενος,
679 3038 735 3106 καὶ
757 3039 792 3117 ἐξ
813 3035 912 3122 αὐτῆς
928 3037 1099 3120 διελέγχων
1114 3037 1190 3115 τοὺς
1204 3038 1470 3123 Σαβελλίζσυτας,

249 3139 302 3209 ὅτι
328 3141 372 3230 μὴ
401 3138 418 3208 ὅ
447 3142 556 3229 πατήρ
585 3142 674 3208 ἐστιν
704 3135 721 3205 ὃ
751 3138 924 3226 γενόμενος
946 3137 1037 3222 σάρξ,
1061 3133 1129 3205 ἀλλ’
1156 3134 1312 3204 ὁτούτου
1335 3138 1470 3224 λόγος“),
1561 3193 1562 3226 r

249 3241 294 3321 ὡς
317 3239 408 3311 εἶπεν,
431 3242 449 3310 ὁ
468 3240 625 3329 Ἰωάννης,
650 3239 765 3325 ἐπειδὴ
789 3236 961 3325 ύπενοήθη
985 3235 1029 3316 ὡς
1052 3245 1180 3325 ποίημα
1202 3239 1257 3306 καί
1271 3237 1404 3326 γενητὸν
1420 3241 1473 3306 λέ-

248 3369 313 3428 γων
335 3343 392 3408 τὸν
414 3341 487 3410 υἱὸν
509 3343 564 3408 καλ
586 3341 630 3426 μὴ
655 3337 832 3422 ὁμοούσιον
853 3341 899 3424 τῷ
922 3345 1033 3424 πατρί,
1057 3339 1176 3427 γράφει
1197 3339 1282 3426 πρὸς
1302 3339 1360 3406 τὸν
1384 3337 1473 3424 ὁμώ-

246 3465 351 3525 νυμον
374 3437 462 3526 αύτῷ
485 3439 664 3506 Διονύσιον
686 3437 744 3504 τὸν
768 3437 951 3506 ἐπίσκοπον
971 3437 1100 3528 Ῥιύμης,
1126 3438 1391 3528 ἀπολογούμενος
1414 3464 1472 3506 συ-

281 3627 286 3632 ·
321 3613 344 3670 ¹)
365 3612 429 3660 loon.
450 3610 472 3670 1,
492 3611 533 3660 24.

269 3725 306 3778 ἀ.
325 3729 365 3778 sie
384 3730 439 3790 Res.
475 3731 502 3778 λι
525 3729 564 3777 ilii
584 3729 680 3778 credili
699 3721 833 3787 δηλονότι.

284 3797 307 3844 b.
328 3797 356 3845 Ut
381 3797 423 3844 isio
443 3797 616 3856 ἰυίεΙΙίςκυιιιι,
641 3799 771 3846 notandum
791 3805 834 3856 esi,

251 3863 430 3925 Thesprio-ium
455 3872 515 3914 testo
539 3865 622 3913 Piroiio
651 3865 762 3913 Biiriiorir.
780 3867 834 3914 rod.

253 3930 309 3982 106.
334 3941 427 3994 soprrm
453 3935 618 3996 composuisse
643 3934 779 3992 orationes,
811 3935 833 3982 in

251 4014 352 4063 quorum
372 3999 492 4061 prioribus
510 4017 537 4048 σε
556 4002 684 4063 prarciprrr.
695 4001 718 4048 in
729 4001 833 4049 soconda

251 4069 331 4116 minos
356 4067 487 4116 orthodoxe
511 4067 602 4116 viderur
625 4069 714 4116 sentire
739 4069 768 4116 dr
791 4067 834 4115 voi

253 4135 321 4194 Filio,
332 4149 410 4198 ¹qrrrrn
430 4135 521 4184 scilicet
540 4151 589 4184 rein
610 4143 713 4184 oreoiom
729 4151 781 4184 osso
792 4136 836 4184 do·

252 4211 304 4262 0⁰¹3
328 4211 351 4250 ει
374 4205 396 4250 irr
422 4205 522 4264 septima
548 4211 571 4250 et
589 4211 710 4264 postremo
729 4203 837 4251 oratione

252 4270 384 4318 orthodoxe
402 4271 474 4317 sentit
492 4272 521 4317 rie
540 4270 616 4328 fiiis,
635 4272 665 4318 de
684 4285 731 4332 quo
751 4283 837 4332 nrmpo

157 4339 159 4344 ’
251 4336 311 4384 lisso
329 4337 420 4394 habeis
428 4351 489 4399 quoe
500 4338 539 4385 hic
549 4339 642 4398 proirrl
652 4341 676 4386 S.
685 4339 836 4393 Alhnrrasios.

252 4403 291 4464 qoi
311 4419 353 4465 per
371 4406 430 4452 hooc
447 4404 517 4452 rerba
537 4395 572 4450 τά
580 4396 702 4467 πρότερα
712 4417 760 4451 non
773 4403 836 4450 aliod

253 4479 316 4520 certo
334 4473 453 4533 intelligit,
473 4485 543 4534 quam
564 4471 658 4532 priores
678 4469 729 4518 eins
747 4473 837 4517 στειλα-

888 3745 939 3788 nes,
958 3732 981 3780 in
1000 3731 1088 3795 quibos
1106 3733 1185 3781 minus
1204 3739 1267 3782 recte
1286 3733 1315 3780 do
1328 3731 1387 3780 Filio
1407 3731 1475 3784 ride-

887 3805 926 3846 tur
944 3799 1080 3860 disserere;
1106 3799 1148 3848 ssd
1174 3799 1195 3846 id
1221 3813 1275 3848 eum
1295 3799 1474 3848 exercitationis

886 3873 977 3914 trorum
996 3869 1069 3927 gratis
1088 3869 1217 3929 scripsisse
1235 3869 1267 3916 sii
1285 3868 1308 3915 S.
1320 3867 1478 3926 Athanasius,

887 3947 934 3980 ooo
953 3949 1008 3982 vero
1028 3949 1054 3982 er
1074 3935 1171 3997 proprio
1190 3944 1278 3992 mento.
1296 3949 1368 3998 quom
1384 3934 1474 3998 ipsein

888 4001 970 4048 ultimo
995 4003 1103 4050 oratione
1134 4001 1252 4062 exposuit.
1295 4001 1384 4050 Eodem
1415 4003 1473 4048 irem

887 4068 1031 4116 modorum
1051 4069 1146 4118 detondi
1167 4083 1238 4130 posse
1257 4069 1289 4116 sit
1302 4069 1410 4124 Pontius.
1429 4083 1474 4116 co·

890 4137 927 4182 ios
947 4139 1005 4182 hooc
1023 4143 1076 4184 sunl
1095 4137 1179 4185 verbo:
1198 4127 1258 4182 υἱὸν
1277 4129 1305 4182 δὲ
1323 4129 1476 4198 λέγωνκτί-

890 4212 947 4265 σμα
966 4191 1052 4248 αὐτὸν
1070 4191 1142 4262 ἀποη
1151 4195 1220 4250 αἰνει
1231 4197 1277 4248 καὶ
1289 4201 1345 4248 τῶν
1353 4199 1476 4266 λογικῶν

886 4262 977 4348 μόνον
995 4262 1158 4322 ἐπιστατεῖν,
1177 4263 1223 4316 καὶ
1236 4259 1364 4323 ἀλλάττει,
1384 4261 1475 4344 ὥσπερ

892 4335 948 4402 Ιίὶρι
966 4331 1035 4394 ἕνης,
1054 4329 1210 4400 ἰπιφέρειτ
1253 4329 1313 4400 υἰηῖ,
1332 4327 1385 4384 εἴτε
1396 4327 1477 4400 ὁμοι-

890 4417 926 4456 ως
943 4349 1034 4483 άιείνην
1053 4399 1196 4466 δυσσεβεῖς
1213 4349 1343 4456 ἰίιλωκιύε.
1365 4395 1418 4452 εἴτε
1437 4395 1478 4454 ιύς

889 4462 924 4517 ἄν
940 4484 981 4523 τις
998 4484 1070 4519 ornos
1087 4465 1280 4536 ἐκβιασάμενος
1290 4460 1477 4538 τὴνύπὶριιύ-
