3102 5042
520 265 627 318 enarro
644 266 682 310 rr.
699 265 814 309 conara
827 265 963 310 tarenos.
1282 251 1344 318 659

118 439 207 484 earne
230 418 421 482 eoniunetum
444 433 512 478 esse
534 415 624 488 audit,
648 415 779 478 divinum
800 433 890 480 unum
912 415 1095 498 simplexque
1116 416 1258 498 intelligat
1278 433 1427 500 nep-rm

118 523 256 586 sterium.
300 519 409 581 Verum
431 517 610 580 luculentius
632 506 802 598 certiusque
824 517 929 597 queris
952 518 1108 580 ratioeinie
1131 539 1181 594 ea,
1213 539 1288 600 quaa
1309 521 1345 584 ab

115 621 301 702 Archangelo
337 619 375 682 ad
408 619 503 698 ipsam
532 617 685 699 lleiparam
715 619 792 682 dieta
819 627 903 692 sunt,
934 619 1022 682 divini
1052 620 1139 684 Verbi
1168 629 1197 682 et
1217 621 1346 684 hominis

116 726 260 810 unitatem
284 719 567 784 demonstraverint:
591 721 654 782 eius
677 720 750 782 haee
771 728 840 783 sunt
862 720 965 782 uerba:
989 721 1124 802 spirim
1147 733 1270 786 reactus
1293 743 1348 786 aa·

13 885 18 896 .
114 831 277 911 perveniet
297 829 330 887 ta
353 837 395 896 te,
429 835 460 886 et
481 827 581 884 uirtus
605 822 755 885 Altr'rsr'nn'
775 823 963 886 obumbrabit
986 825 1053 894 tibi,
1076 825 1198 905 ideoque
1220 835 1248 888 et
1269 826 1349 905 quod
1430 863 1436 886 r

117 940 266 993 ueremur
293 935 445 995 sanetum,
477 923 636 986 verebitur
658 923 754 986 Filius
777 922 843 986 Det.
888 922 982 986 Stulte
1009 923 1098 1002 igitur
1120 924 1348 988 Samosatenaes

119 1030 250 1092 Verbum
272 1027 420 1098 dividunt,
454 1043 521 1086 eum
537 1025 585 1087 bis
608 1045 643 1088 ex
666 1024 763 1088 verbis
785 1025 893 1086 clarum
917 1026 974 1100 sit,
997 1025 1094 1106 ipsum
1117 1027 1232 1090 unitum
1254 1027 1348 1093 tuisse

121 1131 234 1194 bomini
258 1148 292 1191 ox
314 1127 404 1190 blaria
427 1134 571 1192 assumto
616 1126 683 1190 Non
712 1145 783 1206 ergo
805 1126 934 1190 Verbum
956 1143 1009 1206 per
1031 1127 1179 1190 Christum
1203 1136 1249 1190 est
1269 1129 1346 1194 mis-

120 1253 199 1306 sum,
224 1230 277 1294 sed
299 1229 400 1310 potius
423 1228 455 1292 'm
476 1227 596 1292 Christo
618 1229 709 1302 misit,
733 1247 800 1292 eum
822 1228 876 1290 ait:
906 1229 964 1302 lte,
988 1231 1088 1292 deceta
1112 1248 1212 1294 omnes
1233 1241 1345 1310 pentae.

208 1438 258 1500 33.
304 1432 421 1496 Snilioet
441 1431 466 1494 is
490 1438 536 1493 est
558 1448 624 1492 mos
648 1429 834 1510 Scripturas,
865 1432 1036 1511 simplieiter
1064 1441 1093 1496 et
1112 1433 1187 1516 usiae
1217 1415 1345 1499 ororna-

122 1542 205 1603 tione
226 1537 312 1602 verba
336 1536 452 1596 etlerre.
497 1533 546 1594 Sic
568 1532 693 1611 exempli
722 1532 816 1610 gratia
838 1534 867 1596 in
888 1533 965 1596 libro
986 1534 1185 1598 Numerorum
1206 1535 1280 1596 baeu
1300 1534 1345 1604 le.-

122 1641 231 1720 gimus:
263 1639 351 1704 ormo
374 1635 493 1714 Mopsus
516 1633 644 1714 linquetr'
664 1634 847 1699 Mudr‘unitee
874 1655 982 1715 penore
1011 1635 1136 1716 Moysis.
1179 1635 1240 1698 Nee
1266 1636 1348 1700 euim

121 1743 197 1808 alius
219 1749 283 1802 erat
304 1739 439 1819 Moyses,
468 1736 517 1816 qui
539 1735 729 1815 loquebatur,
758 1745 788 1798 et
809 1737 899 1812 alius,
922 1739 1005 1802 euius
1028 1757 1120 1816 gener
1142 1747 1205 1802 erat
1225 1739 1346 1817 Regnoi,

116 1845 174 1908 sed
197 1862 275 1908 unus
298 1850 360 1904 erat
381 1839 509 1918 bloyses.
556 1838 745 1920 Quapropter
767 1839 799 1916 si,
816 1839 928 1919 pariter
949 1839 1076 1904 Verbum
1099 1839 1168 1914 lbei,
1192 1839 1347 1920 sapientia,

119 1948 228 2019 uirtus,
251 1943 380 2015 dextera,
403 1941 558 2004 brachium
580 1941 745 2020 similiaque
768 1941 940 2021 appellatur,
965 1942 990 2004 si
1013 1941 1083 2004 item
1099 1961 1166 2004 sese
1182 1925 1269 2004 nobis
1285 1941 1346 2002 ele-

117 2057 237 2112 menter
263 2043 416 2110 oouiuoxit
444 2053 624 2122 nostrasque
653 2043 750 2104 induit
778 2043 939 2122 primitias,
969 2043 1143 2122 quibuscum
1172 2063 1241 2106 sese
1262 2059 1346 2104 eom-

118 2149 256 2222 miscuit;
279 2167 350 2228 ergo
372 2147 463 2210 etiam
485 2143 561 2210 idern
583 2144 711 2208 Verbum
734 2153 831 2206 cetera
850 2144 969 2206 nomina
993 2145 1057 2207 iure
1078 2144 1184 2208 merito
1208 2143 1349 2210 sortitum

116 2263 178 2318 est.
221 2251 300 2316 Haeo
327 2250 406 2311 enim
433 2247 553 2310 loannis
582 2248 689 2320 verba,
719 2245 827 2324 quibus
855 2246 983 2308 Verbum
1011 2247 1042 2306 io
1070 2245 1216 2324 principio
1243 2244 1346 2318 tuisse,

117 2366 151 2419 et
173 2352 250 2434 apud
274 2351 367 2412 Deum
389 2369 422 2410 ae
444 2349 536 2412 Qum
558 2347 663 2420 luisse,
686 2347 843 2426 omniaque
864 2366 917 2426 per
938 2347 1035 2426 ipsum
1057 2347 1131 2408 taeta
1152 2365 1232 2421 esse,
1255 2345 1345 2408 nibil·

119 2475 180 2536 que
202 2453 270 2516 sine
291 2451 359 2530 ipso
382 2469 449 2512 esse
469 2453 579 2514 laetum
601 2450 722 2524 dieitur,
752 2458 852 2529 aperte
880 2450 1012 2529 prolecto
1042 2449 1220 2534 ostendunt,
1248 2450 1348 2531 ipsum

121 2555 242 2638 queque
264 2552 413 2618 bominem
435 2551 488 2616 liei
510 2551 598 2614 Verbi
621 2571 696 2632 opus
720 2571 798 2614 esse.
844 2553 943 2632 ltaque
963 2551 989 2614 si
1005 2572 1083 2626 eum,
1107 2561 1261 2632 postquam
1277 2571 1347 2614 eor·

119 2667 228 2738 ruptus
252 2665 314 2729 est,
347 2655 377 2718 in
399 2675 432 2718 se
452 2654 599 2736 suscepit,
628 2662 660 2716 ut
682 2656 779 2734 ipsum
802 2653 898 2717 stabili
921 2663 951 2716 et
973 2655 1055 2718 tirma
1085 2654 1131 2718 sui
1153 2654 1346 2718 renovatione
1356 2661 1432 2707 butt·

120 2767 268 2840 perpetuo
292 2777 520 2838 permansurum
541 2757 692 2830 reticeret,
722 2776 807 2836 quam
837 2757 954 2836 quidem
984 2755 1021 2816 eb
1049 2775 1167 2820 eausam
1196 2756 1290 2820 eidem
1314 2773 1348 2818 se

124 2861 285 2934 eemuamt,
308 2869 341 2921 ut
363 2859 444 2924 illrrm
467 2860 497 2921 in
514 2869 627 2922 sortem
642 2858 879 2924 oonffidonemve
894 2857 1068 2922 diviniorem
1084 2859 1275 2938 proveherem
1298 2862 1348 2937 qut

127 2961 192 3021 beri
212 2969 310 3038 potest
330 2969 363 3024 ut
384 2961 513 3022 Verbum
535 2980 588 3040 per
611 2960 771 3032 hominem,
788 2961 845 3040 qui
868 2979 903 3022 ex
918 2961 1008 3024 illaria
1027 2971 1177 3024 assumtus
1199 2960 1249 3032 sit,
1272 2959 1348 3021 mis-

130 3079 197 3122 sum
219 3079 284 3142 esse
305 3063 429 3134 dicatur,
452 3063 575 3146 ipsoque
589 3063 800 3142 Apostolorum
815 3063 958 3126 [lominus
982 3063 1060 3123 inter
1082 3067 1196 3122 eeteros
1216 3061 1347 3139 Aposto-

127 3162 184 3236 los,
208 3181 312 3243 nempe
334 3165 516 3244 Prophetas,
539 3165 575 3226 ab
599 3165 703 3226 eodem
725 3165 836 3227 missos
859 3159 1054 3226 numeretur?
1095 3162 1232 3222 Ansere
1254 3179 1348 3240 purus

122 3265 215 3328 homo
249 3267 347 3346 possit
379 3265 477 3328 vocari
505 3245 664 3330 Chriitus?
713 3265 832 3328 blininre
863 3272 960 3338 eerte;
987 3275 1017 3326 at
1043 3263 1140 3326 Verbo
1173 3263 1351 3326 coniunctus

121 3367 190 3428 iure
212 3367 318 3428 morito
341 3367 476 3429 Christus
500 3377 529 3430 et
550 3369 640 3429 Filius
658 3366 710 3428 lbei
732 3375 832 3446 potest
855 3366 1004 3446 appellari,
1028 3374 1103 3428 teste
1117 3365 1276 3444 Propheta,
1299 3365 1351 3448 qui

3 3503 4 3508 κ
120 3469 184 3530 iem
207 3468 277 3534 olim
305 3478 457 3548 paternam
487 3469 680 3532 substantiam
709 3469 867 3530 manifeste
888 3469 929 3530 illi
951 3467 1099 3540 attribuit,
1128 3485 1193 3530 eum
1221 3468 1277 3530 ait:
1310 3467 1350 3530 Bt

119 3569 376 3636 ultramrano
397 3591 494 3634 murm
518 3573 678 3636 Cbrtstum.
722 3571 808 3650 Apud
823 3569 977 3634 lordaoem
992 3571 1091 3634 audita
1113 3570 1182 3632 item
1204 3551 1350 3632 haeorox
1391 3575 1397 3588 “

116 3861 178 3910 blox
198 3857 253 3921 lleq.
271 3868 293 3907 et
313 3859 410 3922 Segner.
425 3838 598 3928 χρηματίζοι.
634 3860 711 3910 Ceteri
799 3860 814 3908 Ι.
841 3861 873 3910 lte
900 3859 954 3920 lteg.
979 3859 1078 3920 Sequar.
1097 3857 1168 3908 basil.
1186 3866 1211 3908 et
1227 3858 1349 3920 tngttuu.

114 3937 147 3978 et
167 3927 223 3976 editi
238 3921 407 3992 χρηματίζει.
565 3961 568 3976 .
759 3928 789 3975 ln
815 3927 868 3976 aliis
893 3933 915 3975 et
940 3927 1010 3974 editis
1034 3919 1080 3973 καί
1103 3927 1178 3974 deest.
1215 3925 1266 3974 bldx
1290 3941 1349 3976 mss.

160 4027 184 4076 r.
204 4027 275 4078 arser.
296 4037 318 4078 o
336 4030 425 4090 ron,
445 4020 542 4088 aare,
761 3989 1173 4126 3¹0¹¹‚”⁰0⁵,ibbb⁰rb,i“⁹,ii,iil{“'
1209 3993 1271 4044 ΕΜ
1288 3991 1349 4042 ὀῖ’-

158 4129 235 4179 tste
258 4130 473 4193 RepetSequer.
509 4128 710 4180 ttaliietediti
1006 4099 1013 4124 ’
1150 4097 1157 4112 .

117 4199 239 4262 omittunt
256 4191 306 4244 τὸν
319 4187 457 4258 Ἰωάννην.
494 4199 584 4249 ibidem
604 4197 674 4246 llosil.
689 4205 712 4246 et

117 4265 215 4333 buglis.
233 4260 285 4331 pir
302 4258 333 4314 ἲν
349 4253 427 4315 river.
797 4264 820 4297 ¹¹·
838 4249 928 4312 bnssiic.
949 4243 986 4298 δέ.

797 4169 827 4206 m.
846 4155 967 4218 Anglican.
987 4145 1093 4220 ἄνάγοι.

159 4368 181 4416 tr.
202 4366 257 4427 ltep.
283 4367 474 4429 segu05‚1a„qq‚
492 4369 582 4430 pugne,
600 4367 710 4419 equom·
795 4356 817 4393 o.
836 4341 948 4404 Sielleg.
968 4342 1100 4403 etSeguer.
1135 4342 1161 4393 ln
1180 4333 1349 4390 aliisuebitis

116 4432 298 4499 strativum.
335 4435 414 4486 Ceteri
433 4451 486 4488 eum
505 4437 607 4486 editione
619 4435 711 4488 Comm.
763 4410 831 4460 Μ
847 4409 900 4456 ἀί·

115 4499 315 4569 γεγεννῆσθαι,
374 4551 380 4566 ,
608 4571 620 4598 ο
795 4517 819 4566 p.
837 4499 886 4554 τοῦ
905 4501 1002 4550 abesto
1020 4501 1076 4562 lter.
1095 4501 1233 4560 etSequer.

1090 4579 1145 4630 42*
