3176 5058
382 339 527 384 nrrsroua
542 337 580 382 ns
595 335 739 382 usmarus
754 339 899 382 messius
914 339 1033 386 aaroni.
1280 331 1320 394 bb
1432 383 1437 392 .

86 489 190 566 luerit,
223 491 325 571 ipsum
348 489 430 554 illum
453 507 540 563 esse,
567 489 617 575 qui
644 495 692 552 est
722 507 757 552 ex
777 489 874 552 Patre.
919 491 1072 572 Siquidem
1093 511 1143 556 res
1165 491 1406 560 universacanao.

89 593 154 655 eius
177 599 251 656 sunt
272 589 449 673 participes,
484 607 550 654 cum
572 589 667 652 sancti
689 589 819 672 Spiritus
840 589 998 671 participes
1021 592 1197 659 efficiuntur.
1242 595 1323 662 'l’alis

89 701 188 756 autem
209 711 280 754 cum
303 693 360 764 sit,
388 693 522 771 prolecto
544 710 579 752 ex
600 690 694 753 nihilo
717 709 785 754 esse
806 709 868 752 nou
888 699 1003 772 potest,
1033 693 1076 757 uli
1104 713 1159 758 nec
1179 715 1230 760 res
1253 715 1323 764 esse

90 803 200 866 ercan,
224 793 279 854 scd
300 791 401 874 potius
423 809 511 854 verus
533 800 564 854 et
583 792 723 877 proprius
745 799 848 855 estex
870 793 956 856 Patre
978 797 1073 870 lctus,
1095 815 1155 859 non
1177 815 1266 860 secus
1288 815 1324 864 ac

92 894 239 975 splendor
261 911 297 954 ex
318 893 393 955 luce.
1211 880 1215 888 ’

183 1099 235 1160 25.
277 1096 379 1176 ltaque
401 1115 468 1158 cum
490 1095 592 1163 Patres
613 1095 759 1158 Nicaenae
782 1095 888 1176 synodi
911 1095 951 1159 ita
973 1097 1127 1174 sentirent,
1149 1101 1319 1168 huiusmodi

94 1197 242 1261 dictiones
263 1197 319 1259 illis
342 1197 471 1260 scribere
492 1198 588 1260 visum
611 1205 667 1260 est.
712 1197 801 1270 Quod
830 1215 902 1259 vero
929 1197 985 1278 ipsi
1015 1217 1066 1260 cas
1095 1217 1157 1260 non
1187 1201 1243 1264 sibi
1266 1221 1319 1266 ex·

95 1299 303 1380 cogitaverint,
335 1306 367 1360 ut
394 1297 433 1359 illi
465 1299 583 1378 quidem
611 1297 771 1372 obiiciunt,
805 1299 858 1360 sed
888 1298 924 1360 ab
953 1298 1018 1362 aliis
1047 1318 1081 1361 se
1104 1301 1321 1381 antiquioribus

94 1399 272 1482 acceperint,
295 1417 347 1478 age
369 1399 398 1460 id
421 1417 539 1480 quoque
561 1400 763 1472 ostendamus,
785 1417 824 1462 ne
845 1399 891 1461 rel
913 1400 986 1462 baec
1007 1401 1071 1480 ipsa
1094 1401 1240 1464 incusatio
1263 1403 1321 1466 iltis

95 1503 235 1584 supersit.
278 1499 388 1562 Discite
410 1500 516 1579 igitar,
540 1519 558 1561 o
581 1499 691 1562 Christi
712 1501 817 1563 hostes
838 1501 957 1574 Ariani,
980 1501 1205 1582 Theoguostum
1227 1505 1322 1568 virum

95 1603 241 1666 eruditum
262 1601 382 1664 minime
410 1601 556 1681 refugisse
589 1600 626 1662 ab
648 1600 704 1662 bae
725 1601 790 1680 ipsa
811 1601 948 1664 dictione
962 1621 1000 1666 ear
1021 1604 1202 1676 substantio.
1246 1605 1322 1670 Nam
1417 1623 1423 1632 ·

91 1706 121 1768 iu
144 1704 275 1768 secundo
297 1703 539 1784 lippotpposediv
560 1702 634 1764 baec
655 1702 692 1764 de
713 1701 789 1764 Filio
812 1701 930 1765 scribit:
954 1705 1042 1777 „Non
1065 1705 1248 1768 extrinsecus
1266 1707 1321 1770 ad·

90 1806 237 1882 „inventa
266 1811 313 1866 est
340 1804 406 1866 Filii
434 1801 600 1866 substantia
628 1821 724 1883 neque
753 1823 788 1864 ex
817 1803 909 1867 uibilo
932 1805 1051 1880 educta,
1081 1805 1135 1868 sed
1166 1825 1200 1868 ex
1222 1807 1321 1872 Patris

91 1955 110 1984 „
120 1905 290 1972 substantia
311 1915 377 1966 nata
399 1914 460 1980 est,
492 1913 524 1968 ut
552 1903 626 1965 lueis
656 1904 799 1984 splendor
820 1913 850 1967 et
871 1923 963 1986 aquae
985 1924 1095 1988 vapor3
1122 1907 1321 1988 nequeenim

92 2007 265 2088 „splendor
289 2013 340 2067 aut
360 2025 453 2087 sapor
474 2007 636 2092 ipsaeque
658 2005 702 2066 ael
725 2003 790 2084 ipse
813 2006 858 2068 sol
881 2014 943 2082 est3
966 2027 1063 2088 neque
1084 2027 1189 2072 rursus
1212 2009 1320 2090 aliquid

91 2118 166 2187 „est
187 2107 327 2177 alienum,
351 2107 404 2169 sed
428 2115 474 2169 est
496 2105 604 2186 aliquid
628 2124 770 2168 emanans
793 2125 829 2168 ex
844 2106 940 2168 Patris
959 2107 1134 2182 substantie,
1156 2109 1196 2170 ita
1212 2117 1320 2184 tamea,

89 2219 151 2287 „ut
171 2209 285 2274 nullam
308 2207 487 2270 divisionem
508 2207 612 2270 eadem
633 2206 731 2269 Patris
754 2203 920 2270 substantia
943 2207 983 2269 sit
1002 2227 1154 2288 perpessa.
1190 2209 1228 2271 Ut
1243 2209 1321 2272 enim

88 2313 161 2390 „sol
182 2312 263 2375 idem
286 2327 410 2372 manens
433 2309 525 2372 radiis
547 2309 583 2371 ab
604 2309 672 2390 ipso
695 2307 914 2387 profluentibus
936 2327 999 2370 nou
1019 2309 1178 2383 minuitur3
1203 2309 1244 2370 ita
1265 2328 1322 2372 ue·

90 2433 176 2493 „que
198 2411 297 2473 Patris
319 2409 485 2472 substantia
499 2411 694 2474 mutationem
711 2407 799 2472 ullam
820 2407 941 2488 patitur,
964 2425 1030 2470 cum
1045 2407 1152 2468 Filium
1167 2407 1322 2488 suiipsius

91 2512 280 2592 „imaginem
302 2509 422 2571 babet.“
468 2509 519 2573 Sic
549 2511 638 2594 igitur
666 2510 879 2592 Theognostus
908 2523 992 2570 suam
1021 2509 1088 2587 ipse
1116 2516 1245 2571 mentem
1274 2509 1321 2570 bis

92 2613 193 2675 verbis
215 2592 342 2692 aperuit,
365 2629 430 2672 oum
453 2631 486 2674 ea
509 2631 584 2692 quae
606 2621 693 2686 antea
715 2619 922 2690 proposuerat,
944 2627 1005 2671 non
1028 2609 1084 2671 uisi
1102 2609 1320 2672 exercitationis

92 2713 185 2796 gratia
207 2713 408 2799 expendisset.
453 2713 526 2776 Cum
545 2714 617 2776 item
634 2713 791 2794 Dionysius
806 2710 999 2776 Alexandriae
1022 2711 1182 2790 episcopus
1204 2731 1240 2774 ax
1261 2711 1320 2786 bis,

94 2833 169 2893 quae
189 2815 332 2876 adversus
356 2815 518 2878 Sabellium
539 2814 714 2894 scripserat,
742 2815 849 2894 quibus
877 2828 985 2892 nempe
1008 2811 1168 2874 salvatoris
1196 2811 1319 2893 dispen-

97 2915 241 2976 sationem
271 2914 435 2974 secuadum
463 2931 581 2974 carnem
608 2913 762 2992 permultis
790 2913 962 2993 explanabat
989 2931 1024 2976 ac
1051 2912 1120 2974 inde
1152 2913 1322 2976 confutabat

98 3013 281 3075 sabellianos
305 3012 555 3088 ostendebatque,
578 3029 636 3071 non
658 3011 775 3074 Patrem
796 3015 902 3076 lactum
924 3033 992 3076 esso
1014 3032 1149 3084 carnem,
1171 3013 1223 3074 sed
1246 3013 1319 3074 Ver·
1367 2999 1375 3012 ’

98 3115 181 3187 bum,
204 3113 247 3174 uti
270 3112 398 3172 loannes
421 3109 506 3182 dicit,
530 3127 610 3183 cum,
632 3111 761 3190 inquam,
783 3112 813 3172 in
837 3114 1034 3195 suspicionem
1058 3114 1188 3176 venisset
1209 3113 1322 3176 dixisse

98 3215 203 3278 Filium
225 3232 289 3276 rem
312 3213 416 3274 laetam
441 3219 470 3274 et
493 3219 619 3274 creatam
642 3227 724 3285 esse,
756 3229 817 3274 non
840 3231 909 3274 vcro
931 3214 1010 3276 Patri
1031 3213 1320 3290 consubstantialem,

98 3317 194 3380 literas
222 3316 304 3378 dedit
332 3313 510 3400 adtliomae
530 3309 710 3394 Episcopum
732 3309 905 3416 Dionysium
927 3334 1044 3396 quoque
1066 3315 1256 3396 appellatum,
1290 3313 1320 3378 in

98 3419 203 3499 quibus
226 3437 260 3480 se
287 3433 453 3498 expurgans
482 3414 688 3488 asseverabat,
716 3414 889 3478 calumniam
917 3417 993 3480 banc
1019 3436 1088 3480 esse
1116 3417 1257 3490 adversus
1286 3435 1319 3478 se

99 3521 266 3594 confictam3
294 3536 443 3597 uunquam
473 3517 551 3578 euim
581 3515 741 3579 sedilium
768 3518 876 3580 lactum
899 3517 1026 3592 dixisse,
1056 3517 1109 3580 sed
1136 3517 1217 3580 illum
1239 3515 1319 3578 Patri

95 3671 146 3722 τοῦ
164 3659 324 3734 ἀπολογίαν,
343 3663 374 3718 ἓν
389 3663 544 3736 γυμνασίας
552 3663 625 3736 λόγῳ
635 3663 681 3718 καὶ
731 3672 756 3722 ln
774 3675 871 3736 septimo
890 3677 966 3722 eutem
985 3674 1098 3731 oratione,
1120 3685 1187 3732 quom
1206 3677 1226 3718 et
1238 3670 1319 3720 dedet

95 3733 129 3790 οὗ
147 3731 225 3800 δόξης
242 3739 328 3787 ταῦτα
344 3733 495 3804 nporedae'r.
524 3737 550 3787 ld
561 3741 681 3789 asomum
731 3740 821 3803 opificio
846 3741 968 3799 lasaron,
994 3741 1070 3801 mugla
1093 3739 1131 3800 pie
1149 3753 1199 3788 cum
1216 3739 1245 3786 de
1263 3738 1318 3788 eliis

93 3813 124 3862 de
142 3810 204 3859 Filio
230 3810 339 3866 disserit,
369 3823 418 3856 com
443 3823 490 3856 rem
513 3814 612 3856 creatam
629 3823 679 3857 esse
730 3810 798 3856 rebor
822 3814 870 3856 tom
891 3809 1015 3870 praecipue
1040 3809 1063 3854 in
1086 3807 1130 3868 fine
1155 3807 1268 3854 orationis
1289 3806 1319 3854 de

92 3879 213 3937 declarat,
242 3876 436 3938 relinqueretur
459 3875 549 3923 ratione
566 3876 679 3937 praeditis
730 3874 791 3923 Filio
822 3877 933 3936 disputat.
979 3874 1038 3930 Quia
1067 3885 1142 3936 porro
1171 3871 1242 3920 iuuerit
1272 3871 1317 3922 iste

89 3945 241 4012 praesidere,
267 3949 287 3992 et
306 3943 354 3991 eliu
371 3943 496 4006 quaedum,
517 3949 541 3990 ot
560 3942 677 4004 Oriqeaer,
731 3941 909 4000 theognostus.
928 3954 955 3988 ux
968 3941 1123 4003 trascriptoue
1135 3939 1243 3988 eiusdem
1251 3939 1317 4002 Ope·

93 4015 156 4064 Filio
176 4011 280 4075 affingit,
301 4011 348 4058 aiae
365 4010 444 4058 eodem
462 4025 488 4058 ac
506 4009 546 4058 ille
563 4011 680 4072 inspiciatis
731 4009 764 4055 ris
783 4009 846 4069 apud
866 4007 975 4056 l'liotiom
996 4010 1125 4060 baloenas.
1145 4007 1184 4054 artri
1204 4007 1262 4054 baec
1282 4008 1317 4056 la·

95 4083 209 4144 insertus,
239 4080 286 4126 eive
303 4083 327 4124 ot
346 4079 397 4139 quia
414 4081 473 4140 [orte
491 4077 577 4125 diarrit
602 4076 632 4124 od
650 4077 680 4123 il·
731 4084 832 4133 girantur:
863 4065 1024 4137 ἀνεγνώσθη
1050 4069 1230 4136 Θεογνιόστου
1251 4065 1317 4123 Ἀλε-

95 4150 144 4198 tum
166 4153 282 4208 utcunque
300 4145 475 4208 defendendam,
495 4145 551 4192 laea
568 4143 682 4192 exercito·
733 4134 868 4206 ξανδρίως
891 4137 970 4205 λόγοι
985 4133 1063 4197 insa,
1090 4125 1123 4190 ori
1140 4133 1155 4200 ἡ
1173 4133 1316 4256 tneypuqiq

96 4217 167 4264 tionis
186 4217 269 4276 gratio,
289 4227 335 4261 noo
352 4219 426 4260 antem
445 4213 578 4274 exproprio
590 4215 682 4259 senten-
734 4207 781 4255 soi
792 4205 929 4274 μακαρίου
940 4199 1230 4274 ΘεογνώσιουἎλεξαν
1249 4205 1318 4276 plaic

98 4285 131 4330 tio
148 4281 302 4344 proposuerit.
338 4277 366 4328 Et
384 4279 407 4326 io
427 4279 486 4326 line:
504 4269 535 4324 tv
553 4267 680 4340 dtaqidll·
732 4270 777 4322 aeri
795 4270 924 4339 ἐξηγητοῦ
942 4269 1136 4331 inoranru'oser.
1174 4280 1316 4328 terrueruut

98 4339 191 4412 δόμῳ,
221 4360 253 4393 ον
275 4357 321 4392 και
337 4348 400 4410 nepe
417 4344 484 4392 decu
503 4337 682 4408 δημιουργίας
735 4343 870 4405 Tleeoqnosti
894 4347 1045 4396 Alexandrini
1074 4347 1195 4397 Orationes
1222 4351 1315 4407 septem,

96 4406 262 4483 ἐπιγράφει,
287 4403 477 4476 εὐσεβέστερόν
493 4425 551 4463 noar
573 4405 637 4478 napi
652 4423 682 4458 τε
733 4411 797 4462 cuius
810 4412 889 4476 Operis
907 4415 963 4464 boec
980 4421 1013 4463 est
1030 4414 1167 4477 inseriptio;
1184 4411 1248 4460 Bruti
1259 4411 1317 4460 Tle-

98 4483 155 4530 reiu
173 4475 262 4530 ditur
279 4471 474 4558 dentapepoipee,
500 4473 546 4556 aa}
561 4471 681 4556 prtitores
733 4481 824 4540 apacati
844 4483 995 4532 Alexandrini
1017 4489 1038 4531 el
1062 4481 1194 4544 interpretis
1212 4477 1315 4542 lippata·

96 4543 166 4617 πρὸς
184 4548 223 4614 aqi
241 4543 308 4596 attae
325 4543 374 4596 aod
391 4537 679 4613 Asyauueqesoouiod.
730 4559 807 4608 possa.

127 4638 398 4682 Arnlaxeuoemasu.
411 4645 460 4678 axx.
1095 4627 1111 4678 5
