3176 5058
168 279 172 285 ’
232 281 291 347 128
625 293 651 336 s.
667 290 820 334 ιτσιιιιοα
835 285 1057 334 κκσυιυνιουουι

100 503 105 512 .
143 445 439 532 ο.ιοο.λσγη’σασθαι
456 439 610 508 δυνατόν·
631 437 775 526 ποιητὰς
795 435 874 522 ’γὰρ
894 437 962 502 τιῦν
984 435 1078 501 λδίων
1100 431 1205 518 λόγιον
1217 426 1374 516 Ἑλλήνων
1387 431 1447 514 μὲν

229 548 262 614 ολ
283 551 387 634 σοφοί
409 566 494 631 φασι
518 548 575 609 καί
596 563 650 607 τοι
676 545 823 624 πατέρας
844 535 981 616 ἑαυτούς
1002 531 1100 613 ὄντας
1121 537 1187 600 τιῦν
1211 533 1303 599 ίδίων
1327 531 1445 618 λόγων·

228 646 249 735 ἡ
280 649 316 715 δὲ
344 651 425 712 θεία
452 643 561 731 γραφὴ
582 644 636 709 καί
658 643 725 707 τιῦν
747 635 816 706 ἀπὸ
837 638 973 724 καρδίας
993 635 1179 723 κινημάτων
1200 631 1343 720 ποιητὰς
1363 628 1447 718 ἡμᾶς

231 745 431 834 διαγορεύει,
458 742 600 831 ποιητὰς
627 741 729 826 νόμον
757 744 810 807 καί
833 746 970 825 κρίσεως
991 740 1045 806 καὶ
1069 733 1276 820 δικαιοσύνης
1298 736 1445 820 λέγουσα.

227 845 314 928 τύςτυ
334 844 544 929 πανταχόθεν
565 842 623 909 τὸν
643 845 704 928 μὲν
726 842 796 908 υλὸν
818 840 863 929 μὴ
886 835 971 908 εἶναι
985 843 1106 922 κτίσμα
1119 836 1202 922 μηδὲ
1217 842 1355 922 ποίημα,
1372 834 1448 902 ἑαυ-

231 947 289 1016 τὸν
311 949 347 1015 δὲ
367 942 540 1032 ἀλλότριον
561 947 619 1031 τῆς
640 943 829 1029 1’Ἀρειανῆς
851 943 1045 1020 κακοδοξίας
1066 933 1289 1006 ἀποδείκνυσι.

315 1157 364 1218 22.
409 1147 469 1234 Μὴ
491 1145 553 1233 γὰρ
576 1144 614 1233 δή
636 1169 688 1224 τις
707 1139 877 1229 Ἀρειανὸς
898 1141 981 1229 μηδὲ
1004 1139 1037 1207 ἔν
1058 1110 1164 1222 τοτ’όιμ
1178 1131 1363 1204 ύπονοτίτω
1378 1132 1444 1204 κατ’

231 1250 329 1321 αύτοῦ
359 1247 405 1330 ὡς
432 1246 525 1316 ούτω
542 1248 708 1332 λέγοντος·
737 1243 888 1312 σύνεστιν
910 1239 930 1309 ό
954 1241 1023 1321 υίὸς
1044 1243 1091 1324 τῷ
1111 1243 1216 1324 πατρί
1220 1287 1229 1318 ,
1260 1233 1306 1318 ιῦς
1326 1237 1368 1304 τὰ
1387 1241 1447 1323 μὲν

113 1355 116 1362 ’
231 1350 379 1439 ὀνόματα
398 1354 572 1438 συνῆφθαι
593 1341 763 1432 ἀλλήλους,
793 1344 835 1412 τὰ
857 1347 895 1412 δὲ
916 1343 1094 1431 πράγματα
1115 1339 1273 1406 πλεῖστον
1296 1335 1444 1426 ἀλλήλοιιν

230 1453 408 1532 διεστάναι,
430 1454 485 1518 καί
507 1447 551 1536 μη
574 1443 626 1516 ἀεὶ
647 1448 707 1531 μὲν
730 1455 876 1514 συνεῖναι
897 1445 955 1512 τὸν
977 1444 1046 1512 οίὸν
1066 1443 1114 1528 τῷ
1136 1446 1249 1526 πατρί,
1273 1435 1329 1529 ἀφ’
1354 1431 1394 1508 ού
1409 1441 1446 1508 δὲ
1484 1519 1488 1525 ,

229 1563 358 1642 γέγονεν
380 1549 399 1618 ό
420 1550 501 1630 υίός,
525 1550 561 1629 ἐξ
582 1549 705 1616 ἐκείνου
725 1550 779 1614 καὶ
801 1551 931 1633 πατέρα
952 1545 1007 1612 τόν
1022 1539 1104 1611 θεὸν
1120 1541 1286 1629 εἰρῆσθαι,
1308 1545 1362 1608 καὶ
1377 1544 1447 1608 λοι-

230 1655 297 1722 πὸν
320 1649 408 1738 αύτῷ
431 1661 587 1730 συνεῖναι,
612 1647 721 1736 ὥςπερ
744 1653 797 1714 καί
821 1643 871 1716 ἐπ’
896 1643 1086 1731 ἀνθρώπιον
1101 1647 1198 1710 τοῦτο
1214 1651 1346 1730 γίνεται.
1376 1639 1443 1712 ἀλλ’

233 1753 448 1838 ἐνθυμείσθω
469 1755 522 1819 καὶ
544 1757 772 1835 μνημονευίτω
794 1753 859 1816 τῶν
875 1753 1143 1835 επροειρημένων,
1160 1749 1211 1813 καὶ
1229 1743 1352 1830 ὄψεται
1365 1751 1447 1813 Διο-

233 1861 346 1923 νυσίου
368 1851 427 1938 τὴν
448 1858 564 1919 πίστιν
587 1847 703 1938 ὀρθήν.
742 1853 843 1937 λέγων
864 1848 940 1937 γάρ·
963 1844 1001 1914 οῦ
1023 1848 1084 1934 γὰρ
1106 1837 1145 1934 ἦν
1168 1844 1224 1914 ὅτε
1245 1843 1264 1913 δ
1287 1847 1368 1927 θεὸς
1390 1843 1446 1915 ούκ

232 1946 272 2044 ἦν
293 1954 413 2041 πατήρ,
434 1956 488 2020 καί
512 1952 633 2020 πόλιν·
657 1949 674 2018 ό
698 1953 734 2019 δί
755 1977 791 2040 γε
813 1951 893 2029 θεός
914 1949 1049 2018 αίιόνιόν
1070 1949 1142 2018 ἐστι
1164 1953 1237 2038 φαῦς
1258 1947 1334 2018 ούτε
1348 1945 1448 2036 ἀρξό-

231 2081 330 2146 μενον
359 2055 436 2124 ούτι
462 2054 559 2142 λῆξόν
582 2076 683 2123 ποτε·
712 2050 828 2122 ούκοῦν
849 2051 984 2120 αίιύνιον
1007 2051 1201 2138 ιιπρόκειται
1222 2053 1276 2118 καὶ
1289 2050 1448 2140 σύνεστιν

232 2155 321 2248 αύτηῦ
342 2158 382 2226 τὸ
404 2153 617 2244 ἀπαύγασμα,
632 2156 782 2244 ’ἄναρχον
803 2153 858 2222 καί
873 2151 1023 2240 ἀειγενές,
1046 2152 1316 2242 προφαινόμενον
1331 2147 1446 2238 αὐτοῦ·
1495 2209 1498 2214 ,

232 2262 325 2349 ίχρῆν
346 2255 470 2348 μηδένα
491 2258 530 2326 τὸ
553 2258 691 2329 σύνολον
712 2254 868 2324 ύπονοεῖν
890 2279 964 2322 τινα
984 2259 1122 2324 τοιαῦτα
1144 2250 1210 2322 κατ’
1236 2249 1345 2322 αύτοῦ.
1378 2255 1447 2323 ’καί

230 2363 273 2430 τὰ
303 2363 555 2450 παραδείγματα
588 2363 624 2428 δὲ
652 2363 710 2446 τῆς
738 2361 845 2446 πηγῆς
871 2360 924 2424 καί
947 2359 1005 2424 τοῦ
1028 2361 1182 2442 ποταμοῦ
1203 2357 1259 2423 καὶ
1280 2361 1337 2444 τῆς
1359 2359 1449 2446 ῥίζης

231 2469 285 2531 καί
312 2468 370 2532 τοῦ
399 2466 543 2549 βλαστοῦ
565 2466 619 2529 καί
642 2465 700 2528 τοῦ
723 2460 911 2544 πνεύματος
931 2459 986 2526 καὶ
1007 2464 1065 2546 τῆς
1087 2457 1223 2544 ἀτμίδος
1244 2460 1449 2543 καταισχύνει

232 2564 309 2642 τοῦς
328 2563 567 2650 χριστομάχοος
587 2560 613 2628 τ’
638 2558 775 2628 ἀναντία
795 2561 806 2604 ¹
813 2563 1039 2648 θρυλλοῦντας
1059 2557 1126 2629 κατ’
1152 2555 1261 2628 αῦτού.

318 2671 369 2732 23.
410 2658 540 2750 Ἐπειδὴ
570 2664 606 2730 δὲ
627 2663 713 2749 πρὸς
734 2665 821 2730 πᾶσι
842 2675 914 2743 τοῖς
936 2663 1052 2730 ἑαυτοῦ
1074 2673 1186 2742 κακοῖς
1209 2659 1371 2744 δ”Αρειος
1392 2666 1448 2728 καί

158 2769 170 2791 “
233 2767 330 2831 τοῦτο
353 2763 604 2852 συμπεηόρηκεν
627 2765 732 2852 ἑαυτῷ
754 2763 922 2852 ῥημάτιον,
947 2760 992 2843 ιύς
1013 2763 1047 2832 ἐκ
1068 2771 1216 2848 κοπρίας,
1239 2765 1290 2830 καὶ
1312 2769 1449 2846 προςτί

233 2872 349 2953 θησιν,
379 2862 424 2946 ιύς
452 2863 517 2951 ἀρα
537 2862 557 2932 ό
579 2866 676 2954 λόγος
698 2861 756 2934 ούκ
779 2867 867 2934 ἔστιν
889 2868 977 2945 ίδιος
997 2869 1055 2932 τοῦ
1077 2864 1223 2952 πατρός,
1258 2857 1324 2932 ἀλλ’
1338 2861 1450 2943 Ιῦιλλος

231 2975 291 3053 μίν
319 2968 408 3036 ἐστιν
437 2963 455 3035 ό
478 2967 512 3036 ἐν
531 2971 580 3056 τῷ
601 2973 674 3054 θεῷ
696 2966 807 3054 λόγος·
835 2958 932 3048 οὗτος
954 2968 989 3034 δὲ
1013 2964 1031 3034 ό
1051 2968 1163 3054 κύριος
1185 2969 1275 3048 ξένος
1295 2968 1354 3051 μὲν
1375 2968 1450 3032 ςκαί

147 3066 405 3158 Ριίνθιάλλότριός
433 3070 504 3139 ἐστι
529 3075 590 3160 τῆς
615 3069 830 3157 τοῦπατρὸς
857 3066 989 3150 οὐσίας·
1021 3065 1088 3136 κατ’
1114 3059 1265 3137 ίπίνόιαν
1293 3069 1329 3135 δὲ
1349 3065 1451 3153 μόνον

145 3263 147 3267 ¹
231 3175 360 3259 λέγεται
382 3174 487 3260 λόγος,
509 3177 563 3242 καί
587 3169 645 3241 οῦκ
667 3174 739 3242 ἔστι
759 3175 819 3258 μὲν
841 3172 924 3240 κατὰ
946 3170 1111 3260 φύσινκαὶ
1125 3169 1354 3260 ἀληθινὸςτοῦ
1366 3171 1450 3238 θεοῦ

231 3273 311 3353 υίός,
334 3274 416 3344 κατὰ
438 3280 536 3341 θέσιν
560 3276 595 3340 δὲ
618 3277 820 3359 λέγεταικαὶ
843 3264 961 3352 ιιοὗτος
982 3273 1061 3353 υίός,
1085 3269 1131 3352 ὦς
1151 3279 1280 3357 κτίσμα,
1304 3270 1360 3337 καὶ
1381 3291 1451 3338 τοι·

233 3377 316 3438 αῦτα
345 3375 446 3458 λέγων
474 3369 567 3455 αύχεῖ
598 3372 691 3458 παρὰ
723 3383 796 3452 τοῖς
818 3369 993 3459 ἀγνοοῦσιν
1020 3371 1066 3453 ιύς
1087 3373 1140 3440 καὶ
1164 3375 1197 3442 ἐν
1218 3371 1349 3451 τούτοις
1371 3372 1450 3460 ἔχων

234 3468 394 3556 ὁμόδοξον
425 3471 483 3538 τὸν
505 3471 702 3540 Διονύσιον·
736 3470 798 3558 ὅρα
828 3477 883 3542 καί
909 3473 968 3563 τὴν
995 3479 1073 3562 περί
1103 3477 1227 3543 τούτιον
1255 3479 1371 3541 πίστιν
1392 3477 1450 3540 τοῦ

232 3578 428 3652 Διονυσίου,
463 3577 516 3639 καί
549 3577 623 3653 πῶς
650 3574 787 3660 μάχεται
814 3585 889 3655 ταῖς
908 3576 1078 3656 τοιαύταις
1095 3572 1226 3664 Ἀρείου
1247 3583 1450 3655 κακονοίαις·

232 3673 353 3761 γράφει
374 3672 435 3759 γὰρ
458 3673 492 3740 ίν
513 3677 572 3759 μὲν
594 3679 641 3762 τῷ
663 3676 786 3763 πρώτῳ
808 3679 926 3765 βιβλίῳ
949 3675 1068 3758 οῦτως·
1092 3685 1287 3766 προείρηται
1307 3679 1367 3761 μὲν
1382 3667 1449 3758 σύν,

199 3853 204 3862 Ι
234 3771 287 3842 ότι
313 3773 400 3863 πηγὴ
431 3780 496 3843 τῶν
525 3773 663 3862 ἀγαθῶν
689 3773 862 3846 ῑᾶπόντων
885 3778 973 3846 ἐστὶν
996 3776 1014 3846 ό
1036 3779 1133 3860 θεός·
1161 3778 1313 3864 ποταμὸς
1336 3779 1373 3845 δὲ
1393 3774 1448 3860 ἀπ’

267 4050 288 4086 a.
307 4036 333 4084 ln
352 4037 420 4087 colb.
441 4037 542 4086 enm.
560 4027 615 4104 γάρ
635 4036 759 4085 omissum.
789 4036 817 4086 Et
868 4037 964 4086 Taurin.
990 4037 1059 4086 Colb.
1087 4037 1133 4086 les.
1163 4027 1346 4085 ἀποδείκνυσί
1391 4035 1451 4085 Edit}

231 4105 256 4160 in
275 4103 359 4171 eodem
376 4106 518 4168 μιαίοὶιιίιι
530 4095 677 4157 ὄντατίιευι
688 4103 815 4153 omissum.
868 4095 1040 4152 ἐπιδείκνυσι.
1257 4103 1258 4106 ’

233 4170 303 4231 Quod
327 4179 405 4222 ιιιεια
424 4172 457 4220 ait
474 4173 599 4235 sapientes
617 4185 717 4222 suorum
736 4171 814 4220 libro·
901 4187 920 4220 τ.
941 4171 1037 4220 Tauria.
1064 4170 1131 4221 colb.
1157 4169 1201 4222 les.
1226 4171 1264 4222 Fr.
1284 4171 1302 4220 ί.
1327 4159 1453 4234 πρόσθεν

232 4253 285 4288 τοτα
305 4248 476 4302 petrenessa,
502 4239 614 4288 Clemens
640 4241 695 4289 ἰιοιο
714 4239 816 4288 Alexan·
867 4230 1023 4306 είρημίνιυν.
1059 4239 1115 4300 Res.
1135 4231 1452 4316 ειοδὶιίπροειρημίνων.

232 4309 316 4356 altinus
325 4307 393 4357 initio
402 4309 548 4355 stromatum
560 4302 595 4368 [ρ.
606 4305 663 4356 269,
675 4307 712 4355 ed.
720 4303 815 4371 Sylb.]:
900 4308 923 4356 δ.
944 4308 999 4370 θος,
1019 4307 1114 4356 Τοστία.
1133 4307 1204 4356 Colb.
1227 4307 1273 4356 ίιο.
1298 4315 1451 4371 προίενται,

233 4367 450 4440 ψυχῆςὲγγονοι
467 4365 495 4422 σί
511 4365 604 4439 λόγοι,
633 4377 723 4424 animae
748 4376 816 4425 ίίοιτι·
868 4381 891 4422 τι
915 4375 953 4442 εἰσ
975 4375 1102 4437 legendnm
1123 4383 1153 4424 ἰιι
1171 4389 1253 4438 supra.
1291 4375 1353 4424 Editi
1371 4365 1453 4439 πρόο-
1494 4378 1496 4382 ’

232 4451 285 4492 sum
302 4445 367 4495 ίίύιί.
869 4452 962 4490 κειται.
998 4443 1050 4492 Mox
1074 4443 1169 4492 Τοοιὶο.
1195 4443 1265 4493 colb.
1292 4441 1329 4490 fr.
1347 4441 1366 4490 1.
1385 4453 1454 4507 προ-

267 4511 290 4560 ίι.
314 4511 361 4563 les.
384 4511 424 4563 rr.
442 4511 460 4562 Ι.
486 4500 647 4580 ἀριιανικόι.
684 4509 736 4560 Mox
760 4511 818 4572 fleg.
870 4503 1026 4576 φερόμενον
1043 4501 1128 4558 αύτοῦ
1146 4503 1256 4560 ἐκκλίνει
1272 4502 1385 4574 μηδένα.
1406 4509 1453 4557 les.
