3216 5048
555 325 664 370 oaarro
680 327 712 370 n.
728 324 843 374 nouam
859 327 994 374 amor.
1132 373 1147 406 ,
1313 319 1375 386 tid

144 503 234 569 φιοοι
255 484 393 546 sordeat
411 478 452 542 ad
475 485 503 539 te
524 481 557 538 ria
579 475 759 558 tamam,
787 483 846 542 mi
865 491 952 554 aaut,
982 479 1132 564 prrutar
1153 493 1185 547 et
1205 483 1461 550 Mamaeam.

144 587 188 650 iic
209 585 264 649 iob
283 583 356 646 bem
378 581 453 642 baso
474 577 566 640 habet
587 576 754 658 Scriptura:
788 579 875 644 Foeta·
900 593 973 644 reat
993 587 1024 646 ei
1041 597 1157 666 septem
1177 585 1239 666 fito
1259 595 1289 651 et
1311 598 1376 652 troo

144 689 238 772 iiiior.
282 685 351 757 Quo
380 679 468 742 etiam
491 679 581 740 modo
603 677 721 758 Moyseo
742 679 773 742 in
796 679 875 760 Lege
896 681 1014 746 locutus
1042 694 1103 747 est:
1133 685 1171 750 Si
1195 687 1292 752 oiicoi
1316 689 1380 770 fiiri·

144 792 225 871 [ocri
243 787 363 868 {maian
385 790 416 843 et
436 786 466 845 ai
484 781 593 860 sacerd
613 779 721 860 fitium.

233 893 264 952 5.
308 885 354 946 En
376 901 447 962 ergo
470 881 511 943 ilii
535 899 598 954 ecs,
622 879 673 960 qni
695 880 787 960 geniti
808 889 894 954 suot,
918 883 1009 944 iactos
1024 892 1054 946 et
1074 887 1218 952 formatos
1240 891 1373 973 appelia-

147 1008 229 1064 aere,
252 985 361 1067 qrrippe
382 983 432 1064 qui
453 1000 515 1044 non
537 982 712 1062 ignorarent
731 981 804 1044 nibil
826 982 949 1056 referre,
972 983 1056 1046 side
1077 987 1147 1049 tiliis
1167 989 1279 1055 dicabrr
1296 995 1459 1074 [cairam.

149 1101 232 1162 auat,
251 1087 376 1171 possedi
395 1085 532 1165 velseri,
553 1084 643 1146 modo
665 1083 745 1146 iiiios
767 1101 821 1146 eos
843 1102 912 1146 esse
933 1084 1123 1148 concedatur.
1166 1089 1296 1171 Namque
1315 1114 1373 1158 na·

146 1199 213 1254 tura
235 1197 265 1252 et
285 1187 394 1250 aerius
416 1195 545 1250 menum
568 1186 604 1247 ad
627 1205 661 1249 se
683 1185 905 1266 intelligendum
928 1188 1089 1251 attrabunt.
1124 1187 1270 1262 Quocirca
1284 1195 1310 1255 ai
1325 1197 1375 1275 qui

144 1292 308 1372 disputent,
330 1297 430 1350 utrum
452 1287 596 1350 Dominus
618 1281 668 1350 res
690 1289 764 1350 iacta
785 1288 832 1349 aei
854 1289 1022 1364 cremauit,
1044 1290 1143 1372 primo
1158 1291 1197 1354 ab
1211 1291 1269 1356 iliis
1283 1314 1376 1374 qnae·

145 1393 273 1456 rendum
296 1399 352 1464 est,
373 1407 446 1452 num
467 1389 516 1452 iiie
536 1389 577 1451 sit
597 1388 702 1464 iiiios,
724 1389 855 1452 Verbum
878 1399 908 1452 ct
929 1389 1091 1472 Sapientia.
1128 1393 1193 1456 Hoc
1208 1395 1287 1458 enirn
1301 1413 1376 1477 pro-

144 1495 225 1565 bato,
248 1511 319 1554 moa
341 1491 490 1554 evanescit
512 1489 610 1552 omnis
633 1489 801 1552 haedere
823 1491 966 1572 suspicio.
1010 1493 1113 1573 Neque
1127 1495 1206 1556 eninr
1229 1513 1280 1559 res
1301 1497 1377 1560 iacta

142 1595 238 1658 Filius
261 1603 291 1656 et
312 1593 440 1654 Verbum
463 1599 669 1672 potestesse,
693 1611 789 1672 neque
810 1593 922 1672 pariter
942 1593 1034 1658 iilius
1057 1615 1106 1658 res
1129 1597 1204 1658 iacta
1227 1617 1296 1662 esse
1316 1617 1375 1680 po·-

58 1759 62 1764 ,
143 1705 213 1760 test.
257 1695 340 1769 Quae
363 1713 430 1756 curm
452 1694 492 1756 ita
516 1693 586 1767 sint.
609 1695 744 1774 proiecto
766 1694 906 1758 omnibus
928 1703 1019 1776 patet,
1042 1697 1096 1760 iras
1118 1717 1208 1762 voces
1230 1703 1283 1782 pot
1301 1702 1377 1781 [ecit

141 1797 230 1862 iilam
251 1796 333 1860 nulio
356 1795 527 1858 adiumento
551 1794 587 1857 ad
609 1795 729 1858 iliorum
751 1795 898 1858 baeresim
922 1816 1007 1870 esse,
1036 1799 1089 1860 sed
1118 1817 1183 1862 eam
1204 1799 1252 1864 bia
1269 1802 1375 1882 potios

141 1899 345 1964 condemnari.
382 1897 535 1978 Siquidem
551 1903 706 1960 ostensum
729 1905 777 1960 est
797 1898 920 1961 verbum
941 1900 1015 1979 serit
1037 1899 1125 1963 etiam
1146 1921 1214 1964 cum
1236 1903 1272 1966 de
1294 1905 1374 1968 reris

142 2011 172 2064 et
192 1999 379 2064 naturalibus
400 1999 468 2062 iiiiis
491 2000 523 2061 iit
545 1999 672 2072 mentio,
695 2017 712 2060 a
735 1999 885 2080 Scriptura
907 1999 1005 2064 divina
1026 2003 1182 2082 usurpari3
1205 2003 1283 2066 unde
1305 2025 1374 2070 cum

141 2103 299 2184 probatum
322 2101 377 2175 sit,
406 2101 564 2164 Dominum
593 2101 756 2164 naturalem
786 2120 947 2182 rerumque
974 2101 1097 2177 Filium,
1125 2103 1254 2166 Verbum
1286 2115 1374 2186 atque

143 2205 323 2284 Sapientiam
345 2203 441 2266 Patria
465 2223 545 2274 esse,
569 2201 685 2264 etiamsi
709 2221 775 2264 com
797 2203 834 2264 de
849 2203 900 2266 iiio
922 2202 1048 2264 babetur
1063 2221 1174 2277 ammo,
1196 2203 1287 2266 dictio
1302 2207 1375 2283 fecit

141 2306 188 2368 ael
209 2309 310 2385 sectos
334 2316 380 2367 eat
401 2303 594 2374 adhibeatur,
620 2322 683 2364 non
704 2303 734 2363 id
758 2303 880 2377 dicitur,
909 2305 993 2382 quasi
1016 2304 1064 2364 iiie
1087 2323 1163 2382 opus
1191 2313 1288 2379 esset,
1317 2304 1372 2368 sed

142 2406 245 2467 Sancti
264 2406 348 2465 hisee
370 2403 469 2464 verbis
491 2384 663 2481 promiscue
685 2410 826 2475 utuntur,
858 2404 901 2464 oti
929 2403 967 2463 de
988 2401 1148 2464 Salomone
1175 2413 1205 2466 et
1230 2403 1374 2469 Ezechiae

143 2503 247 2565 liberis
271 2501 467 2564 ostendimus.
512 2501 595 2564 Licet
623 2501 701 2564 enim
731 2521 784 2564 eos
813 2523 849 2564 ex
871 2502 981 2584 seipsis
1009 2504 1200 2583 genuissent,
1229 2506 1376 2588 scriptum

144 2614 193 2666 est
213 2603 406 2667 nibilominus
428 2604 503 2682 seri,
529 2605 666 2684 possedi,
695 2605 797 2684 foetus
820 2617 875 2669 est.
922 2606 1067 2680 Quocirca
1089 2607 1147 2670 iam
1169 2627 1295 2672 necesse
1316 2619 1372 2686 est,

143 2715 177 2769 at
198 2705 241 2768 ilii
263 2704 315 2768 Dei
337 2704 460 2776 hostes,
490 2704 539 2784 qui
568 2707 799 2787 propugnandae
821 2708 956 2770 haeresis
977 2727 1067 2772 caasa
1088 2709 1258 2773 huiusmodi
1281 2729 1374 2792 saepe

144 2807 281 2871 obiecero
302 2805 438 2879 voculas,
468 2823 538 2867 sero
567 2807 669 2868 saitem
693 2827 729 2869 ex
750 2807 813 2882 his,
843 2809 1085 2888 praediximus,
1115 2829 1199 2872 suam
1222 2811 1374 2892 deponant

142 2908 340 2981 sententiam,
368 2927 403 2968 ac
424 2906 567 2985 deinceps
589 2908 719 2970 sentiant
739 2908 898 2971 Dominum
921 2927 1023 2970 verum
1045 2899 1168 2982 Filium,
1189 2910 1320 2973 Verbum
1343 2919 1375 2974 et

142 3008 326 3089 Sapientiam
348 3008 444 3070 Patris
468 3027 552 3080 esse.
582 3027 643 3070 non
666 3017 763 3070 autem
786 3027 850 3071 rena
872 3011 978 3070 iactam
999 3009 1044 3070 voi
1067 3015 1206 3070 creatam.
1249 3010 1324 3072 Nam
1346 3011 1373 3073 ai
1420 3025 1427 3038 ·

142 3130 192 3173 res
214 3111 290 3172 iacta
313 3117 394 3172 esset
414 3109 523 3182 Filius,
552 3109 582 3170 in
611 3121 741 3189 quonam
768 3109 834 3189 ipse
861 3108 954 3172 verbo
982 3126 1146 3187 quanamre
1176 3109 1206 3170 io
1229 3109 1374 3188 sapientia

140 3215 235 3276 iactos
258 3209 363 3274 esset?
407 3211 514 3274 Omnia
537 3211 684 3290 siquidem
707 3229 797 3291 opera
820 3227 875 3292 per
898 3209 1026 3272 Verbum
1048 3216 1078 3272 et
1097 3207 1277 3288 Sapientiam
1299 3211 1374 3276 tacta

140 3322 225 3388 sunt,
255 3313 295 3376 uti
325 3313 469 3393 scriptum
499 3319 562 3374 est:
597 3313 705 3375 Omnia
734 3317 766 3376 ia
787 3314 946 3393 Sapientia
966 3313 1083 3392 fecisti,
1118 3317 1161 3372 et:
1196 3315 1297 3376 omnio
1313 3330 1374 3394 per

140 3420 240 3495 prom
262 3415 347 3494 sueto
367 3427 454 3486 root,
485 3427 513 3479 et
541 3417 607 3477 aiae
635 3418 703 3495 ipso
725 3415 842 3493 foetam
864 3425 908 3478 eat
930 3413 1036 3475 cibit·
1063 3412 1095 3474 Si
1117 3429 1210 3492 porro
1238 3411 1304 3492 ipse
1326 3423 1373 3478 eat

140 3516 271 3578 Verbum
293 3525 323 3578 et
344 3517 503 3596 Sapientia,
526 3515 557 3578 in
579 3535 636 3595 qua
659 3516 759 3578 cronia
780 3515 864 3590 fluor,
886 3533 947 3576 non
970 3513 1059 3594 igitur
1074 3531 1110 3576 ex
1126 3531 1231 3576 corum
1246 3531 1370 3578 numero

140 3624 196 3691 ost,
218 3635 296 3697 qnae
315 3617 401 3693 finnt,
423 3635 457 3680 ac
478 3617 559 3680 nulio
581 3617 671 3680 modo
693 3635 743 3680 res
766 3625 941 3692 astercum,
965 3615 1021 3680 sed
1040 3615 1138 3678 Patris
1161 3624 1210 3678 est
1229 3617 1317 3680 tetus.

174 3939 190 3988 i.
216 3938 316 4000 Segoer.
341 3946 365 3988 et
386 3937 523 3987 i'etcimaa.
539 3938 563 3988 4.
582 3929 598 3996 ἢ
615 3929 731 4001 ἐγένετο.
821 3938 836 3987 i.
860 3939 901 3988 Sic
919 3939 1019 3999 Segoer.
1038 3936 1136 3987 Gobier.
1154 3943 1177 3985 et
1196 3934 1374 3986 iaicim.l.et

140 4005 279 4055 ieietman.
303 4005 327 4054 5.
351 3998 396 4052 arci
419 3997 535 4070 trivere.
578 4005 653 4056 Paulo
678 4015 734 4068 poet
785 4004 811 4056 4.
839 4006 918 4056 Ceteri
936 4013 960 4054 et
977 4003 1034 4056 editi
1053 4005 1165 4054 omittant
1182 3994 1295 4080 taneio.
1322 4002 1372 4055 iii-

139 4073 239 4134 Segoer.
259 4073 316 4134 tieg.
328 4073 433 4124 ieictm.
444 4073 467 4122 5.
485 4061 539 4119 ἀλλ’
560 4063 731 4138 ἀδιαφόρως,
785 4071 839 4122 dem
857 4073 998 4134 Segorriao.
1016 4066 1112 4135 γέγονε
1129 4063 1175 4118 arei
1192 4062 1282 4124 citos.
1320 4069 1373 4120 iiox

139 4141 184 4191 tiit
202 4148 226 4190 et
245 4141 318 4192 aditio
332 4141 451 4194 Commet.
469 4130 536 4188 dvo
553 4131 730 4206 ἀδιαφόρως
782 4140 882 4201 Segoer.
902 4138 1148 4190 Gabieneti'eietru.
1164 4137 1185 4188 1.
1204 4136 1252 4197 τῆς
1268 4131 1376 4202 σοφίας

139 4209 265 4259 mendose.
780 4201 878 4271 γέγονε
906 4200 1001 4258 καθὼς
1027 4201 1188 4272 γέγραπται.
1224 4206 1331 4255 deicias.
1347 4204 1374 4255 4.

173 4291 196 4338 g.
216 4277 257 4326 Sic
274 4276 374 4338 Seguer.
387 4275 729 4328 acprocrationem.
782 4271 831 4333 τῆς
848 4275 950 4339 σοφίας
965 4267 1063 4339 γέγονε
1077 4268 1125 4322 arri
1141 4265 1212 4322 adad
1229 4266 1373 4336 airriypoe-
1472 4269 1476 4278 ‘

139 4343 167 4393 in
185 4344 256 4394 editis
274 4352 299 4394 et
315 4345 369 4394 otiis
385 4338 434 4394 arui
450 4345 526 4394 deest
781 4353 849 4392 ntur
892 4341 954 4393 Sditi
973 4341 1063 4408 aliique
1079 4339 1128 4400 mir
1144 4334 1255 4405 copias,
1275 4329 1312 4390 air
1327 4332 1372 4402 ri·

173 4412 197 4460 b.
215 4413 257 4462 Sic
274 4409 375 4474 Segnor.
394 4415 451 4474 iieg.
471 4412 642 4474 brattingiic
657 4411 732 4460 nobi,
781 4421 912 4478 ramat.
1057 4465 1066 4485 Ι

138 4477 244 4528 i'eietm.
265 4479 287 4528 1.
306 4487 329 4530 et
346 4481 371 4531 4.
407 4481 433 4532 to
453 4481 507 4530 aliis
526 4486 605 4530 rotem
624 4479 730 4529 eteditia
817 4478 837 4526 t.
857 4479 959 4538 Sagrus.
976 4469 1011 4526 rii
1027 4485 1125 4523 nanu
1159 4472 1212 4522 iios
1230 4467 1373 4520 ieiumi.

139 4545 210 4598 doeat
226 4537 309 4598 tarra.
371 4603 373 4608 Ι
608 4599 612 4610 ,
782 4533 845 4592 addi
864 4533 934 4596 dicor
951 4541 1008 4591 cair
1022 4537 1170 4607 gravaretu.
