3174 5082
218 230 266 296 E
567 257 571 268 2
746 243 920 286 mrim

170 433 180 444 ·
218 398 419 462 Antiorheoaa
446 393 612 458 modestius
642 411 676 454 se
704 393 780 454 intra
809 391 953 454 mimicos
982 391 1097 454 tramae
1125 393 1335 471 pataiwtiscis
1360 396 1450 460 ochi.

217 500 282 566 huit
310 517 367 562 nec
400 495 556 576 quicquam
577 493 679 556 hahuit
709 491 859 572 nodemus
888 511 976 572 quam
1004 502 1037 554 ut
1063 493 1200 570 dogmata
1222 495 1290 556 lidsi
1313 497 1350 558 od
1371 497 1449 562 ritae

216 598 451 664 coclormaodae
477 615 564 660 usum
593 597 758 668 conterret,
786 593 913 674 ideoque
941 593 1100 673 praecipue
1130 593 1267 672 dogmata
1298 615 1367 660 coni
1386 598 1448 660 vita

215 699 411 779 moribusque
434 697 481 760 vel
500 717 568 762 cnm
590 697 698 760 herum
719 696 886 776 praeceptis
906 695 1095 764 cohaerentia
1117 702 1151 756 et
1167 695 1336 770 coniuncta,
1364 697 1445 760 velut

215 802 257 864 do
276 809 416 880 peccato,
440 799 478 862 de
498 799 592 862 lihero
614 797 737 862 arbitrio
759 807 790 860 et
811 797 903 876 gratia
925 816 961 858 ae
980 795 1269 876 praedestinatione,
1292 798 1330 860 de
1352 798 1448 862 salute

216 919 272 983 per
305 902 456 965 Christum
489 910 622 980 reparata
655 900 779 980 eiusque
810 897 1037 976 consequendae
1069 895 1158 958 modo
1189 903 1219 958 et
1247 897 1445 972 adminiculis,

217 1003 388 1083 diligentius
421 1003 568 1082 exposuit.
623 1001 678 1064 Ubi
708 1001 746 1062 de
775 999 833 1062 illis
858 999 933 1060 locis
966 997 1140 1076 theologicis
1174 997 1341 1076 quaeritur,
1373 1017 1446 1062 saue
1549 992 1550 1007 ¹

217 1104 418 1168 consulendus
439 1113 488 1166 est
508 1103 757 1186 Chrpsnatomus,
789 1101 826 1161 de
850 1098 998 1178 mysteriis
1024 1097 1164 1160 trinitatis
1185 1097 1233 1160 dei
1256 1106 1286 1159 et
1306 1099 1444 1164 incarm-

219 1206 310 1270 tionis
339 1223 398 1268 non
427 1206 509 1270 item.
559 1203 652 1266 Nemo
682 1202 772 1280 igitur
800 1199 857 1262 nisi
886 1198 935 1278 qui
964 1199 1075 1278 hospes
1106 1209 1153 1260 cst
1179 1199 1209 1262 in
1238 1199 1444 1280 chrysostomi

218 1307 402 1388 thorumque
424 1315 542 1386 patrum
564 1303 696 1382 scriptis,
718 1299 884 1369 mirabitur,
907 1299 985 1378 qaod
1009 1301 1041 1360 io
1062 1299 1243 1362 Collectionc
1266 1311 1368 1363 nostra
1391 1319 1447 1364 nec
1553 1311 1554 1340 t

214 1409 289 1474 aliae
321 1407 458 1474 eiusdem
480 1425 517 1468 ex
550 1402 772 1466 commentariis
794 1401 824 1462 in
858 1402 1035 1480 scripturam
1069 1419 1184 1464 sacram
1215 1401 1369 1476 homiliae,
1392 1421 1447 1464 nec

215 1511 283 1574 illae
305 1508 461 1571 duodecim
484 1513 587 1566 contre
609 1505 780 1566 hnomoeos
802 1502 864 1564 sive
886 1501 1089 1564 Eunomianos
1111 1501 1227 1564 hahitae
1248 1504 1446 1582 reperiuntur,
1556 1586 1557 1590 Ἰ

215 1612 294 1672 inter
315 1625 391 1686 quas
414 1606 544 1685 quinque
572 1605 689 1685 priores
712 1611 743 1666 et
762 1603 917 1666 undecima
940 1603 975 1666 ds
997 1603 1295 1684 tnmmpreterstttt·
1315 1605 1364 1668 dei
1390 1625 1447 1672 no-

219 1721 310 1780 tarn,
334 1707 461 1786 septima
484 1707 518 1770 de
548 1705 804 1769 camulstonta'nh‘
829 1714 860 1767 et
886 1705 1060 1768 duodecima
1089 1707 1124 1767 de
1152 1707 1309 1769 diuinitate
1333 1707 1449 1770 Christi

217 1827 314 1890 poem
347 1817 427 1872 tatae
460 1815 531 1870 suot
564 1809 729 1887 argumenti
760 1805 919 1885 dogmatici
952 1825 987 1868 ac
1018 1805 1164 1886 polemici.
1210 1806 1273 1868 vid.
1297 1807 1376 1888 opp.
1398 1809 1447 1872 ed.

216 1911 406 1973 llontlaucon
434 1909 529 1972 Paris.
552 1927 578 1971 a.
604 1910 696 1974 1834.
729 1908 814 1970 Tem.
839 1908 859 1970 l.
889 1925 918 1986 p.
941 1910 1122 1974 nte-680.
1165 1908 1231 1970 ttuo
1253 1917 1350 1972 autem
1373 1909 1445 1972 Ser·

219 2029 335 2084 mones,
358 2029 435 2074 unus
460 2012 495 2076 de
518 2021 625 2074 sancta
648 2014 802 2082 trinitate,
832 2007 907 2070 alter
928 2010 963 2071 de
985 2021 1093 2094 sancto
1121 2013 1250 2089 spiritu,
1279 2009 1309 2072 in
1338 2010 1446 2090 quihus

216 2114 489 2192 argumentationes
517 2121 620 2174 contra
645 2111 772 2174 Arianos
801 2119 832 2172 et
852 2110 1084 2172 nantoniacus
1118 2109 1236 2172 tenuius
1269 2118 1300 2172 et
1331 2112 1445 2174 acutius

216 2221 396 2286 tractamur,
427 2232 487 2276 non
510 2215 645 2276 referunt
671 2213 750 2276 illem
773 2211 979 2290 Chrysostomi
1008 2220 1115 2290 sponte
1138 2211 1278 2272 liuentem
1301 2211 1445 2291 cloquen-

215 2315 287 2378 tiam
315 2323 345 2378 et
370 2325 530 2400 propterea
557 2314 636 2376 inter
664 2314 765 2393 spuria
793 2313 886 2393 positi
915 2321 989 2374 aunt
1014 2311 1147 2406 Tomi.
1175 2331 1206 2390 p.
1232 2316 1325 2376 teet.
1347 2333 1393 2394 sq.
1416 2321 1447 2376 et

217 2415 268 2476 lli.
291 2435 321 2494 p.
345 2419 418 2479 964.
443 2435 489 2494 sq.
532 2415 576 2474 Ne
593 2423 691 2476 tamen
712 2415 784 2476 tanti
798 2413 931 2474 doctoris
957 2429 1067 2474 nomen
1091 2412 1213 2474 omnino
1235 2413 1314 2476 ahsit
1334 2415 1370 2476 ah
1391 2415 1446 2476 hac

217 2513 408 2588 bibliotheca,
443 2515 540 2576 loctrm
574 2513 650 2576 daho
684 2513 894 2596 celeberrimae
922 2512 959 2574 ad
980 2513 1149 2576 Caesarium
1179 2515 1322 2594 epistolae
1343 2523 1446 2578 contm

214 2615 441 2695 apolinaristas
462 2615 591 2694 scriptae
613 2615 703 2694 (Opp.
718 2615 805 2676 Tam.
827 2613 877 2676 lll.
893 2633 923 2693 p.
940 2615 1132 2690 895-900.)
1155 2624 1186 2677 et
1205 2616 1335 2678 iormssa
1351 2618 1445 2682 ‘etiem

139 2789 147 2802 ,
215 2717 350 2778 sermoni
370 2716 412 2778 illi
434 2723 536 2778 contm
558 2715 696 2789 Arianos,
718 2715 767 2795 qui
791 2724 939 2778 extremus
961 2724 1008 2777 est
1029 2715 1107 2778 inter
1121 2716 1323 2796 chrysostomi
1338 2717 1443 2780 Homi-

215 2818 270 2880 lias
286 2817 317 2878 V.
341 2835 377 2878 ex
399 2818 464 2880 cod.
480 2816 642 2878 ilresdensi
664 2816 701 2878 ah
722 2816 855 2879 Bechero
878 2816 1006 2896 primurn
1031 2817 1125 2880 editas
1147 2818 1275 2898 Lipsiae.
1298 2838 1325 2881 a.
1351 2821 1443 2886 1839.

215 2917 382 2998 inscriptus
406 2929 452 2982 est
466 2915 526 2994 Εἰς
546 2914 595 2995 τὸ,
613 2914 850 3004 Κατανοήσατε
863 2914 920 2980 τὸν
936 2910 1125 2996 ἀπόστολον
1147 2914 1205 2981 καὶ
1217 2909 1370 3002 ἀρχιερέα
1384 2919 1443 3005 τῆς

214 3011 392 3102 dpolortng
418 3012 511 3103 ἡμῶν
530 3012 652 3105 Ἰησοῦν
674 3016 823 3103 Χριστὸν
850 3017 972 3084 πιστὸν
1003 3015 1083 3084 ὄντα
1112 3019 1158 3102 τῷ
1181 3013 1361 3102 ποιήσαντι
1383 3013 1443 3084 cri—
1469 3027 1473 3034 '

212 3117 279 3186 cdv.
303 3121 406 3194 (liehr.
429 3123 479 3184 ΙΙΙ.
506 3127 546 3190 l.l
589 3122 657 3184 Pari
678 3122 786 3193 modo,
810 3122 837 3183 si
859 3122 1040 3184 voluminum
1064 3137 1202 3183 mensura
1230 3120 1259 3180 id
1282 3118 1441 3196 permittet,

212 3223 313 3286 Basilii
335 3219 415 3303 περὶ
429 3224 488 3284 τοῦ
504 3218 598 3302 ἁγίου
621 3218 817 3299 πνεύματος,
830 3221 905 3280 libro
928 3221 963 3282 ad
979 3221 1212 3301 Amphilochium
1235 3218 1323 3280 huius
1346 3217 1441 3294 ipsius

213 3323 371 3400 epistolam
393 3320 563 3398 synodicam
586 3337 601 3378 a
625 3319 772 3380 Cotelerin
788 3320 969 3382 Monument.
992 3323 1099 3384 eccles.
1128 3340 1171 3400 gr.
1187 3319 1272 3380 Tem.
1294 3317 1331 3380 ll.
1354 3335 1384 3396 p.
1399 3318 1440 3382 99

214 3425 330 3484 -rat
353 3419 481 3498 primum
509 3418 684 3497 publicatam
712 3419 883 3494 sublicium,
913 3430 999 3502 atque
1028 3424 1068 3486 illi
1091 3419 1293 3502 chrysostomi
1326 3420 1441 3498 episto·

214 3520 260 3582 lae
281 3519 434 3582 adnectam
450 3519 575 3580 selectas
597 3518 708 3598 aliquot
723 3519 831 3584 isidori
848 3521 1014 3586 Pelusiotae
1036 3523 1188 3606 epistolas,
1211 3541 1287 3602 quae
1308 3521 1344 3582 ad
1367 3539 1442 3584 con-

214 3621 391 3684 troversiam
415 3619 452 3682 de
474 3619 561 3682 modo
584 3629 614 3682 et
635 3621 741 3682 ellectu
763 3623 982 3686 coniunctionis
1011 3625 1165 3703 utriusque
1193 3623 1224 3686 in
1246 3599 1442 3684 christana-

215 3731 300 3784 tnrae
319 3721 482 3802 pertinent.

299 3821 357 3884 Sed
380 3822 453 3884 satis
468 3821 525 3884 iam
541 3822 752 3903 exemplorum,
775 3825 931 3904 exquibus
947 3834 1159 3906 cognoscatur,
1182 3825 1344 3903 quomodo,
1368 3841 1443 3904 quae

214 3922 253 3986 de
274 3921 390 3986 delectu
418 3921 601 3986 instimeodo
630 3926 696 4004 ipse
725 3925 797 3987 mihi
824 3927 1020 4006 praescripsi,
1049 3933 1209 3988 exsecutus
1231 3925 1300 3988 sim.
1344 3925 1444 4005 imque

214 4023 253 4086 ad
278 4023 391 4104 reliqua
420 4025 594 4104 progrediar
623 4025 840 4105 lectoribusque
868 4026 1003 4090 iudicabo
1033 4026 1099 4106 ipsa
1117 4032 1245 4105 patrum
1268 4043 1443 4104 graecorum

212 4124 365 4204 opuscula,
388 4143 472 4206 quae,
497 4127 522 4188 si
538 4126 651 4206 coeptis
673 4127 747 4189 deus
769 4125 915 4200 adnuerit,
939 4134 972 4188 ut
992 4125 1172 4190 bibliotheca
1197 4122 1312 4184 absolvi
1333 4121 1442 4200 possit,
1557 4179 1564 4188 .

212 4223 334 4288 collecta
355 4226 385 4288 in
408 4243 442 4290 ea
464 4230 659 4308 reperientur.
703 4227 742 4288 Et
755 4226 884 4305 primum
904 4225 1026 4305 quidem
1046 4226 1084 4288 de
1105 4221 1314 4286 Athenasimis
1336 4219 1442 4290 dicam,

212 4343 288 4408 quae
308 4327 404 4408 primo
427 4328 484 4391 hoc
505 4329 654 4392 volumine
675 4325 890 4406 comprehensa
911 4323 981 4386 viris
1004 4323 1100 4386 doctis
1123 4322 1300 4413 offeruntur.

299 4428 379 4491 luter
401 4431 565 4509 scriptores
589 4447 711 4509 graecos
733 4425 842 4490 saeculi
865 4424 972 4504 guard,
994 4424 1044 4503 qui
1072 4423 1211 4501 dogmata
1232 4437 1317 4482 saera
1345 4435 1441 4500 erpo·
