3174 5082
403 331 549 378 srrsrou
564 331 602 376 ns
616 331 760 376 nscnsrrs
775 329 920 374 numnis
936 329 1055 374 smonr.
1076 321 1087 340 ·
1300 315 1340 376 et

113 507 185 572 gere
206 488 331 561 velient,
358 481 448 545 nobis
477 481 647 544 huimmodi
675 465 812 562 exempla
825 481 984 544 tradidere.
1027 481 1072 542 du
1095 497 1156 541 nen
1179 479 1269 558 igitur
1289 477 1429 540 ob-rmo.

115 589 242 654 surdum
263 585 392 668 proinde
412 575 554 662 ¹valdeque
576 581 698 662 impium
725 583 828 656 fuerit,
856 601 923 646 cum
945 583 999 646 fras
1022 581 1167 662 imagines
1189 588 1220 642 et
1241 597 1344 642 exem-

116 691 164 772 pfa
187 689 339 768 Scriptura
369 683 533 757 contiueat,
561 701 619 744 uos
641 703 676 744 ex
698 683 780 757 aliis,
808 703 883 762 quae
904 701 1001 763 neque
1022 685 1131 764 scripte
1155 689 1226 744 sunt
1247 699 1345 760 usque

116 791 154 853 ad
176 790 317 870 pietatem
340 783 512 848 ullomodo
534 791 678 863 spectent,
699 783 816 846 Domini
837 785 972 846 notitiam
994 783 1167 866 inquirere?

209 991 259 1052 13.
302 986 363 1047 iam
395 983 495 1064 itaque
526 983 745 1063 respondeant,
776 983 920 1046 undenam
954 985 1049 1048 edocti
1076 987 1201 1066 reique
1223 986 1342 1048 tandem

120 1089 179 1152 ilfis
202 1087 336 1149 tradente
358 1085 415 1147 ista
436 1086 474 1148 de
490 1084 642 1146 Salvatore
665 1083 813 1163 suspicari
835 1084 997 1163 coeperint.
1028 1085 1177 1164 Legimus,
1198 1089 1342 1168 inquient,

120 1191 154 1252 iu
173 1186 361 1252 Proverbiis:
394 1186 541 1250 Donamus
564 1189 678 1248 creauit
698 1204 745 1247 me
765 1188 887 1248 initium
907 1189 1028 1248 ciorum
1050 1205 1177 1250 mrum
1197 1194 1230 1249 io
1251 1207 1344 1270 opere

119 1311 189 1356 auc.
233 1288 352 1352 Soificet
372 1287 403 1349 id
425 1287 511 1350 etiam
529 1267 708 1347 bidebantur
730 1285 879 1348 obiectare
900 1285 1072 1360 Eusebisni,
1096 1295 1185 1367 tuque
1207 1289 1270 1368 ipse
1286 1289 1344 1350 tuis

118 1392 229 1458 fitteris
252 1389 325 1452 mibi
347 1387 535 1468 significasti,
557 1385 631 1448 istos
653 1405 771 1466 queque
793 1387 895 1449 multis
916 1387 987 1449 ficet
1007 1389 1189 1466 argumentis
1210 1397 1347 1468 prostra-

120 1504 170 1556 tos
193 1501 223 1554 et
244 1489 394 1553 convictos
416 1489 453 1550 ad
475 1489 523 1550 ilia
537 1487 707 1567 Scripturas
728 1488 816 1550 rerba
836 1489 1019 1568 profugisse,
1041 1507 1134 1568 eaque
1157 1507 1277 1550 sursum
1292 1489 1348 1550 de·

120 1611 261 1660 orsumre
283 1591 524 1654 circumferentes
546 1607 726 1662 asseverare,
749 1589 853 1652 Pifium
875 1607 964 1650 unam
987 1609 1003 1650 e
1025 1589 1118 1650 rebus
1139 1589 1245 1652 merus
1267 1607 1348 1661 esse,

118 1712 246 1774 eumque
275 1693 363 1754 iuter·
380 1709 429 1753 res
459 1691 551 1752 factas
579 1707 781 1752 annumerare.
828 1692 934 1752 Verum
957 1691 1035 1752 bunc
1057 1691 1226 1770 Scripturae
1248 1691 1348 1754 focum

117 1815 179 1858 non
207 1803 288 1858 recte
315 1792 387 1854 mihi
417 1791 555 1852 ridentur
576 1791 775 1866 intellexisse3
802 1792 949 1871 siquidem
971 1793 1052 1872 pium
1076 1802 1106 1854 et
1126 1793 1209 1854 refde
1230 1800 1345 1856 rectum

117 1887 253 1960 continet
274 1911 406 1965 sensum
428 1911 516 1972 quem
539 1893 565 1954 si
588 1891 645 1972 ipsi
659 1891 883 1966 intellexissent,
904 1893 1062 1954 Domuumr
1078 1893 1189 1972 gloriae
1203 1894 1344 1974 blaspbe-
1445 1961 1448 1968 ι

120 1997 190 2060 miis
213 2013 274 2058 neu
296 1993 502 2056 offendissent.
546 1993 619 2054 Nam
642 2011 716 2072 quae
736 2011 828 2072 supra
850 2003 921 2054 suut
941 1993 1034 2068 diota,
1056 2013 1122 2056 cum
1145 1995 1200 2056 huc
1221 2005 1345 2056 seuten-

121 2099 162 2160 tia
189 2095 358 2168 conferant,
387 2102 630 2174 cognoscentque
657 2093 780 2156 multum
808 2094 839 2154 in
866 2093 924 2156 illis
947 2113 1013 2157 esse
1035 2095 1225 2158 discriminis.
1270 2095 1345 2168 Quis

119 2200 198 2262 enirn
221 2217 311 2260 sanae
330 2195 442 2258 mentis
464 2213 525 2256 non
547 2193 693 2273 iutelfigit,
716 2213 766 2258 res
788 2203 902 2256 creatas
924 2202 953 2256 et
974 2198 1065 2258 factas
1079 2205 1160 2258 extra
1175 2199 1346 2258 effectorem

118 2319 204 2374 esse,
233 2299 324 2361 filium
347 2308 463 2372 autem,
492 2305 636 2376 utsupra
658 2296 859 2369 ostendimus,
887 2315 948 2358 non
972 2306 1053 2359 extra
1075 2298 1128 2360 sed
1150 2317 1186 2360 ex
1208 2298 1345 2376 gignente

118 2412 203 2482 patre
237 2397 404 2464 exsistere?
454 2399 567 2478 Nempe
602 2399 693 2458 frnrnu
722 2398 845 2459 domum
875 2399 995 2477 quidem
1024 2399 1139 2471 condit,
1173 2397 1227 2458 sed
1255 2397 1349 2458 filium

122 2503 232 2580 giguit,
255 2502 294 2561 ita
317 2510 349 2562 ut
372 2519 462 2562 nemo
483 2499 602 2562 inversu
625 2499 731 2560 ordine
753 2501 832 2562 ausit
853 2499 968 2572 dicere,
991 2499 1112 2561 domum
1135 2507 1165 2560 et
1186 2515 1288 2560 narem
1311 2497 1348 2558 ah
1388 2513 1392 2536 ¹

122 2602 310 2690 aedificatore
332 2601 421 2680 gigni,
444 2599 535 2666 ddum
555 2610 653 2664 autem
675 2601 711 2662 ab
734 2602 838 2664 eedem
861 2599 948 2662 condi
971 2609 1001 2662 et
1022 2601 1097 2676 fieri,
1118 2619 1176 2663 uec
1196 2599 1266 2662 item
1289 2599 1347 2660 dc-

121 2721 203 2766 mum
225 2702 421 2766 mdifimtoms
443 2701 599 2781 imaginem
623 2721 706 2778 esse,
739 2703 829 2764 filium
852 2721 922 2764 vero
947 2721 1017 2766 esse
1042 2685 1185 2783 genitoris
1211 2700 1346 2764 dissimi-

121 2807 198 2878 lem3
228 2805 281 2866 sed
310 2805 410 2884 potius
438 2803 528 2864 filium
557 2822 625 2864 esse
659 2803 751 2883 patris
784 2805 941 2884 imaginem
970 2812 1000 2866 et
1032 2805 1152 2866 domum
1175 2805 1246 2865 artis
1269 2820 1346 2882 opus

124 2905 279 2974 fatebitur,
301 2905 359 2964 uisi
382 2905 459 2962 forte
481 2904 547 2980 quis
569 2912 668 2964 mente
690 2904 736 2964 sit
751 2915 852 2982 captus
875 2923 909 2964 ac
931 2905 1045 2965 defiret.
1088 2905 1226 2966 Profecto
1249 2904 1348 2964 diviua

126 3001 290 3080 Scriptura,
312 3019 387 3079 quae
410 3017 509 3060 rerum
531 3003 664 3062 omnium
687 3011 819 3063 naturam
840 3003 928 3080 louge
949 3003 1053 3063 melius
1075 3003 1213 3064 omuibus
1236 3021 1348 3080 cugno-

127 3102 202 3175 scit,
232 3101 269 3162 de
298 3100 389 3162 rebus
411 3099 517 3160 creetis
539 3117 593 3176 per
613 3089 839 3180 Moysem'baec
859 3102 913 3162 ait:
944 3101 982 3163 fa
999 3105 1152 3182 principio
1174 3103 1246 3179 fecit
1268 3101 1350 3162 Deus

128 3203 244 3268 caelum
274 3213 304 3265 ct
332 3211 458 3262 terrum.
501 3199 544 3260 De
568 3199 641 3261 Pilio
673 3208 770 3262 autern
798 3220 859 3262 non
887 3200 975 3262 alium
1005 3219 1091 3280 quam
1118 3202 1215 3281 ipsum
1236 3201 1352 3262 Patrem

51 3355 55 3362 .
125 3305 254 3368 declarat
287 3302 402 3364 dicere:
434 3301 483 3364 fia
508 3311 599 3390 rifero
622 3313 693 3364 cote
717 3303 878 3383 luciferum
899 3306 993 3382 genuf
1012 3313 1048 3366 te.
1092 3303 1130 3364 Et
1152 3319 1271 3364 rursus:
1299 3300 1353 3364 Fi-

126 3407 187 3470 lius
217 3425 300 3468 meus
329 3423 361 3465 es
390 3415 443 3481 τις
468 3403 530 3483 Epo
560 3405 646 3468 bodie
667 3408 760 3484 penui
779 3417 816 3468 ts.
859 3403 929 3484 lpse
951 3422 1069 3482 quoque
1090 3403 1236 3466 Dominus
1257 3403 1294 3466 de
1316 3420 1351 3466 se

125 3510 192 3588 ipsc
214 3508 245 3568 iu
267 3505 437 3568 Proverbiis
459 3505 513 3566 ait:
544 3509 620 3568 Arete
649 3525 749 3568 omnes
773 3505 864 3567 cuites
885 3517 1011 3584 generat
1031 3524 1086 3568 me.
1130 3505 1256 3567 ioannes
1278 3502 1348 3566 item

126 3607 269 3670 defectis
292 3615 321 3668 et
343 3605 449 3668 creatis
472 3607 561 3669 rebus
584 3607 629 3668 sic
649 3605 794 3686 loquitur:
825 3607 933 3670 Omnia
950 3625 1009 3687 per
1030 3612 1130 3687 ipsum
1151 3609 1235 3688 fectu
1257 3617 1347 3680 suot3

125 3710 162 3772 de
184 3709 311 3780 Domine
344 3716 443 3770 autem
474 3707 560 3769 dicit:
598 3708 907 3788 vargiacensibus,
942 3713 994 3788 qui
1021 3720 1066 3770 est
1087 3714 1118 3772 iu
1141 3713 1212 3771 siau
1234 3709 1347 3780 Petris,

122 3816 187 3892 ipsc
210 3813 380 3872 eucrrooit.
424 3807 526 3886 ltaque
548 3809 574 3870 si
598 3809 674 3870 fufius
697 3819 752 3882 est,
775 3829 836 3871 nou
859 3821 906 3872 est
927 3829 975 3870 res
997 3819 1105 3883 creata,
1128 3809 1155 3871 si
1177 3817 1277 3870 contra
1299 3827 1349 3869 res

124 3920 225 3974 creata
253 3918 316 3983 est,
345 3925 405 3970 non
428 3916 476 3970 est
498 3917 577 3972 certe
600 3909 693 3984 fdius3
725 3911 870 3990 siquidem
892 3911 1050 3990 plurimum
1074 3915 1123 3973 res
1146 3911 1192 3972 iffa
1216 3910 1292 3972 inter
1314 3929 1349 3972 se

158 4188 1344 4258 bbufflgmdwommfflssrdowmssmmfflmfflnmmMM&

126 4260 212 4334 ῥητὸν
230 4264 311 4313 τοῦτο
330 4261 552 4332 συμβαλέτωσαν,
766 4265 856 4316 omissa
875 4273 931 4313 snut
948 4266 971 4315 in
991 4263 1045 4326 ch.

125 4351 187 4452 ‘cp‘
200 4335 241 4386 Sic
260 4336 315 4397 ftcg.
357 4339 385 4384 dt
408 4335 448 4385 alii
476 4342 499 4384 et
528 4333 584 4382 editi
610 4323 715 4398 carptis
768 4355 772 4358 ·

163 4471 185 4520 d.
206 4471 269 4520 Haec
286 4471 357 4520 rerba
366 4463 507 4524 xrttsoam
517 4463 563 4516 καὶ
571 4467 713 4518 ποιεῖσθαι

127 4531 205 4602 παρὰ
223 4536 272 4586 roi
291 4529 392 4594 αὐτοῦ,
413 4528 476 4586 eddi
494 4529 576 4585 πάλιν
593 4530 643 4596 τὴν
660 4531 713 4601 μὲν
800 4537 818 4586 f.
836 4535 893 4597 fteg.
911 4529 1049 4600 τυγχάνει,

800 4381 820 4444 e.
839 4363 879 4414 Sic
897 4365 953 4428 fteg.
990 4365 1068 4416 Ceteri
1088 4374 1166 4416 autern
1186 4373 1209 4417 et
1226 4367 1283 4417 editi
1302 4357 1352 4412 τόν

766 4441 886 4483 omittunt.
