<?xml version="1.0" encoding="UTF-8"?>
<!DOCTYPE html PUBLIC "-//W3C//DTD XHTML 1.0 Transitional//EN"
    "http://www.w3.org/TR/xhtml1/DTD/xhtml1-transitional.dtd">
<html xmlns="http://www.w3.org/1999/xhtml" xml:lang="en" lang="en">
 <head>
  <title>
</title>
<meta http-equiv="Content-Type" content="text/html;charset=utf-8" />
  <meta name='ocr-system' content='tesseract 3.04.00' />
  <meta name='ocr-capabilities' content='ocr_page ocr_carea ocr_par ocr_line ocrx_word'/>
</head>
<body>
  <div class='ocr_page' id='page_1' title='image "./sanctiathanasii03athagoog_0198.png"; bbox 0 0 3220 5046; ppageno 0'>
   <div class='ocr_carea' id='block_1_1' title="bbox 237 298 1063 360">
    <p class='ocr_par' dir='ltr' id='par_1_1' title="bbox 237 298 1063 360">
     <span class='ocr_line' id='line_1_1' title="bbox 237 298 1063 360; baseline -0.006 -1"><span class='ocrx_word' id='word_1_1' title='bbox 237 298 297 360; x_wconf 82' lang='lat'><strong><em>150</em></strong></span> <span class='ocrx_word' id='word_1_2' title='bbox 632 311 657 355; x_wconf 87' lang='lat' dir='ltr'><strong><em>s.</em></strong></span> <span class='ocrx_word' id='word_1_3' title='bbox 673 311 827 355; x_wconf 75' lang='grc' dir='ltr'><strong><em>ιτιωιωειι</em></strong></span> <span class='ocrx_word' id='word_1_4' title='bbox 841 311 1063 356; x_wconf 76' lang='grc' dir='ltr'><strong><em>ιιιεαιεειεεοει</em></strong></span> 
     </span>
    </p>
   </div>
   <div class='ocr_carea' id='block_1_2' title="bbox 149 455 1460 3696">
    <p class='ocr_par' dir='ltr' id='par_1_2' title="bbox 149 455 1460 3696">
     <span class='ocr_line' id='line_1_2' title="bbox 150 455 1456 546; baseline 0.005 -24"><span class='ocrx_word' id='word_1_5' title='bbox 150 457 348 537; x_wconf 68' lang='grc' dir='ltr'><strong><em>νεοκτόπον,</em></strong></span> <span class='ocrx_word' id='word_1_6' title='bbox 371 460 425 525; x_wconf 91' lang='grc' dir='ltr'><strong><em>καὶ</em></strong></span> <span class='ocrx_word' id='word_1_7' title='bbox 449 455 524 526; x_wconf 82' lang='grc' dir='ltr'><strong><em>οῦτε</em></strong></span> <span class='ocrx_word' id='word_1_8' title='bbox 547 457 676 526; x_wconf 86' lang='grc' dir='ltr'><strong><em>ἐκείνων</em></strong></span> <span class='ocrx_word' id='word_1_9' title='bbox 698 459 737 526; x_wconf 87' lang='grc' dir='ltr'><strong><em>τὸ</em></strong></span> <span class='ocrx_word' id='word_1_10' title='bbox 758 459 876 527; x_wconf 87' lang='grc' dir='ltr'><strong><em>τοότου</em></strong></span> <span class='ocrx_word' id='word_1_11' title='bbox 898 461 986 538; x_wconf 78' lang='grc' dir='ltr'><strong><em>τινὲς</em></strong></span> <span class='ocrx_word' id='word_1_12' title='bbox 1008 460 1137 544; x_wconf 78' lang='grc' dir='ltr'><strong><em>ἐχουσιν</em></strong></span> <span class='ocrx_word' id='word_1_13' title='bbox 1160 456 1273 546; x_wconf 88' lang='grc' dir='ltr'><strong><em>όνομο,</em></strong></span> <span class='ocrx_word' id='word_1_14' title='bbox 1299 459 1374 530; x_wconf 85' lang='grc' dir='ltr'><strong><em>οῦτε</em></strong></span> <span class='ocrx_word' id='word_1_15' title='bbox 1396 455 1456 528; x_wconf 83' lang='grc' dir='ltr'><strong><em>αῦ-</em></strong></span> 
     </span>
     <span class='ocr_line' id='line_1_3' title="bbox 231 554 1457 651; baseline 0.005 -27"><span class='ocrx_word' id='word_1_16' title='bbox 231 558 288 637; x_wconf 90' lang='grc' dir='ltr'><strong><em>τὸς</em></strong></span> <span class='ocrx_word' id='word_1_17' title='bbox 320 557 356 638; x_wconf 76' lang='grc' dir='ltr'><strong><em>ἐξ</em></strong></span> <span class='ocrx_word' id='word_1_18' title='bbox 387 558 517 628; x_wconf 75' lang='grc' dir='ltr'><strong><em>ἐκείνων</em></strong></span> <span class='ocrx_word' id='word_1_19' title='bbox 552 554 761 645; x_wconf 81' lang='grc' dir='ltr'><strong><em>ὀνομάζεται,</em></strong></span> <span class='ocrx_word' id='word_1_20' title='bbox 795 557 879 628; x_wconf 84' lang='grc' dir='ltr'><strong><em>ἀλλὰ</em></strong></span> <span class='ocrx_word' id='word_1_21' title='bbox 910 560 1032 641; x_wconf 88' lang='grc' dir='ltr'><strong><em>πάντες</em></strong></span> <span class='ocrx_word' id='word_1_22' title='bbox 1068 560 1189 628; x_wconf 91' lang='grc' dir='ltr'><strong><em>·πάλιν</em></strong></span> <span class='ocrx_word' id='word_1_23' title='bbox 1217 565 1270 630; x_wconf 88' lang='grc' dir='ltr'><strong><em>καὶ</em></strong></span> <span class='ocrx_word' id='word_1_24' title='bbox 1301 561 1457 651; x_wconf 88' lang='grc' dir='ltr'><strong><em>συνήθως</em></strong></span> 
     </span>
     <span class='ocr_line' id='line_1_4' title="bbox 231 655 1456 749; baseline 0.005 -23"><span class='ocrx_word' id='word_1_25' title='bbox 231 664 432 746; x_wconf 80' lang='grc' dir='ltr'><strong><em>Χριστιανοὶ</em></strong></span> <span class='ocrx_word' id='word_1_26' title='bbox 453 663 637 729; x_wconf 88' lang='grc' dir='ltr'><strong><em>καλοῦνται.</em></strong></span> <span class='ocrx_word' id='word_1_27' title='bbox 674 655 733 748; x_wconf 75' lang='grc' dir='ltr'><strong><em>κάν</em></strong></span> <span class='ocrx_word' id='word_1_28' title='bbox 755 661 816 749; x_wconf 91' lang='grc' dir='ltr'><strong><em>γάρ</em></strong></span> <span class='ocrx_word' id='word_1_29' title='bbox 839 661 1045 730; x_wconf 79' lang='grc' dir='ltr'><strong><em>διδασκάλων</em></strong></span> <span class='ocrx_word' id='word_1_30' title='bbox 1068 663 1241 746; x_wconf 88' lang='grc' dir='ltr'><strong><em>διαδόχους</em></strong></span> <span class='ocrx_word' id='word_1_31' title='bbox 1264 663 1385 749; x_wconf 71' lang='grc' dir='ltr'><strong><em>ἔχωμεν</em></strong></span> <span class='ocrx_word' id='word_1_32' title='bbox 1400 667 1456 732; x_wconf 88' lang='grc' dir='ltr'><strong><em>καὶ</em></strong></span> 
     </span>
     <span class='ocr_line' id='line_1_5' title="bbox 231 759 1456 856; baseline 0.003 -28"><span class='ocrx_word' id='word_1_33' title='bbox 231 765 382 850; x_wconf 90' lang='grc' dir='ltr'><strong><em>μαθηταὶ</em></strong></span> <span class='ocrx_word' id='word_1_34' title='bbox 403 762 529 856; x_wconf 81' lang='grc' dir='ltr'><strong><em>τούτων</em></strong></span> <span class='ocrx_word' id='word_1_35' title='bbox 550 762 740 850; x_wconf 81' lang='grc' dir='ltr'><strong><em>γινώμεθα,</em></strong></span> <span class='ocrx_word' id='word_1_36' title='bbox 764 759 849 831; x_wconf 91' lang='grc' dir='ltr'><strong><em>ἀλλά</em></strong></span> <span class='ocrx_word' id='word_1_37' title='bbox 870 789 906 851; x_wconf 91' lang='grc' dir='ltr'><strong><em>γε</em></strong></span> <span class='ocrx_word' id='word_1_38' title='bbox 926 764 968 832; x_wconf 88' lang='grc' dir='ltr'><strong><em>τά</em></strong></span> <span class='ocrx_word' id='word_1_39' title='bbox 990 767 1049 832; x_wconf 88' lang='grc' dir='ltr'><strong><em>τοῦ</em></strong></span> <span class='ocrx_word' id='word_1_40' title='bbox 1072 769 1221 852; x_wconf 83' lang='grc' dir='ltr'><strong><em>Χριστοῦ</em></strong></span> <span class='ocrx_word' id='word_1_41' title='bbox 1243 760 1321 852; x_wconf 79' lang='grc' dir='ltr'><strong><em>παρ’</em></strong></span> <span class='ocrx_word' id='word_1_42' title='bbox 1347 761 1456 832; x_wconf 77' lang='grc' dir='ltr'><strong><em>αὐτῶν</em></strong></span> 
     </span>
     <span class='ocr_line' id='line_1_6' title="bbox 233 856 1457 956; baseline 0.002 -25"><span class='ocrx_word' id='word_1_43' title='bbox 233 863 465 950; x_wconf 83' lang='grc' dir='ltr'><strong><em>διδασκόμενοι</em></strong></span> <span class='ocrx_word' id='word_1_44' title='bbox 485 870 683 952; x_wconf 82' lang='grc' dir='ltr'><strong><em>Χριστιανοὶ</em></strong></span> <span class='ocrx_word' id='word_1_45' title='bbox 707 861 801 934; x_wconf 79' lang='grc' dir='ltr'><strong><em>οῦδὲν</em></strong></span> <span class='ocrx_word' id='word_1_46' title='bbox 822 856 920 956; x_wconf 83' lang='grc' dir='ltr'><strong><em>ἧττόν</em></strong></span> <span class='ocrx_word' id='word_1_47' title='bbox 944 867 1040 952; x_wconf 87' lang='grc' dir='ltr'><strong><em>ἐσμεν</em></strong></span> <span class='ocrx_word' id='word_1_48' title='bbox 1062 867 1118 934; x_wconf 90' lang='grc' dir='ltr'><strong><em>καὶ</em></strong></span> <span class='ocrx_word' id='word_1_49' title='bbox 1138 867 1339 952; x_wconf 80' lang='grc' dir='ltr'><strong><em>καλούμεθα,</em></strong></span> <span class='ocrx_word' id='word_1_50' title='bbox 1364 867 1396 934; x_wconf 84' lang='grc' dir='ltr'><strong><em>οὶ</em></strong></span> <span class='ocrx_word' id='word_1_51' title='bbox 1418 867 1457 934; x_wconf 76' lang='grc' dir='ltr'><strong><em>δέ</em></strong></span> 
     </span>
     <span class='ocr_line' id='line_1_7' title="bbox 232 963 1454 1058; baseline -0.001 -23"><span class='ocrx_word' id='word_1_52' title='bbox 232 991 269 1054; x_wconf 91' lang='grc' dir='ltr'><strong><em>γε</em></strong></span> <span class='ocrx_word' id='word_1_53' title='bbox 290 978 362 1047; x_wconf 87' lang='grc' dir='ltr'><strong><em>τοῖς</em></strong></span> <span class='ocrx_word' id='word_1_54' title='bbox 384 967 561 1054; x_wconf 83' lang='grc' dir='ltr'><strong><em>αὶρετικοῖς</em></strong></span> <span class='ocrx_word' id='word_1_55' title='bbox 583 963 853 1048; x_wconf 88' lang='grc' dir='ltr'><strong><em>ἀκολουθοῦντες,</em></strong></span> <span class='ocrx_word' id='word_1_56' title='bbox 877 963 937 1057; x_wconf 75' lang='grc' dir='ltr'><strong><em>κᾷν</em></strong></span> <span class='ocrx_word' id='word_1_57' title='bbox 958 977 1096 1056; x_wconf 92' lang='grc' dir='ltr'><strong><em>μυρίους</em></strong></span> <span class='ocrx_word' id='word_1_58' title='bbox 1107 969 1282 1058; x_wconf 78' lang='grc' dir='ltr'><strong><em>διαδόχους</em></strong></span> <span class='ocrx_word' id='word_1_59' title='bbox 1303 969 1454 1052; x_wconf 64' lang='grc' dir='ltr'><strong><em>ὶέχωσιν,</em></strong></span> 
     </span>
     <span class='ocr_line' id='line_1_8' title="bbox 234 1063 1453 1160; baseline 0 -24"><span class='ocrx_word' id='word_1_60' title='bbox 234 1063 318 1136; x_wconf 88' lang='grc' dir='ltr'><strong><em>ἀλλά</em></strong></span> <span class='ocrx_word' id='word_1_61' title='bbox 349 1069 484 1149; x_wconf 89' lang='grc' dir='ltr'><strong><em>πάντως</em></strong></span> <span class='ocrx_word' id='word_1_62' title='bbox 514 1069 554 1136; x_wconf 91' lang='grc' dir='ltr'><strong><em>τὸ</em></strong></span> <span class='ocrx_word' id='word_1_63' title='bbox 587 1066 693 1154; x_wconf 86' lang='grc' dir='ltr'><strong><em>όνομα</em></strong></span> <span class='ocrx_word' id='word_1_64' title='bbox 719 1073 778 1136; x_wconf 89' lang='grc' dir='ltr'><strong><em>τοῦ</em></strong></span> <span class='ocrx_word' id='word_1_65' title='bbox 806 1069 864 1156; x_wconf 85' lang='grc' dir='ltr'><strong><em>τήν</em></strong></span> <span class='ocrx_word' id='word_1_66' title='bbox 893 1071 1022 1156; x_wconf 73' lang='grc' dir='ltr'><strong><em>αἵρεσιν</em></strong></span> <span class='ocrx_word' id='word_1_67' title='bbox 1055 1071 1252 1160; x_wconf 89' lang='grc' dir='ltr'><strong><em>ἐφευρόντος</em></strong></span> <span class='ocrx_word' id='word_1_68' title='bbox 1286 1075 1453 1157; x_wconf 82' lang='grc' dir='ltr'><strong><em>φέρουσιν.</em></strong></span> 
     </span>
     <span class='ocr_line' id='line_1_9' title="bbox 234 1167 1457 1258; baseline -0.002 -18"><span class='ocrx_word' id='word_1_69' title='bbox 234 1169 347 1257; x_wconf 76' lang='grc' dir='ltr'><strong><em>ἀμέλει</em></strong></span> <span class='ocrx_word' id='word_1_70' title='bbox 367 1171 621 1258; x_wconf 87' lang='grc' dir='ltr'><strong><em>τελευτήσαντος</em></strong></span> <span class='ocrx_word' id='word_1_71' title='bbox 639 1167 786 1258; x_wconf 80' lang='grc' dir='ltr'><strong><em>Ἀρείου,</em></strong></span> <span class='ocrx_word' id='word_1_72' title='bbox 809 1174 961 1240; x_wconf 65' lang='grc' dir='ltr'><strong><em>“πολλιῦν</em></strong></span> <span class='ocrx_word' id='word_1_73' title='bbox 990 1175 1026 1240; x_wconf 82' lang='grc' dir='ltr'><strong><em>δέ</em></strong></span> <span class='ocrx_word' id='word_1_74' title='bbox 1054 1177 1120 1241; x_wconf 86' lang='grc' dir='ltr'><strong><em>τιῦν</em></strong></span> <span class='ocrx_word' id='word_1_75' title='bbox 1144 1171 1237 1240; x_wconf 77' lang='grc' dir='ltr'><strong><em>ἰδίων</em></strong></span> <span class='ocrx_word' id='word_1_76' title='bbox 1260 1167 1359 1239; x_wconf 77' lang='grc' dir='ltr'><strong><em>αὐτὸν</em></strong></span> <span class='ocrx_word' id='word_1_77' title='bbox 1382 1173 1457 1238; x_wconf 81' lang='grc' dir='ltr'><strong><em>δια-</em></strong></span> 
     </span>
     <span class='ocr_line' id='line_1_10' title="bbox 204 1270 1458 1362; baseline 0.003 -26"><span class='ocrx_word' id='word_1_78' title='bbox 204 1329 208 1336; x_wconf 94' lang='grc'><strong>.</strong></span> <span class='ocrx_word' id='word_1_79' title='bbox 233 1275 426 1358; x_wconf 78' lang='grc' dir='ltr'><strong><em>δεξαμένων,</em></strong></span> <span class='ocrx_word' id='word_1_80' title='bbox 450 1270 540 1358; x_wconf 84' lang='grc' dir='ltr'><strong><em>ὅμως</em></strong></span> <span class='ocrx_word' id='word_1_81' title='bbox 562 1275 595 1341; x_wconf 85' lang='grc' dir='ltr'><strong><em>οὶ</em></strong></span> <span class='ocrx_word' id='word_1_82' title='bbox 615 1272 657 1341; x_wconf 90' lang='grc' dir='ltr'><strong><em>τά</em></strong></span> <span class='ocrx_word' id='word_1_83' title='bbox 679 1273 802 1341; x_wconf 83' lang='grc' dir='ltr'><strong><em>ἐκείνου</em></strong></span> <span class='ocrx_word' id='word_1_84' title='bbox 819 1279 1016 1362; x_wconf 77' lang='grc' dir='ltr'><strong><em>φρονοῦντες</em></strong></span> <span class='ocrx_word' id='word_1_85' title='bbox 1031 1275 1067 1355; x_wconf 86' lang='grc' dir='ltr'><strong><em>ἐξ</em></strong></span> <span class='ocrx_word' id='word_1_86' title='bbox 1077 1271 1208 1362; x_wconf 83' lang='grc' dir='ltr'><strong><em>Ἀρείου</em></strong></span> <span class='ocrx_word' id='word_1_87' title='bbox 1223 1272 1458 1361; x_wconf 74' lang='grc' dir='ltr'><strong><em>γνωριζόμενοι</em></strong></span> 
     </span>
     <span class='ocr_line' id='line_1_11' title="bbox 228 1372 1455 1464; baseline -0.001 -21"><span class='ocrx_word' id='word_1_88' title='bbox 228 1372 396 1464; x_wconf 89' lang='grc' dir='ltr'><strong><em>Ἀρειανοὶ</em></strong></span> <span class='ocrx_word' id='word_1_89' title='bbox 418 1377 603 1443; x_wconf 85' lang='grc' dir='ltr'><strong><em>καλοῦνται.</em></strong></span> <span class='ocrx_word' id='word_1_90' title='bbox 640 1375 697 1443; x_wconf 88' lang='grc' dir='ltr'><strong><em>καὶ</em></strong></span> <span class='ocrx_word' id='word_1_91' title='bbox 717 1376 915 1460; x_wconf 84' lang='grc' dir='ltr'><strong><em>θαυμαστόν</em></strong></span> <span class='ocrx_word' id='word_1_92' title='bbox 936 1402 972 1462; x_wconf 93' lang='grc' dir='ltr'><strong><em>γε</em></strong></span> <span class='ocrx_word' id='word_1_93' title='bbox 994 1377 1112 1444; x_wconf 84' lang='grc' dir='ltr'><strong><em>τούτου</em></strong></span> <span class='ocrx_word' id='word_1_94' title='bbox 1135 1376 1316 1463; x_wconf 82' lang='grc' dir='ltr'><strong><em>τεκμήριον,</em></strong></span> <span class='ocrx_word' id='word_1_95' title='bbox 1341 1375 1373 1442; x_wconf 82' lang='grc' dir='ltr'><strong><em>οὶ</em></strong></span> <span class='ocrx_word' id='word_1_96' title='bbox 1394 1377 1455 1459; x_wconf 79' lang='grc' dir='ltr'><strong><em>μὲν</em></strong></span> 
     </span>
     <span class='ocr_line' id='line_1_12' title="bbox 233 1473 1457 1566; baseline -0.002 -20"><span class='ocrx_word' id='word_1_97' title='bbox 233 1477 269 1558; x_wconf 84' lang='grc' dir='ltr'><strong><em>ἐξ</em></strong></span> <span class='ocrx_word' id='word_1_98' title='bbox 286 1475 443 1564; x_wconf 80' lang='grc' dir='ltr'><strong><em>Ἑλλήνων</em></strong></span> <span class='ocrx_word' id='word_1_99' title='bbox 471 1481 524 1544; x_wconf 93' lang='grc' dir='ltr'><strong><em>καὶ</em></strong></span> <span class='ocrx_word' id='word_1_100' title='bbox 552 1480 609 1544; x_wconf 90' lang='grc' dir='ltr'><strong><em>νῦν</em></strong></span> <span class='ocrx_word' id='word_1_101' title='bbox 638 1477 685 1556; x_wconf 81' lang='grc' dir='ltr'><strong><em>εἰς</em></strong></span> <span class='ocrx_word' id='word_1_102' title='bbox 712 1476 771 1566; x_wconf 83' lang='grc' dir='ltr'><strong><em>τήν</em></strong></span> <span class='ocrx_word' id='word_1_103' title='bbox 793 1477 963 1565; x_wconf 76' lang='grc' dir='ltr'><strong><em>ἐκκλησίαν</em></strong></span> <span class='ocrx_word' id='word_1_104' title='bbox 986 1477 1169 1564; x_wconf 86' lang='grc' dir='ltr'><strong><em>ἐρχόμενοι,</em></strong></span> <span class='ocrx_word' id='word_1_105' title='bbox 1204 1473 1355 1566; x_wconf 77' lang='grc' dir='ltr'><strong><em>ἀφιέντες</em></strong></span> <span class='ocrx_word' id='word_1_106' title='bbox 1378 1475 1457 1563; x_wconf 61' lang='grc' dir='ltr'><strong><em>ἐτήν</em></strong></span> 
     </span>
     <span class='ocr_line' id='line_1_13' title="bbox 231 1575 1457 1666; baseline 0.001 -21"><span class='ocrx_word' id='word_1_107' title='bbox 231 1583 299 1646; x_wconf 82' lang='grc' dir='ltr'><strong><em>τῶν</em></strong></span> <span class='ocrx_word' id='word_1_108' title='bbox 321 1579 466 1648; x_wconf 83' lang='grc' dir='ltr'><strong><em>εἰδώλων</em></strong></span> <span class='ocrx_word' id='word_1_109' title='bbox 489 1579 759 1661; x_wconf 88' lang='grc' dir='ltr'><strong><em>δεισιδαιμονίαν,</em></strong></span> <span class='ocrx_word' id='word_1_110' title='bbox 784 1575 821 1644; x_wconf 81' lang='grc' dir='ltr'><strong><em>οὐ</em></strong></span> <span class='ocrx_word' id='word_1_111' title='bbox 844 1583 910 1646; x_wconf 81' lang='grc' dir='ltr'><strong><em>τῶν</em></strong></span> <span class='ocrx_word' id='word_1_112' title='bbox 931 1577 1155 1666; x_wconf 83' lang='grc' dir='ltr'><strong><em>κατηχούντων</em></strong></span> <span class='ocrx_word' id='word_1_113' title='bbox 1178 1578 1383 1665; x_wconf 78' lang='grc' dir='ltr'><strong><em>λαμβάνουσι</em></strong></span> <span class='ocrx_word' id='word_1_114' title='bbox 1397 1577 1457 1666; x_wconf 81' lang='grc' dir='ltr'><strong><em>τὴν</em></strong></span> 
     </span>
     <span class='ocr_line' id='line_1_14' title="bbox 235 1674 1458 1768; baseline -0.003 -19"><span class='ocrx_word' id='word_1_115' title='bbox 235 1681 425 1763; x_wconf 75' lang='grc' dir='ltr'><strong><em>ἐπωνυμίαν</em></strong></span> <span class='ocrx_word' id='word_1_116' title='bbox 452 1674 554 1747; x_wconf 69' lang='grc' dir='ltr'><strong><em>οἀλλά</em></strong></span> <span class='ocrx_word' id='word_1_117' title='bbox 580 1679 638 1766; x_wconf 85' lang='grc' dir='ltr'><strong><em>τήν</em></strong></span> <span class='ocrx_word' id='word_1_118' title='bbox 665 1681 724 1745; x_wconf 88' lang='grc' dir='ltr'><strong><em>τοῦ</em></strong></span> <span class='ocrx_word' id='word_1_119' title='bbox 754 1683 916 1768; x_wconf 82' lang='grc' dir='ltr'><strong><em>σωτῆρος,</em></strong></span> <span class='ocrx_word' id='word_1_120' title='bbox 945 1683 999 1748; x_wconf 88' lang='grc' dir='ltr'><strong><em>καὶ</em></strong></span> <span class='ocrx_word' id='word_1_121' title='bbox 1029 1675 1101 1748; x_wconf 87' lang='grc' dir='ltr'><strong><em>ἀντὶ</em></strong></span> <span class='ocrx_word' id='word_1_122' title='bbox 1120 1677 1277 1768; x_wconf 82' lang='grc' dir='ltr'><strong><em>Ἑλλήνων</em></strong></span> <span class='ocrx_word' id='word_1_123' title='bbox 1301 1679 1458 1767; x_wconf 76' lang='grc' dir='ltr'><strong><em>ἄρχονται</em></strong></span> 
     </span>
     <span class='ocr_line' id='line_1_15' title="bbox 234 1774 1456 1869; baseline -0.001 -21"><span class='ocrx_word' id='word_1_124' title='bbox 234 1781 435 1868; x_wconf 84' lang='grc' dir='ltr'><strong><em>Χριστιανοὶ</em></strong></span> <span class='ocrx_word' id='word_1_125' title='bbox 455 1783 649 1848; x_wconf 86' lang='grc' dir='ltr'><strong><em>καλεῖσθαι·</em></strong></span> <span class='ocrx_word' id='word_1_126' title='bbox 673 1783 705 1848; x_wconf 91' lang='grc' dir='ltr'><strong><em>οί</em></strong></span> <span class='ocrx_word' id='word_1_127' title='bbox 728 1783 764 1850; x_wconf 80' lang='grc' dir='ltr'><strong><em>δὲ</em></strong></span> <span class='ocrx_word' id='word_1_128' title='bbox 786 1780 872 1867; x_wconf 87' lang='grc' dir='ltr'><strong><em>πρὸς</em></strong></span> <span class='ocrx_word' id='word_1_129' title='bbox 892 1782 1034 1862; x_wconf 85' lang='grc' dir='ltr'><strong><em>ἐκείνους</em></strong></span> <span class='ocrx_word' id='word_1_130' title='bbox 1049 1777 1214 1862; x_wconf 88' lang='grc' dir='ltr'><strong><em>ἀπιόντες,</em></strong></span> <span class='ocrx_word' id='word_1_131' title='bbox 1238 1777 1350 1869; x_wconf 84' lang='grc' dir='ltr'><strong><em>ήῦσοι</em></strong></span> <span class='ocrx_word' id='word_1_132' title='bbox 1365 1777 1397 1848; x_wconf 83' lang='grc' dir='ltr'><strong><em>δ’</em></strong></span> <span class='ocrx_word' id='word_1_133' title='bbox 1415 1774 1456 1847; x_wconf 85' lang='grc' dir='ltr'><strong><em>ἀν</em></strong></span> 
     </span>
     <span class='ocr_line' id='line_1_16' title="bbox 149 1877 1457 1971; baseline 0.007 -32"><span class='ocrx_word' id='word_1_134' title='bbox 149 1877 306 1949; x_wconf 56' lang='lat' dir='ltr'><strong><em>amada&amp;</em></strong></span> <span class='ocrx_word' id='word_1_135' title='bbox 328 1886 385 1968; x_wconf 84' lang='grc' dir='ltr'><strong><em>τής</em></strong></span> <span class='ocrx_word' id='word_1_136' title='bbox 407 1883 576 1970; x_wconf 78' lang='grc' dir='ltr'><strong><em>ἐκκλησίας</em></strong></span> <span class='ocrx_word' id='word_1_137' title='bbox 596 1882 698 1969; x_wconf 69' lang='grc' dir='ltr'><strong><em>’πρὸς</em></strong></span> <span class='ocrx_word' id='word_1_138' title='bbox 718 1882 776 1971; x_wconf 83' lang='grc' dir='ltr'><strong><em>τήν</em></strong></span> <span class='ocrx_word' id='word_1_139' title='bbox 799 1884 926 1970; x_wconf 77' lang='grc' dir='ltr'><strong><em>αἵρεσιν</em></strong></span> <span class='ocrx_word' id='word_1_140' title='bbox 947 1883 1219 1970; x_wconf 82' lang='grc' dir='ltr'><strong><em>μεταβάλλονται,</em></strong></span> <span class='ocrx_word' id='word_1_141' title='bbox 1242 1881 1355 1968; x_wconf 81' lang='grc' dir='ltr'><strong><em>τὸμὲν</em></strong></span> <span class='ocrx_word' id='word_1_142' title='bbox 1370 1889 1457 1967; x_wconf 92' lang='grc' dir='ltr'><strong><em>Χρι-</em></strong></span> 
     </span>
     <span class='ocr_line' id='line_1_17' title="bbox 237 1981 1455 2072; baseline -0.002 -19"><span class='ocrx_word' id='word_1_143' title='bbox 237 1989 316 2054; x_wconf 87' lang='grc' dir='ltr'><strong><em>στοῦ</em></strong></span> <span class='ocrx_word' id='word_1_144' title='bbox 344 1983 649 2070; x_wconf 85' lang='grc' dir='ltr'><strong><em>καταλιμπάνουσιν</em></strong></span> <span class='ocrx_word' id='word_1_145' title='bbox 679 1982 785 2069; x_wconf 88' lang='grc' dir='ltr'><strong><em>όνομα</em></strong></span> <span class='ocrx_word' id='word_1_146' title='bbox 804 1985 860 2052; x_wconf 86' lang='grc' dir='ltr'><strong><em>καὶ</em></strong></span> <span class='ocrx_word' id='word_1_147' title='bbox 880 1985 1001 2052; x_wconf 88' lang='grc' dir='ltr'><strong><em>λοιπὸν</em></strong></span> <span class='ocrx_word' id='word_1_148' title='bbox 1025 1988 1061 2053; x_wconf 85' lang='grc' dir='ltr'><strong><em>δέ</em></strong></span> <span class='ocrx_word' id='word_1_149' title='bbox 1079 1981 1247 2072; x_wconf 86' lang='grc' dir='ltr'><strong><em>Ἀρειανοὶ</em></strong></span> <span class='ocrx_word' id='word_1_150' title='bbox 1268 1986 1455 2064; x_wconf 86' lang='grc' dir='ltr'><strong><em>καλοῦνται,</em></strong></span> 
     </span>
     <span class='ocr_line' id='line_1_18' title="bbox 236 2082 1459 2176; baseline -0.002 -22"><span class='ocrx_word' id='word_1_151' title='bbox 236 2083 281 2168; x_wconf 78' lang='grc' dir='ltr'><strong><em>ὥς</em></strong></span> <span class='ocrx_word' id='word_1_152' title='bbox 294 2083 411 2155; x_wconf 83' lang='grc' dir='ltr'><strong><em>-οάκίτί</em></strong></span> <span class='ocrx_word' id='word_1_153' title='bbox 431 2087 490 2174; x_wconf 86' lang='grc' dir='ltr'><strong><em>τήν</em></strong></span> <span class='ocrx_word' id='word_1_154' title='bbox 511 2091 661 2174; x_wconf 88' lang='grc' dir='ltr'><strong><em>Χριστοῦ</em></strong></span> <span class='ocrx_word' id='word_1_155' title='bbox 683 2093 798 2154; x_wconf 87' lang='grc' dir='ltr'><strong><em>πίστιν</em></strong></span> <span class='ocrx_word' id='word_1_156' title='bbox 822 2087 965 2171; x_wconf 68' lang='grc' dir='ltr'><strong><em>ἔχοντες,</em></strong></span> <span class='ocrx_word' id='word_1_157' title='bbox 990 2083 1074 2154; x_wconf 86' lang='grc' dir='ltr'><strong><em>ἀλλά</em></strong></span> <span class='ocrx_word' id='word_1_158' title='bbox 1095 2091 1153 2176; x_wconf 81' lang='grc' dir='ltr'><strong><em>τῆς</em></strong></span> <span class='ocrx_word' id='word_1_159' title='bbox 1171 2082 1301 2172; x_wconf 79' lang='grc' dir='ltr'><strong><em>Ἀρείου</em></strong></span> <span class='ocrx_word' id='word_1_160' title='bbox 1323 2085 1459 2172; x_wconf 89' lang='grc' dir='ltr'><strong><em>γενόμε-</em></strong></span> 
     </span>
     <span class='ocr_line' id='line_1_19' title="bbox 234 2189 628 2276; baseline -0.005 -18"><span class='ocrx_word' id='word_1_161' title='bbox 234 2213 288 2258; x_wconf 90' lang='grc' dir='ltr'><strong><em>νοι</em></strong></span> <span class='ocrx_word' id='word_1_162' title='bbox 308 2198 428 2276; x_wconf 87' lang='grc' dir='ltr'><strong><em>μανίας</em></strong></span> <span class='ocrx_word' id='word_1_163' title='bbox 449 2189 628 2273; x_wconf 68' lang='grc' dir='ltr'><strong><em>*διάδοχοι</em></strong></span> 
     </span>
     <span class='ocr_line' id='line_1_20' title="bbox 320 2283 1458 2378; baseline -0.005 -18"><span class='ocrx_word' id='word_1_164' title='bbox 320 2302 349 2360; x_wconf 89' lang='grc'><strong><em>4.</em></strong></span> <span class='ocrx_word' id='word_1_165' title='bbox 394 2297 477 2372; x_wconf 86' lang='grc' dir='ltr'><strong><em>Πιῦς</em></strong></span> <span class='ocrx_word' id='word_1_166' title='bbox 506 2300 616 2359; x_wconf 92' lang='grc' dir='ltr'><strong><em>τοίνυν</em></strong></span> <span class='ocrx_word' id='word_1_167' title='bbox 638 2294 836 2378; x_wconf 87' lang='grc' dir='ltr'><strong><em>Χριστιανοὶ</em></strong></span> <span class='ocrx_word' id='word_1_168' title='bbox 865 2291 898 2357; x_wconf 85' lang='grc' dir='ltr'><strong><em>οὶ</em></strong></span> <span class='ocrx_word' id='word_1_169' title='bbox 924 2291 968 2378; x_wconf 83' lang='grc' dir='ltr'><strong><em>μή</em></strong></span> <span class='ocrx_word' id='word_1_170' title='bbox 997 2290 1198 2377; x_wconf 86' lang='grc' dir='ltr'><strong><em>Χριστιανοὶ</em></strong></span> <span class='ocrx_word' id='word_1_171' title='bbox 1226 2285 1310 2356; x_wconf 82' lang='grc' dir='ltr'><strong><em>ἀλλὰ</em></strong></span> <span class='ocrx_word' id='word_1_172' title='bbox 1328 2283 1458 2376; x_wconf 87' lang='grc' dir='ltr'><strong><em>Ἀρειο-</em></strong></span> 
     </span>
     <span class='ocr_line' id='line_1_21' title="bbox 235 2386 1456 2481; baseline -0.005 -19"><span class='ocrx_word' id='word_1_173' title='bbox 235 2405 391 2480; x_wconf 84' lang='grc' dir='ltr'><strong><em>μανῒται,·</em></strong></span> <span class='ocrx_word' id='word_1_174' title='bbox 422 2388 444 2481; x_wconf 81' lang='grc' dir='ltr'><em>ἢ</em></span> <span class='ocrx_word' id='word_1_175' title='bbox 466 2395 540 2472; x_wconf 82' lang='grc' dir='ltr'><strong><em>πῶς</em></strong></span> <span class='ocrx_word' id='word_1_176' title='bbox 561 2397 618 2481; x_wconf 79' lang='grc' dir='ltr'><strong><em>τῆς</em></strong></span> <span class='ocrx_word' id='word_1_177' title='bbox 639 2394 819 2476; x_wconf 85' lang='grc' dir='ltr'><strong><em>καθολικής</em></strong></span> <span class='ocrx_word' id='word_1_178' title='bbox 842 2391 1011 2479; x_wconf 86' lang='grc' dir='ltr'><strong><em>ἐκκλησίας</em></strong></span> <span class='ocrx_word' id='word_1_179' title='bbox 1023 2391 1106 2458; x_wconf 81' lang='grc' dir='ltr'><strong><em>εἰσὶν</em></strong></span> <span class='ocrx_word' id='word_1_180' title='bbox 1119 2391 1151 2458; x_wconf 89' lang='grc' dir='ltr'><strong><em>οί</em></strong></span> <span class='ocrx_word' id='word_1_181' title='bbox 1161 2390 1219 2478; x_wconf 87' lang='grc' dir='ltr'><strong><em>τήν</em></strong></span> <span class='ocrx_word' id='word_1_182' title='bbox 1232 2386 1456 2476; x_wconf 83' lang='grc' dir='ltr'><strong><em>ἀποοτολικήν</em></strong></span> 
     </span>
     <span class='ocr_line' id='line_1_22' title="bbox 236 2489 1456 2581; baseline -0.005 -18"><span class='ocrx_word' id='word_1_183' title='bbox 236 2492 515 2579; x_wconf 83' lang='grc' dir='ltr'><strong><em>ἀποτιναξάμενοι</em></strong></span> <span class='ocrx_word' id='word_1_184' title='bbox 527 2501 642 2560; x_wconf 87' lang='grc' dir='ltr'><strong><em>πίστιν</em></strong></span> <span class='ocrx_word' id='word_1_185' title='bbox 653 2497 707 2560; x_wconf 87' lang='grc' dir='ltr'><strong><em>καὶ</em></strong></span> <span class='ocrx_word' id='word_1_186' title='bbox 717 2496 839 2560; x_wconf 83' lang='grc' dir='ltr'><strong><em>καινῶν</em></strong></span> <span class='ocrx_word' id='word_1_187' title='bbox 850 2497 956 2560; x_wconf 82' lang='grc' dir='ltr'><strong><em>κακῶν</em></strong></span> <span class='ocrx_word' id='word_1_188' title='bbox 968 2492 1139 2581; x_wconf 82' lang='grc' dir='ltr'><strong><em>ἐφευρεταὶ</em></strong></span> <span class='ocrx_word' id='word_1_189' title='bbox 1155 2492 1333 2578; x_wconf 86' lang='grc' dir='ltr'><strong><em>γενόμενοι,</em></strong></span> <span class='ocrx_word' id='word_1_190' title='bbox 1347 2493 1380 2559; x_wconf 83' lang='grc' dir='ltr'><strong><em>οὶ</em></strong></span> <span class='ocrx_word' id='word_1_191' title='bbox 1395 2489 1456 2557; x_wconf 78' lang='grc' dir='ltr'><strong><em>1’τά</em></strong></span> 
     </span>
     <span class='ocr_line' id='line_1_23' title="bbox 234 2589 1458 2682; baseline -0.004 -19"><span class='ocrx_word' id='word_1_192' title='bbox 234 2598 294 2681; x_wconf 80' lang='grc' dir='ltr'><strong><em>μὲν</em></strong></span> <span class='ocrx_word' id='word_1_193' title='bbox 316 2599 382 2662; x_wconf 85' lang='grc' dir='ltr'><strong><em>τιῦν</em></strong></span> <span class='ocrx_word' id='word_1_194' title='bbox 397 2600 502 2661; x_wconf 90' lang='grc' dir='ltr'><strong><em>θείων</em></strong></span> <span class='ocrx_word' id='word_1_195' title='bbox 516 2599 652 2682; x_wconf 83' lang='grc' dir='ltr'><strong><em>γραφῶν</em></strong></span> <span class='ocrx_word' id='word_1_196' title='bbox 667 2594 762 2679; x_wconf 87' lang='grc' dir='ltr'><strong><em>λόγια</em></strong></span> <span class='ocrx_word' id='word_1_197' title='bbox 776 2595 1043 2678; x_wconf 84' lang='grc' dir='ltr'><strong><em>καταλείψαντες,</em></strong></span> <span class='ocrx_word' id='word_1_198' title='bbox 1056 2593 1116 2672; x_wconf 87' lang='grc' dir='ltr'><strong><em>τάς</em></strong></span> <span class='ocrx_word' id='word_1_199' title='bbox 1127 2595 1163 2661; x_wconf 82' lang='grc' dir='ltr'><strong><em>δέ</em></strong></span> <span class='ocrx_word' id='word_1_200' title='bbox 1173 2595 1315 2673; x_wconf 87' lang='grc' dir='ltr'><strong><em>θαλείας</em></strong></span> <span class='ocrx_word' id='word_1_201' title='bbox 1325 2589 1458 2680; x_wconf 90' lang='grc' dir='ltr'><strong><em>Ἀρείου</em></strong></span> 
     </span>
     <span class='ocr_line' id='line_1_24' title="bbox 237 2693 1455 2785; baseline -0.003 -21"><span class='ocrx_word' id='word_1_202' title='bbox 237 2704 360 2785; x_wconf 86' lang='grc' dir='ltr'><strong><em>σοφίαν</em></strong></span> <span class='ocrx_word' id='word_1_203' title='bbox 382 2694 494 2782; x_wconf 87' lang='grc' dir='ltr'><strong><em>καινήν</em></strong></span> <span class='ocrx_word' id='word_1_204' title='bbox 518 2693 750 2779; x_wconf 70' lang='grc' dir='ltr'><strong><em>ὀνομάζοντεςς</em></strong></span> <span class='ocrx_word' id='word_1_205' title='bbox 784 2695 918 2774; x_wconf 79' lang='grc' dir='ltr'><strong><em>εἰκότως</em></strong></span> <span class='ocrx_word' id='word_1_206' title='bbox 939 2699 1037 2762; x_wconf 89' lang='grc' dir='ltr'><strong><em>τοῦτο</em></strong></span> <span class='ocrx_word' id='word_1_207' title='bbox 1059 2696 1235 2782; x_wconf 71' lang='grc' dir='ltr'><strong><em>ἱλέγοντες,</em></strong></span> <span class='ocrx_word' id='word_1_208' title='bbox 1259 2695 1372 2782; x_wconf 85' lang='grc' dir='ltr'><strong><em>καινήν</em></strong></span> <span class='ocrx_word' id='word_1_209' title='bbox 1393 2693 1455 2781; x_wconf 89' lang='grc' dir='ltr'><strong><em>γάρ</em></strong></span> 
     </span>
     <span class='ocr_line' id='line_1_25' title="bbox 235 2793 1454 2884; baseline -0.003 -19"><span class='ocrx_word' id='word_1_210' title='bbox 235 2799 362 2884; x_wconf 81' lang='grc' dir='ltr'><strong><em>αἵρεσιν</em></strong></span> <span class='ocrx_word' id='word_1_211' title='bbox 386 2793 637 2884; x_wconf 83' lang='grc' dir='ltr'><strong><em>ἀπαγγέλλουσι.</em></strong></span> <span class='ocrx_word' id='word_1_212' title='bbox 669 2797 723 2864; x_wconf 88' lang='grc' dir='ltr'><strong><em>διὸ</em></strong></span> <span class='ocrx_word' id='word_1_213' title='bbox 744 2797 800 2864; x_wconf 87' lang='grc' dir='ltr'><strong><em>καὶ</em></strong></span> <span class='ocrx_word' id='word_1_214' title='bbox 820 2795 1025 2882; x_wconf 87' lang='grc' dir='ltr'><strong><em>θαυμάσειεν</em></strong></span> <span class='ocrx_word' id='word_1_215' title='bbox 1048 2795 1088 2863; x_wconf 85' lang='grc' dir='ltr'><strong><em>ἀν</em></strong></span> <span class='ocrx_word' id='word_1_216' title='bbox 1102 2823 1162 2877; x_wconf 90' lang='grc' dir='ltr'><strong><em>τις,</em></strong></span> <span class='ocrx_word' id='word_1_217' title='bbox 1188 2793 1454 2865; x_wconf 86' lang='grc' dir='ltr'><strong><em>ῦτιπολλάπολ-</em></strong></span> 
     </span>
     <span class='ocr_line' id='line_1_26' title="bbox 235 2893 1455 2988; baseline -0.002 -22"><span class='ocrx_word' id='word_1_218' title='bbox 235 2903 302 2968; x_wconf 84' lang='grc' dir='ltr'><strong><em>λιῦν</em></strong></span> <span class='ocrx_word' id='word_1_219' title='bbox 330 2899 539 2987; x_wconf 82' lang='grc' dir='ltr'><strong><em>συντάγματα</em></strong></span> <span class='ocrx_word' id='word_1_220' title='bbox 566 2898 622 2966; x_wconf 86' lang='grc' dir='ltr'><strong><em>καὶ</em></strong></span> <span class='ocrx_word' id='word_1_221' title='bbox 649 2901 810 2978; x_wconf 83' lang='grc' dir='ltr'><strong><em>πλείστας</em></strong></span> <span class='ocrx_word' id='word_1_222' title='bbox 839 2893 970 2983; x_wconf 82' lang='grc' dir='ltr'><strong><em>ὁμιλίας</em></strong></span> <span class='ocrx_word' id='word_1_223' title='bbox 992 2900 1062 2978; x_wconf 71' lang='grc' dir='ltr'><strong><em>Ιιε’ίς</em></strong></span> <span class='ocrx_word' id='word_1_224' title='bbox 1089 2925 1125 2985; x_wconf 85' lang='grc' dir='ltr'><strong><em>γε</em></strong></span> <span class='ocrx_word' id='word_1_225' title='bbox 1152 2899 1210 2988; x_wconf 85' lang='grc' dir='ltr'><strong><em>τήν</em></strong></span> <span class='ocrx_word' id='word_1_226' title='bbox 1233 2899 1380 2966; x_wconf 85' lang='grc' dir='ltr'><strong><em>παλαιάν</em></strong></span> <span class='ocrx_word' id='word_1_227' title='bbox 1401 2901 1455 2964; x_wconf 86' lang='grc' dir='ltr'><strong><em>καὶ</em></strong></span> 
     </span>
     <span class='ocr_line' id='line_1_27' title="bbox 234 2998 1454 3092; baseline -0.003 -21"><span class='ocrx_word' id='word_1_228' title='bbox 234 3002 293 3091; x_wconf 87' lang='grc' dir='ltr'><strong><em>τήν</em></strong></span> <span class='ocrx_word' id='word_1_229' title='bbox 321 3002 434 3092; x_wconf 82' lang='grc' dir='ltr'><strong><em>καινήν</em></strong></span> <span class='ocrx_word' id='word_1_230' title='bbox 462 3001 677 3089; x_wconf 79' lang='grc' dir='ltr'><strong><em>γραψάντων,</em></strong></span> <span class='ocrx_word' id='word_1_231' title='bbox 711 3004 765 3068; x_wconf 87' lang='grc' dir='ltr'><strong><em>καὶ</em></strong></span> <span class='ocrx_word' id='word_1_232' title='bbox 796 3001 889 3088; x_wconf 89' lang='grc' dir='ltr'><strong><em>παρά</em></strong></span> <span class='ocrx_word' id='word_1_233' title='bbox 916 3003 1031 3090; x_wconf 88' lang='grc' dir='ltr'><strong><em>μηδενὶ</em></strong></span> <span class='ocrx_word' id='word_1_234' title='bbox 1053 3000 1194 3080; x_wconf 88' lang='grc' dir='ltr'><strong><em>θαλείας</em></strong></span> <span class='ocrx_word' id='word_1_235' title='bbox 1217 2998 1454 3087; x_wconf 82' lang='grc' dir='ltr'><strong><em>εῦρισκομίνης,</em></strong></span> 
     </span>
     <span class='ocr_line' id='line_1_28' title="bbox 237 3097 1460 3194; baseline -0.004 -22"><span class='ocrx_word' id='word_1_236' title='bbox 237 3100 321 3172; x_wconf 87' lang='grc' dir='ltr'><strong><em>ἀλλά</em></strong></span> <span class='ocrx_word' id='word_1_237' title='bbox 351 3106 435 3194; x_wconf 84' lang='grc' dir='ltr'><strong><em>μηδὲ</em></strong></span> <span class='ocrx_word' id='word_1_238' title='bbox 462 3103 555 3191; x_wconf 89' lang='grc' dir='ltr'><strong><em>παρά</em></strong></span> <span class='ocrx_word' id='word_1_239' title='bbox 581 3115 653 3184; x_wconf 84' lang='grc' dir='ltr'><strong><em>τοῖς</em></strong></span> <span class='ocrx_word' id='word_1_240' title='bbox 675 3105 874 3182; x_wconf 86' lang='grc' dir='ltr'><strong><em>σπουδαίοις</em></strong></span> <span class='ocrx_word' id='word_1_241' title='bbox 894 3107 961 3170; x_wconf 83' lang='grc' dir='ltr'><strong><em>τῶν</em></strong></span> <span class='ocrx_word' id='word_1_242' title='bbox 980 3100 1152 3190; x_wconf 81' lang='grc' dir='ltr'><strong><em>Ἑλλήνιον,</em></strong></span> <span class='ocrx_word' id='word_1_243' title='bbox 1185 3097 1206 3190; x_wconf 84' lang='grc' dir='ltr'><strong><em>ή</em></strong></span> <span class='ocrx_word' id='word_1_244' title='bbox 1228 3102 1321 3189; x_wconf 87' lang='grc' dir='ltr'><strong><em>παρὰ</em></strong></span> <span class='ocrx_word' id='word_1_245' title='bbox 1341 3100 1460 3186; x_wconf 88' lang='grc' dir='ltr'><strong><em>μόνοις</em></strong></span> 
     </span>
     <span class='ocr_line' id='line_1_29' title="bbox 234 3201 1459 3295; baseline -0.007 -21"><span class='ocrx_word' id='word_1_246' title='bbox 234 3218 306 3286; x_wconf 75' lang='grc' dir='ltr'><strong><em>τοῖς</em></strong></span> <span class='ocrx_word' id='word_1_247' title='bbox 327 3205 447 3295; x_wconf 77' lang='grc' dir='ltr'><strong><em>ᾄδουσι</em></strong></span> <span class='ocrx_word' id='word_1_248' title='bbox 467 3205 509 3273; x_wconf 89' lang='grc' dir='ltr'><strong><em>τά</em></strong></span> <span class='ocrx_word' id='word_1_249' title='bbox 530 3210 668 3273; x_wconf 90' lang='grc' dir='ltr'><strong><em>τοιαῦτα</em></strong></span> <span class='ocrx_word' id='word_1_250' title='bbox 690 3206 783 3293; x_wconf 89' lang='grc' dir='ltr'><strong><em>παρά</em></strong></span> <span class='ocrx_word' id='word_1_251' title='bbox 804 3204 910 3272; x_wconf 89' lang='grc' dir='ltr'><strong><em>πότον</em></strong></span> <span class='ocrx_word' id='word_1_252' title='bbox 931 3204 1015 3289; x_wconf 83' lang='grc' dir='ltr'><strong><em>μετὰ</em></strong></span> <span class='ocrx_word' id='word_1_253' title='bbox 1035 3204 1153 3288; x_wconf 88' lang='grc' dir='ltr'><strong><em>κρότου</em></strong></span> <span class='ocrx_word' id='word_1_254' title='bbox 1174 3203 1231 3270; x_wconf 86' lang='grc' dir='ltr'><strong><em>καὶ</em></strong></span> <span class='ocrx_word' id='word_1_255' title='bbox 1252 3201 1459 3286; x_wconf 83' lang='grc' dir='ltr'><strong><em>σκωμμάτων</em></strong></span> 
     </span>
     <span class='ocr_line' id='line_1_30' title="bbox 236 3300 1459 3391; baseline -0.007 -15"><span class='ocrx_word' id='word_1_256' title='bbox 236 3309 270 3377; x_wconf 83' lang='grc' dir='ltr'><strong><em>ἐν</em></strong></span> <span class='ocrx_word' id='word_1_257' title='bbox 292 3311 454 3387; x_wconf 87' lang='grc' dir='ltr'><strong><em>παιδιαῖς,</em></strong></span> <span class='ocrx_word' id='word_1_258' title='bbox 479 3308 583 3375; x_wconf 78' lang='grc' dir='ltr'><strong><em>ἐνεκεν</em></strong></span> <span class='ocrx_word' id='word_1_259' title='bbox 597 3311 657 3372; x_wconf 89' lang='grc' dir='ltr'><strong><em>τοῦ</em></strong></span> <span class='ocrx_word' id='word_1_260' title='bbox 672 3308 837 3390; x_wconf 85' lang='grc' dir='ltr'><strong><em>γελᾶσθαι</em></strong></span> <span class='ocrx_word' id='word_1_261' title='bbox 852 3301 930 3390; x_wconf 82' lang='grc' dir='ltr'><strong><em>παρ’</em></strong></span> <span class='ocrx_word' id='word_1_262' title='bbox 944 3305 1072 3391; x_wconf 75' lang='grc' dir='ltr'><strong><em>ἐτέρων,</em></strong></span> <span class='ocrx_word' id='word_1_263' title='bbox 1090 3300 1108 3369; x_wconf 86' lang='grc' dir='ltr'><strong><em>ά</em></strong></span> <span class='ocrx_word' id='word_1_264' title='bbox 1123 3300 1459 3389; x_wconf 85' lang='grc' dir='ltr'><strong><em>θαυμαστὸςἈρειος</em></strong></span> 
     </span>
     <span class='ocr_line' id='line_1_31' title="bbox 237 3399 1456 3492; baseline -0.004 -18"><span class='ocrx_word' id='word_1_265' title='bbox 237 3404 332 3474; x_wconf 82' lang='grc' dir='ltr'><strong><em>οῦδὲν</em></strong></span> <span class='ocrx_word' id='word_1_266' title='bbox 355 3407 474 3489; x_wconf 88' lang='grc' dir='ltr'><strong><em>σεμνὸν</em></strong></span> <span class='ocrx_word' id='word_1_267' title='bbox 495 3407 731 3492; x_wconf 84' lang='grc' dir='ltr'><strong><em>μιμησάμενος,</em></strong></span> <span class='ocrx_word' id='word_1_268' title='bbox 756 3401 841 3472; x_wconf 88' lang='grc' dir='ltr'><strong><em>ἀλλὰ</em></strong></span> <span class='ocrx_word' id='word_1_269' title='bbox 862 3405 918 3472; x_wconf 84' lang='grc' dir='ltr'><strong><em>καὶ</em></strong></span> <span class='ocrx_word' id='word_1_270' title='bbox 938 3405 980 3472; x_wconf 85' lang='grc' dir='ltr'><strong><em>τά</em></strong></span> <span class='ocrx_word' id='word_1_271' title='bbox 994 3408 1060 3472; x_wconf 85' lang='grc' dir='ltr'><strong><em>τιῦν</em></strong></span> <span class='ocrx_word' id='word_1_272' title='bbox 1076 3408 1268 3474; x_wconf 87' lang='grc' dir='ltr'><strong><em>σπουδαίων</em></strong></span> <span class='ocrx_word' id='word_1_273' title='bbox 1284 3399 1456 3491; x_wconf 83' lang='grc' dir='ltr'><strong><em>ἀγνοήσας,</em></strong></span> 
     </span>
     <span class='ocr_line' id='line_1_32' title="bbox 237 3501 1459 3594; baseline -0.002 -22"><span class='ocrx_word' id='word_1_274' title='bbox 237 3506 380 3574; x_wconf 83' lang='grc' dir='ltr'><strong><em>πλεῖστά</em></strong></span> <span class='ocrx_word' id='word_1_275' title='bbox 407 3531 443 3572; x_wconf 89' lang='grc' dir='ltr'><strong><em>τε</em></strong></span> <span class='ocrx_word' id='word_1_276' title='bbox 468 3509 536 3571; x_wconf 80' lang='grc' dir='ltr'><strong><em>τῶν</em></strong></span> <span class='ocrx_word' id='word_1_277' title='bbox 565 3505 674 3572; x_wconf 86' lang='grc' dir='ltr'><strong><em>ἀλλων</em></strong></span> <span class='ocrx_word' id='word_1_278' title='bbox 703 3507 861 3590; x_wconf 79' lang='grc' dir='ltr'><strong><em>αἱρέσεων</em></strong></span> <span class='ocrx_word' id='word_1_279' title='bbox 884 3503 1092 3592; x_wconf 74' lang='grc' dir='ltr'><strong><em>ὑποκλέψας,</em></strong></span> <span class='ocrx_word' id='word_1_280' title='bbox 1123 3508 1181 3594; x_wconf 87' lang='grc' dir='ltr'><strong><em>τήν</em></strong></span> <span class='ocrx_word' id='word_1_281' title='bbox 1203 3511 1262 3574; x_wconf 90' lang='grc' dir='ltr'><strong><em>τοῦ</em></strong></span> <span class='ocrx_word' id='word_1_282' title='bbox 1284 3501 1459 3574; x_wconf 71' lang='grc' dir='ltr'><strong><em>1Σωτάδου</em></strong></span> 
     </span>
     <span class='ocr_line' id='line_1_33' title="bbox 237 3603 1460 3696; baseline 0.001 -24"><span class='ocrx_word' id='word_1_283' title='bbox 237 3606 339 3693; x_wconf 91' lang='grc' dir='ltr'><strong><em>μόνου</em></strong></span> <span class='ocrx_word' id='word_1_284' title='bbox 362 3607 586 3693; x_wconf 89' lang='grc' dir='ltr'><strong><em>γελοιολογίαν</em></strong></span> <span class='ocrx_word' id='word_1_285' title='bbox 609 3606 757 3693; x_wconf 80' lang='grc' dir='ltr'><strong><em>ἐζήλωσε.</em></strong></span> <span class='ocrx_word' id='word_1_286' title='bbox 803 3613 837 3672; x_wconf 89' lang='grc' dir='ltr'><strong><em>τί</em></strong></span> <span class='ocrx_word' id='word_1_287' title='bbox 857 3607 918 3694; x_wconf 88' lang='grc' dir='ltr'><strong><em>γάρ</em></strong></span> <span class='ocrx_word' id='word_1_288' title='bbox 942 3608 1066 3695; x_wconf 73' lang='grc' dir='ltr'><strong><em>ἔπρεπε</em></strong></span> <span class='ocrx_word' id='word_1_289' title='bbox 1088 3619 1200 3677; x_wconf 79' lang='grc' dir='ltr'><strong><em>ποιεῖν</em></strong></span> <span class='ocrx_word' id='word_1_290' title='bbox 1222 3603 1331 3688; x_wconf 76' lang='grc' dir='ltr'><strong><em>αὐτόν,</em></strong></span> <span class='ocrx_word' id='word_1_291' title='bbox 1354 3603 1375 3696; x_wconf 86' lang='grc' dir='ltr'><strong><em>ή</em></strong></span> <span class='ocrx_word' id='word_1_292' title='bbox 1396 3611 1460 3674; x_wconf 81' lang='grc' dir='ltr'><strong><em>θέ-</em></strong></span> 
     </span>
    </p>
   </div>
   <div class='ocr_carea' id='block_1_3' title="bbox 233 3789 1568 4600">
    <p class='ocr_par' dir='ltr' id='par_1_3' title="bbox 237 3789 1568 4270">
     <span class='ocr_line' id='line_1_34' title="bbox 272 3789 1459 3872; baseline -0.001 -28"><span class='ocrx_word' id='word_1_293' title='bbox 272 3811 293 3844; x_wconf 76' lang='lat'><strong><em>2.</em></strong></span> <span class='ocrx_word' id='word_1_294' title='bbox 318 3796 358 3846; x_wconf 84' lang='lat' dir='ltr'><strong><em>Sic</em></strong></span> <span class='ocrx_word' id='word_1_295' title='bbox 382 3797 481 3860; x_wconf 72' lang='lat' dir='ltr'>Seguer.</span> <span class='ocrx_word' id='word_1_296' title='bbox 506 3795 602 3872; x_wconf 63' lang='lat' dir='ltr'>pomer.</span> <span class='ocrx_word' id='word_1_297' title='bbox 628 3805 651 3847; x_wconf 81' lang='grc' dir='ltr'><strong><em>ει</em></strong></span> <span class='ocrx_word' id='word_1_298' title='bbox 677 3797 781 3847; x_wconf 76' lang='lat' dir='ltr'>Felckm.</span> <span class='ocrx_word' id='word_1_299' title='bbox 804 3797 823 3846; x_wconf 88' lang='lat' dir='ltr'><strong><em>l.</em></strong></span> <span class='ocrx_word' id='word_1_300' title='bbox 875 3797 930 3860; x_wconf 72' lang='grc' dir='ltr'><strong><em>ςΙίι.</em></strong></span> <span class='ocrx_word' id='word_1_301' title='bbox 950 3799 1049 3850; x_wconf 71' lang='grc' dir='ltr'><strong><em>(ὶυὶιίει.</em></strong></span> <span class='ocrx_word' id='word_1_302' title='bbox 1068 3799 1171 3849; x_wconf 77' lang='lat' dir='ltr'><strong>Felckm.</strong></span> <span class='ocrx_word' id='word_1_303' title='bbox 1187 3800 1208 3848; x_wconf 90' lang='lat' dir='ltr'><strong><em>l.</em></strong></span> <span class='ocrx_word' id='word_1_304' title='bbox 1228 3807 1251 3848; x_wconf 81' lang='grc' dir='ltr'><strong><em>ει</em></strong></span> <span class='ocrx_word' id='word_1_305' title='bbox 1270 3799 1293 3848; x_wconf 87' lang='grc'><strong><em>5.</em></strong></span> <span class='ocrx_word' id='word_1_306' title='bbox 1311 3789 1459 3864; x_wconf 74' lang='grc' dir='ltr'><strong><em>κατηχοῦν-</em></strong></span> 
     </span>
     <span class='ocr_line' id='line_1_35' title="bbox 237 3858 1557 3982; baseline -0.002 -70"><span class='ocrx_word' id='word_1_307' title='bbox 237 3866 266 3912; x_wconf 74' lang='lat' dir='ltr'><strong><em>At</em></strong></span> <span class='ocrx_word' id='word_1_308' title='bbox 289 3864 346 3981; x_wconf 70' lang='lat' dir='ltr'>edisti</span> <span class='ocrx_word' id='word_1_309' title='bbox 371 3872 394 3913; x_wconf 76' lang='grc' dir='ltr'><strong><em>εί</em></strong></span> <span class='ocrx_word' id='word_1_310' title='bbox 418 3865 463 3982; x_wconf 51' lang='lat' dir='ltr'><strong><em>ang</em></strong></span> <span class='ocrx_word' id='word_1_311' title='bbox 476 3858 709 3982; x_wconf 65' lang='grc' dir='ltr'><strong><em>ηηιλινσυγήθηυε.</em></strong></span> <span class='ocrx_word' id='word_1_312' title='bbox 731 3865 822 3982; x_wconf 67' lang='grc' dir='ltr'><strong><em>ιὶὶτσΙο</em></strong></span> <span class='ocrx_word' id='word_1_313' title='bbox 876 3879 944 3982; x_wconf 58' lang='lat' dir='ltr'><strong><em>mand</em></strong></span> <span class='ocrx_word' id='word_1_314' title='bbox 975 3867 1036 3916; x_wconf 79' lang='grc' dir='ltr'><strong><em>Εδῑιί</em></strong></span> <span class='ocrx_word' id='word_1_315' title='bbox 1059 3877 1083 3916; x_wconf 82' lang='grc' dir='ltr'><strong><em>ει</em></strong></span> <span class='ocrx_word' id='word_1_316' title='bbox 1110 3867 1213 3916; x_wconf 65' lang='lat' dir='ltr'><strong><em>feneum.</em></strong></span> <span class='ocrx_word' id='word_1_317' title='bbox 1233 3865 1256 3915; x_wconf 77' lang='lat'><strong><em>2.</em></strong></span> <span class='ocrx_word' id='word_1_318' title='bbox 1274 3859 1459 3932; x_wconf 85' lang='grc' dir='ltr'><strong><em>κατεχόντων,</em></strong></span> <span class='ocrx_word' id='word_1_319' title='bbox 1548 3890 1557 3935; x_wconf 66' lang='lat'><strong><em>⁸.</em></strong></span> 
     </span>
     <span class='ocr_line' id='line_1_36' title="bbox 256 3935 999 3984; baseline 0.003 -2"><span class='ocrx_word' id='word_1_320' title='bbox 256 3941 296 3982; x_wconf 84' lang='grc' dir='ltr'><strong><em>οτι</em></strong></span> <span class='ocrx_word' id='word_1_321' title='bbox 338 3945 418 3982; x_wconf 72' lang='lat' dir='ltr'>cuer.</span> <span class='ocrx_word' id='word_1_322' title='bbox 466 3947 544 3981; x_wconf 83' lang='grc' dir='ltr'><strong><em>οετ.</em></strong></span> <span class='ocrx_word' id='word_1_323' title='bbox 564 3940 588 3982; x_wconf 79' lang='grc' dir='ltr'><strong><em>ει</em></strong></span> <span class='ocrx_word' id='word_1_324' title='bbox 615 3935 709 3984; x_wconf 80' lang='lat' dir='ltr'><strong><em>&#39;elem¹</em></strong></span> <span class='ocrx_word' id='word_1_325' title='bbox 747 3969 753 3982; x_wconf 92' lang='lat'>.</span> <span class='ocrx_word' id='word_1_326' title='bbox 794 3948 823 3980; x_wconf 86' lang='grc' dir='ltr'><strong><em>α·</em></strong></span> <span class='ocrx_word' id='word_1_327' title='bbox 875 3949 999 3984; x_wconf 75' lang='lat' dir='ltr'><strong>menese.</strong></span> 
     </span>
     <span class='ocr_line' id='line_1_37' title="bbox 237 3945 1457 4066; baseline -0.001 -20"><span class='ocrx_word' id='word_1_328' title='bbox 237 3947 321 4057; x_wconf 63' lang='grc' dir='ltr'><strong><em>ἀηταὶ</em></strong></span> <span class='ocrx_word' id='word_1_329' title='bbox 343 3945 458 4049; x_wconf 56' lang='grc' dir='ltr'><strong><em>τεοότυιν.</em></strong></span> <span class='ocrx_word' id='word_1_330' title='bbox 493 3999 555 4050; x_wconf 64' lang='lat' dir='ltr'><strong>Edit}</strong></span> <span class='ocrx_word' id='word_1_331' title='bbox 579 4007 603 4048; x_wconf 83' lang='grc' dir='ltr'><strong><em>εὶ</em></strong></span> <span class='ocrx_word' id='word_1_332' title='bbox 627 4001 667 4050; x_wconf 76' lang='lat' dir='ltr'>alii</span> <span class='ocrx_word' id='word_1_333' title='bbox 689 3949 823 4066; x_wconf 63' lang='grc' dir='ltr'><strong><em>άκροιάἐαὶ</em></strong></span> <span class='ocrx_word' id='word_1_334' title='bbox 908 4017 929 4051; x_wconf 81' lang='grc' dir='ltr'><strong><em>ε.</em></strong></span> <span class='ocrx_word' id='word_1_335' title='bbox 949 4005 1048 4058; x_wconf 70' lang='grc' dir='ltr'><strong><em>ὃεκιιετ.</em></strong></span> <span class='ocrx_word' id='word_1_336' title='bbox 1074 3991 1141 4048; x_wconf 76' lang='grc' dir='ltr'><strong><em>ἀλλὰ</em></strong></span> <span class='ocrx_word' id='word_1_337' title='bbox 1164 3995 1213 4047; x_wconf 80' lang='grc' dir='ltr'><strong><em>τοῦ</em></strong></span> <span class='ocrx_word' id='word_1_338' title='bbox 1231 3997 1363 4066; x_wconf 75' lang='grc' dir='ltr'><strong><em>σωτῆρος.</em></strong></span> <span class='ocrx_word' id='word_1_339' title='bbox 1399 4000 1457 4058; x_wconf 75' lang='grc' dir='ltr'><strong><em>Ιὶες.</em></strong></span> 
     </span>
     <span class='ocr_line' id='line_1_38' title="bbox 237 4058 1460 4134; baseline -0.003 -20"><span class='ocrx_word' id='word_1_340' title='bbox 237 4058 352 4115; x_wconf 80' lang='grc' dir='ltr'><strong><em>τούτων.</em></strong></span> <span class='ocrx_word' id='word_1_341' title='bbox 387 4065 438 4117; x_wconf 73' lang='grc' dir='ltr'><strong><em>Μαι</em></strong></span> <span class='ocrx_word' id='word_1_342' title='bbox 456 4067 556 4128; x_wconf 70' lang='lat' dir='ltr'>Seguen</span> <span class='ocrx_word' id='word_1_343' title='bbox 574 4061 609 4116; x_wconf 81' lang='grc' dir='ltr'><strong><em>τά</em></strong></span> <span class='ocrx_word' id='word_1_344' title='bbox 626 4067 675 4117; x_wconf 86' lang='grc' dir='ltr'><strong><em>τοῦ</em></strong></span> <span class='ocrx_word' id='word_1_345' title='bbox 687 4067 821 4134; x_wconf 85' lang='grc' dir='ltr'><strong><em>Χριστοῦ.</em></strong></span> <span class='ocrx_word' id='word_1_346' title='bbox 873 4059 940 4116; x_wconf 82' lang='grc' dir='ltr'><strong><em>ἀλλὰ</em></strong></span> <span class='ocrx_word' id='word_1_347' title='bbox 964 4061 1014 4126; x_wconf 82' lang='grc' dir='ltr'><strong><em>τήν</em></strong></span> <span class='ocrx_word' id='word_1_348' title='bbox 1037 4065 1086 4114; x_wconf 80' lang='grc' dir='ltr'><strong><em>τοῦ</em></strong></span> <span class='ocrx_word' id='word_1_349' title='bbox 1110 4063 1241 4130; x_wconf 75' lang='grc' dir='ltr'><strong><em>σωτῆρος.</em></strong></span> <span class='ocrx_word' id='word_1_350' title='bbox 1277 4067 1338 4113; x_wconf 76' lang='lat' dir='ltr'><strong><em>Edni</em></strong></span> <span class='ocrx_word' id='word_1_351' title='bbox 1366 4073 1390 4112; x_wconf 81' lang='grc' dir='ltr'><strong><em>ει</em></strong></span> <span class='ocrx_word' id='word_1_352' title='bbox 1415 4065 1460 4110; x_wconf 67' lang='lat' dir='ltr'><strong><em>alib</em></strong></span> 
     </span>
     <span class='ocr_line' id='line_1_39' title="bbox 237 4125 1568 4199; baseline -0.004 -15"><span class='ocrx_word' id='word_1_353' title='bbox 237 4134 282 4184; x_wconf 73' lang='lat' dir='ltr'><strong><em>Alii</em></strong></span> <span class='ocrx_word' id='word_1_354' title='bbox 301 4141 325 4182; x_wconf 84' lang='grc' dir='ltr'><strong><em>ει</em></strong></span> <span class='ocrx_word' id='word_1_355' title='bbox 341 4133 398 4184; x_wconf 74' lang='lat' dir='ltr'>editi</span> <span class='ocrx_word' id='word_1_356' title='bbox 415 4128 450 4182; x_wconf 84' lang='grc' dir='ltr'><strong><em>τά</em></strong></span> <span class='ocrx_word' id='word_1_357' title='bbox 467 4133 601 4199; x_wconf 81' lang='grc' dir='ltr'><strong><em>Χριστοῦ.</em></strong></span> <span class='ocrx_word' id='word_1_358' title='bbox 873 4125 939 4182; x_wconf 83' lang='grc' dir='ltr'><strong><em>ἀλλά</em></strong></span> <span class='ocrx_word' id='word_1_359' title='bbox 958 4129 1007 4193; x_wconf 82' lang='grc' dir='ltr'><strong><em>τήν</em></strong></span> <span class='ocrx_word' id='word_1_360' title='bbox 1025 4132 1073 4180; x_wconf 82' lang='grc' dir='ltr'><strong><em>τοῦ</em></strong></span> <span class='ocrx_word' id='word_1_361' title='bbox 1083 4130 1207 4198; x_wconf 76' lang='grc' dir='ltr'><strong><em>σωτῆρος</em></strong></span> <span class='ocrx_word' id='word_1_362' title='bbox 1215 4126 1366 4194; x_wconf 79' lang='grc' dir='ltr'><strong><em>κατέχουσι.</em></strong></span> <span class='ocrx_word' id='word_1_363' title='bbox 1395 4129 1457 4177; x_wconf 84' lang='lat' dir='ltr'>lbid.</span> <span class='ocrx_word' id='word_1_364' title='bbox 1563 4138 1568 4179; x_wconf 71' lang='grc' dir='ltr'>ἱ</span> 
     </span>
     <span class='ocr_line' id='line_1_40' title="bbox 272 4190 1457 4270; baseline -0.005 -21"><span class='ocrx_word' id='word_1_365' title='bbox 272 4202 294 4249; x_wconf 89' lang='lat' dir='ltr'><strong><em>b.</em></strong></span> <span class='ocrx_word' id='word_1_366' title='bbox 315 4201 412 4252; x_wconf 79' lang='lat' dir='ltr'>Gobler.</span> <span class='ocrx_word' id='word_1_367' title='bbox 432 4209 455 4251; x_wconf 78' lang='grc' dir='ltr'><strong><em>ει</em></strong></span> <span class='ocrx_word' id='word_1_368' title='bbox 472 4202 577 4252; x_wconf 75' lang='lat' dir='ltr'>Felckm.</span> <span class='ocrx_word' id='word_1_369' title='bbox 598 4203 620 4254; x_wconf 88' lang='lat'><strong><em>1.</em></strong></span> <span class='ocrx_word' id='word_1_370' title='bbox 638 4195 756 4270; x_wconf 72' lang='grc' dir='ltr'><strong><em>ἔχουσιν.</em></strong></span> <span class='ocrx_word' id='word_1_371' title='bbox 872 4204 971 4264; x_wconf 74' lang='lat' dir='ltr'>Seguer.</span> <span class='ocrx_word' id='word_1_372' title='bbox 990 4193 1053 4247; x_wconf 84' lang='grc' dir='ltr'><strong><em>ἀντὶ</em></strong></span> <span class='ocrx_word' id='word_1_373' title='bbox 1066 4190 1205 4255; x_wconf 82' lang='grc' dir='ltr'><strong><em>Ἑλλήνων.</em></strong></span> <span class='ocrx_word' id='word_1_374' title='bbox 1236 4194 1457 4247; x_wconf 77' lang='grc' dir='ltr'><strong><em>6οΙι1ει.ιιὶ“εΙεΙι.</em></strong></span> 
     </span>
    </p>

    <p class='ocr_par' dir='ltr' id='par_1_4' title="bbox 235 4257 1461 4474">
     <span class='ocr_line' id='line_1_41' title="bbox 272 4257 1458 4378; baseline 0 -60"><span class='ocrx_word' id='word_1_375' title='bbox 272 4285 292 4318; x_wconf 75' lang='grc' dir='ltr'><strong><em>α</em></strong></span> <span class='ocrx_word' id='word_1_376' title='bbox 312 4271 411 4330; x_wconf 75' lang='lat' dir='ltr'>Seguer.</span> <span class='ocrx_word' id='word_1_377' title='bbox 435 4264 542 4316; x_wconf 76' lang='grc' dir='ltr'><strong><em>πολλῶν</em></strong></span> <span class='ocrx_word' id='word_1_378' title='bbox 565 4281 602 4320; x_wconf 84' lang='grc' dir='ltr'><strong><em>τε.</em></strong></span> <span class='ocrx_word' id='word_1_379' title='bbox 643 4271 695 4321; x_wconf 72' lang='grc' dir='ltr'><strong><em>Μαι</em></strong></span> <span class='ocrx_word' id='word_1_380' title='bbox 713 4271 820 4352; x_wconf 48' lang='lat' dir='ltr'><strong><em>§mugen</em></strong></span> <span class='ocrx_word' id='word_1_381' title='bbox 873 4269 897 4346; x_wconf 72' lang='lat'><strong><em>¹3</em></strong></span> <span class='ocrx_word' id='word_1_382' title='bbox 914 4261 977 4316; x_wconf 83' lang='grc' dir='ltr'><strong><em>ἀντὶ</em></strong></span> <span class='ocrx_word' id='word_1_383' title='bbox 994 4265 1050 4344; x_wconf 75' lang='grc' dir='ltr'><strong><em>νῦν</em></strong></span> <span class='ocrx_word' id='word_1_384' title='bbox 1064 4257 1211 4342; x_wconf 67' lang='grc' dir='ltr'><strong><em>Ἑλλήνων,</em></strong></span> <span class='ocrx_word' id='word_1_385' title='bbox 1232 4271 1258 4312; x_wconf 70' lang='lat' dir='ltr'><strong><em>ut</em></strong></span> <span class='ocrx_word' id='word_1_386' title='bbox 1275 4270 1302 4378; x_wconf 59' lang='grc' dir='ltr'><strong><em>οὲ</em></strong></span> <span class='ocrx_word' id='word_1_387' title='bbox 1316 4261 1458 4342; x_wconf 37' lang='lat' dir='ltr'><strong><em>128&amp;le-</em></strong></span> 
     </span>
     <span class='ocr_line' id='line_1_42' title="bbox 235 4331 1461 4474; baseline -0.004 -24"><span class='ocrx_word' id='word_1_388' title='bbox 235 4331 820 4471; x_wconf 50' lang='lat' dir='ltr'><strong><em>fitam‘¹2312‘3211225255333</em></strong></span> <span class='ocrx_word' id='word_1_389' title='bbox 867 4331 1384 4474; x_wconf 54' lang='grc' dir='ltr'><strong><em>ῦλλιιλλῗ”ὐὶὲί“ὶλάλὶὶλωῗὶῗ</em></strong></span> <span class='ocrx_word' id='word_1_390' title='bbox 1401 4342 1461 4459; x_wconf 65' lang='grc' dir='ltr'><strong><em>λζ’ίὶ</em></strong></span> 
     </span>
    </p>

    <p class='ocr_par' dir='ltr' id='par_1_5' title="bbox 233 4457 1462 4600">
     <span class='ocr_line' id='line_1_43' title="bbox 271 4457 1445 4544; baseline -0.007 -24"><span class='ocrx_word' id='word_1_391' title='bbox 271 4471 293 4521; x_wconf 89' lang='lat' dir='ltr'><strong><em>d.</em></strong></span> <span class='ocrx_word' id='word_1_392' title='bbox 313 4473 353 4522; x_wconf 81' lang='lat' dir='ltr'><strong><em>Sic</em></strong></span> <span class='ocrx_word' id='word_1_393' title='bbox 369 4471 470 4536; x_wconf 67' lang='grc' dir='ltr'><strong><em>δόρατι.</em></strong></span> <span class='ocrx_word' id='word_1_394' title='bbox 503 4469 662 4522; x_wconf 67' lang='lat' dir='ltr'><strong><em>minantem</em></strong></span> <span class='ocrx_word' id='word_1_395' title='bbox 681 4465 826 4531; x_wconf 77' lang='grc' dir='ltr'><strong><em>εῑιὶὶίτήν</em></strong></span> <span class='ocrx_word' id='word_1_396' title='bbox 874 4471 1035 4520; x_wconf 70' lang='lat' dir='ltr'><strong>omnibonus.</strong></span> <span class='ocrx_word' id='word_1_397' title='bbox 1070 4463 1132 4518; x_wconf 78' lang='grc' dir='ltr'><strong><em>Εδίιί</em></strong></span> <span class='ocrx_word' id='word_1_398' title='bbox 1149 4477 1196 4513; x_wconf 86' lang='grc' dir='ltr'><strong><em>και</em></strong></span> <span class='ocrx_word' id='word_1_399' title='bbox 1213 4457 1354 4532; x_wconf 79' lang='grc' dir='ltr'><strong><em>ἄρχονται.</em></strong></span> <span class='ocrx_word' id='word_1_400' title='bbox 1437 4523 1445 4544; x_wconf 48' lang='grc'><strong><em>,</em></strong></span> 
     </span>
     <span class='ocr_line' id='line_1_44' title="bbox 233 4531 1462 4600; baseline -0.003 -12"><span class='ocrx_word' id='word_1_401' title='bbox 233 4533 374 4599; x_wconf 75' lang='grc' dir='ltr'><strong><em>Ἑλλήνων.</em></strong></span> <span class='ocrx_word' id='word_1_402' title='bbox 410 4541 472 4592; x_wconf 85' lang='lat' dir='ltr'><strong>lbid.</strong></span> <span class='ocrx_word' id='word_1_403' title='bbox 490 4539 588 4600; x_wconf 67' lang='lat' dir='ltr'>Segner.</span> <span class='ocrx_word' id='word_1_404' title='bbox 608 4539 664 4600; x_wconf 75' lang='grc' dir='ltr'><strong><em>ὶως.</em></strong></span> <span class='ocrx_word' id='word_1_405' title='bbox 682 4537 755 4592; x_wconf 80' lang='grc' dir='ltr'><strong>ΒυείΙ.</strong></span> <span class='ocrx_word' id='word_1_406' title='bbox 773 4541 822 4590; x_wconf 81' lang='grc' dir='ltr'><strong><em>λυ·</em></strong></span> <span class='ocrx_word' id='word_1_407' title='bbox 908 4539 925 4587; x_wconf 83' lang='grc' dir='ltr'><strong><em>ί.</em></strong></span> <span class='ocrx_word' id='word_1_408' title='bbox 944 4537 1044 4600; x_wconf 74' lang='lat' dir='ltr'>Seguer.</span> <span class='ocrx_word' id='word_1_409' title='bbox 1063 4537 1119 4599; x_wconf 66' lang='lat' dir='ltr'><strong><em>fleg.</em></strong></span> <span class='ocrx_word' id='word_1_410' title='bbox 1139 4533 1237 4586; x_wconf 77' lang='lat' dir='ltr'>Gobler.</span> <span class='ocrx_word' id='word_1_411' title='bbox 1256 4533 1360 4584; x_wconf 76' lang='lat' dir='ltr'><strong>Felckm.</strong></span> <span class='ocrx_word' id='word_1_412' title='bbox 1379 4531 1402 4584; x_wconf 86' lang='lat'><strong><em>1.</em></strong></span> <span class='ocrx_word' id='word_1_413' title='bbox 1421 4544 1462 4584; x_wconf 80' lang='grc' dir='ltr'><strong><em>εις</em></strong></span> 
     </span>
    </p>
   </div>
   <div class='ocr_carea' id='block_1_4' title="bbox 0 0 1619 5046">
    <p class='ocr_par' dir='ltr' id='par_1_6' title="bbox 0 0 1619 5046">
     <span class='ocr_line' id='line_1_45' title="bbox 0 0 1619 5046; baseline 0 0"><span class='ocrx_word' id='word_1_414' title='bbox 0 0 1619 5046; x_wconf 95' lang='lat' dir='ltr'><strong><em> </em></strong></span> 
     </span>
    </p>
   </div>
  </div>
 </body>
</html>
