3174 5082
180 255 200 323 8
606 327 612 339 ,
692 269 874 314 -rnanrarru

158 435 164 448 ‘
263 419 381 484 Primus
413 427 512 482 autem
543 379 691 482 eiusmodi
724 437 801 500 opem
835 393 976 500 suscepti
998 375 1129 482 loannes
1157 415 1326 482 Sichardua.
1369 419 1401 482 ls

178 523 280 604 viginti
301 521 419 584 circiter
439 520 581 602 opuscula
601 528 719 602 patrum
740 519 905 600 dogmatice
926 527 956 582 et
976 517 1138 600 polemice,
1165 536 1241 600 quae
1262 519 1299 581 in
1321 537 1401 582 non-

176 624 267 688 nullis
297 621 470 685 Germe'niaa
494 620 683 684 bibliothecis
715 629 885 702 repererat,
918 620 949 682 in
983 637 1074 684 uuum
1101 619 1240 684 volumen
1275 619 1404 700 collegit,

178 724 260 806 quod
273 723 450 788 Antidotum
471 734 581 788 contro
602 724 741 786 dicerem
763 726 896 786 οιιιιιιιιοι
916 722 985 802 [ιιι
1005 721 1178 786 amulorum
1200 719 1338 784 Ιιιινιιιι
1353 721 1404 784 in-

177 824 300 904 scripsit
321 831 351 887 et
370 823 520 898 Basileee,
552 823 603 886 ubi
632 833 702 886 tunc
726 823 906 887 rhetoricam
937 822 1147 904 profitebatur,
1184 820 1404 902 typisllenrici

177 925 261 989 Petri
282 944 309 988 a.
334 927 426 992 1528.
449 923 652 988 excudendum
673 924 795 988 emerit.
838 923 994 1007 Aliquanto
1016 932 1087 1006 post
1107 924 1238 986 loannes
1253 921 1417 998 lleroldus¹

178 1026 443 1108 Hcsreoeolopioos
465 1045 500 1090 ex
532 1027 635 1090 eadem
662 1027 780 1090 officina
800 1044 828 1089 a.
853 1029 945 1092 libb
974 1025 1089 1099 ambit,
1118 1024 1150 1086 in
1177 1042 1236 1105 qua
1263 1022 1404 1105 pleraque
1433 1019 1437 1024 ’

180 1145 218 1190 ex
237 1127 377 1190 Antidoto
396 1126 529 1190 Sichudi
549 1135 735 1209 repetuntur,
756 1131 908 1211 praeterea
923 1125 1068 1190 bacuntii
1091 1133 1121 1188 et
1134 1124 1280 1204 Fulgentii
1295 1123 1403 1204 scripta

106 1233 113 1242 “
180 1229 338 1292 adduntur.
380 1227 544 1309 Utrumque
576 1247 653 1310 opus
681 1247 761 1293 nunc
788 1227 955 1296 obsoletum
988 1225 1102 1306 lttigius
1134 1225 1165 1287 in
1194 1223 1338 1288 Tructots
1369 1225 1405 1288 de

179 1330 363 1395 bibliothecis
391 1341 421 1394 et
447 1334 562 1394 cotecis
587 1340 716 1410 patrum
736 1347 766 1410 p.
791 1333 819 1392 1.
843 1335 872 1390 et
891 1331 942 1392 14.
968 1326 1128 1390 recensuit.
1174 1326 1256 1400 Quae
1288 1323 1325 1388 ab
1348 1341 1404 1386 eo-

179 1432 247 1496 dem
268 1429 401 1494 lleroldo
423 1421 544 1492 collecte
566 1438 597 1491 et
616 1429 726 1509 publici
747 1429 823 1490 iuris
844 1429 919 1492 lacta
941 1436 1013 1494 stant
1036 1427 1343 1508 Ortlodooopropbo,
1371 1443 1406 1488 ee

179 1551 252 1606 non,
274 1540 307 1596 ιιι
328 1550 363 1593 ex
386 1529 470 1593 utute
493 1532 552 1592 isto
574 1529 680 1592 coniici
702 1529 811 1610 possit,
832 1528 869 1592 ad
891 1529 986 1592 solam
1008 1529 1188 1610 theologiam
1210 1527 1406 1608 dogmaticam

178 1634 359 1702 referuntur,
381 1630 435 1692 sed
455 1630 492 1692 ah
518 1629 632 1694 editore
658 1630 725 1710 ipso
740 1629 904 1710 appellatur
918 1629 1083 1710 theolopicc
1098 1629 1275 1694 bibliotheca
1290 1628 1409 1692 chuade
1459 1683 1466 1692 .

88 1752 92 1760 ·
164 1735 257 1795 ‘satis
279 1729 436 1810 suspiciens
458 1730 596 1811 theoloye
618 1735 651 1793 ιἰι
672 1749 788 1796 omnem
808 1750 897 1794 usum
917 1731 1039 1812 futuro.
1075 1731 1112 1793 lli
1128 1731 1219 1812 igitur
1238 1730 1293 1793 riri
1316 1747 1407 1810 ιιιιιιιιι

180 1831 210 1893 id
233 1837 436 1910 spectassent,
464 1839 498 1893 ut
524 1849 560 1894 ex
588 1831 836 1912 disputationibus
864 1840 983 1913 patmum
1010 1841 1113 1896 contm
1140 1833 1237 1895 verim
1265 1831 1407 1894 haeresos
1445 1895 1451 1913 Ι

180 1932 264 2011 quasi
286 1947 394 2010 corpus
415 1931 583 2012 theologiae
608 1933 771 2012 polemicae
799 1932 996 2007 conficerent,
1028 1932 1171 2014 deinceps
1203 1931 1253 1996 alii
1279 1931 1407 1995 selectos

179 2039 312 2094 veterum
341 2031 521 2114 scriptorum
549 2031 643 2096 libros
673 2033 710 2096 de
743 2033 869 2114 singulis
904 2033 1084 2114 quibusdam
1115 2033 1328 2098 controversiis
1361 2031 1407 2096 rel

178 2132 254 2196 locis
276 2129 451 2211 theologicis
479 2134 660 2197 coniunctim
688 2135 847 2198 ediderunt
866 2144 897 2198 et
918 2153 972 2198 eos
1000 2136 1033 2198 in
1064 2136 1163 2198 lronte
1193 2133 1406 2197 indicaverunt

180 2233 337 2314 Spectmen
359 2234 543 2297 collectionis
565 2234 736 2298 huiusmodi
758 2235 840 2298 dedit
859 2237 886 2299 J.
910 2235 1099 2299 Vlimmerius
1120 2235 1333 2309 boraniensis,
1355 2235 1407 2316 qui

181 2333 345 2414 scriptores
366 2335 527 2398 nonnullos
549 2335 732 2416 anuquiores
755 2335 791 2399 de
813 2340 944 2401 acritate
965 2339 1105 2418 corporis
1128 2347 1158 2399 et
1171 2339 1328 2416 scopulosis
1350 2337 1409 2401 do-

180 2431 257 2496 miai
276 2439 310 2497 ias
330 2436 523 2509 molestatio,
554 2436 758 2508 Paschasium,
779 2436 988 2513 benbannom,
1011 2435 1235 2511 ceilmundum,
1257 2435 1408 2517 Algerum,

180 2533 302 2596 leonem
334 2533 459 2596 boranii
491 2553 518 2597 a.
549 2539 642 2602 1561.
674 2535 776 2598 edidit.
828 2536 905 2600 Post
936 2539 1016 2600 hunc
1042 2535 1135 2598 dosua
1169 2538 1312 2600 simlerus
1346 2555 1408 2600 uno

179 2633 330 2697 uolumine
350 2635 472 2697 formae·
487 2635 608 2697 maioris
631 2636 803 2716 complexus
826 2646 874 2699 est
887 2637 1014 2718 Scripta
1027 2646 1163 2699 selmum
1177 2636 1275 2699 lutino
1290 2639 1325 2700 de
1343 2657 1409 2701 usto

177 2752 316 2816 persono
343 2744 372 2796 et
399 2735 516 2798 duabus
541 2740 665 2800 ιιιιιιιιιι
692 2737 807 2799 domini
829 2747 859 2800 et
879 2741 1050 2801 seruatoris
1071 2741 1177 2800 costra·
1195 2736 1271 2799 deso
1292 2737 1413 2803 curasan·

181 2836 330 2898 οδοιιιιιι
345 2833 532 2908 Nestorium,
554 2836 710 2917 Eutyebm
730 2847 759 2900 et
772 2837 937 2918 Aceplaoloa
961 2836 1033 2902 oltra
1053 2837 1142 2910 edito,
1164 2854 1240 2918 quae
1260 2836 1319 2900 hoc
1339 2837 1409 2920 ipso

180 2935 267 2998 titulo
281 2935 422 3016 inscripta
440 2935 542 3017 Tiguri
557 2957 583 3000 e.
602 2941 694 3003 1571.
714 2937 835 3018 prodire
857 2937 955 3001 iussit.
1000 2938 1106 3002 lnaunt
1127 2939 1158 3001 in
1179 2938 1237 3000 hoc
1258 2938 1408 3002 volumine

182 3035 352 3100 etiamnunc
372 3037 438 3102 utili
458 3037 583 3102 loannis
605 3038 748 3114 Cassiani,
776 3037 887 3103 Leonis
909 3040 1017 3122 blagni,
1046 3040 1168 3116 Gelesii,
1195 3039 1324 3114 Boethii,
1353 3039 1406 3100 lli-

180 3137 242 3218 gilii
264 3137 437 3220 Tepsensis,
464 3139 612 3221 Fulgenlii
639 3141 816 3222 Ruspensis,
843 3141 956 3204 Rustici
984 3142 1101 3206 diaconi
1129 3143 1166 3204 de
1196 3141 1246 3201 illo
1269 3141 1408 3219 dogmata

180 3239 308 3318 scripta:
323 3251 490 3318 ,praeterea
516 3240 675 3304 iustiniani
704 3241 893 3318 imperatoris
923 3241 1052 3302 edictum
1074 3247 1172 3302 rectae
1193 3239 1261 3302 fidei
1284 3239 1407 3303 confes-

182 3338 300 3398 sionem
326 3338 483 3398 continens
512 3345 544 3398 et
569 3336 692 3398 loannis
720 3337 857 3398 Maxentii
890 3335 1006 3399 libellus
1034 3337 1103 3399 lidei
1131 3339 1245 3418 aliaque
1272 3340 1407 3404 eiusdem

182 3433 334 3515 oposeta.-
377 3435 489 3496 Eodem
517 3434 579 3496 lere
608 3441 743 3514 tempore
774 3434 885 3514 sylloge
911 3435 1090 3516 scriptorum
1118 3437 1156 3499 do
1183 3455 1208 3499 s.
1236 3440 1407 3504 trinitates

159 3531 345 3608 ,Theodoro
366 3531 449 3596 Beue·
464 3533 600 3596 Generae
628 3535 706 3614 apud
733 3534 825 3597 llenr.
847 3534 1029 3614 Stephanum
1057 3555 1084 3598 a.
1115 3541 1208 3602 1570.
1237 3539 1314 3602 edita
1347 3549 1406 3617 est,

182 3636 214 3700 in
235 3650 302 3713 qua,
324 3633 402 3695 sicut
423 3633 525 3698 titulus
547 3635 667 3708 iudicat,
689 3635 879 3698 inveniuntur
897 3627 1104 3701 Ἀδανασίου
1117 3629 1270 3721 διάλογοι
1285 3633 1313 3704 i.
1326 3635 1409 3725 περὶ

181 3736 241 3820 τῆς
262 3725 360 3818 ἁγίας
378 3726 525 3819 τριάδος,
547 3727 729 3800 neasclea
750 3729 845 3820 λόγοι
867 3728 907 3801 δ.
927 3731 1013 3800 κατὰ
1033 3733 1214 3819 δυσσεβοῦς
1227 3730 1408 3820 Εὖνομίου,

179 3827 400 3903 ³:Aarcatrsasut'ov
427 3829 486 3898 acci
506 3829 673 3920 Kopiiioo
701 3828 835 3912 Aescu
861 3829 1024 3917 σύντομος
1049 3837 1108 3921 τῆς
1135 3829 1324 3922 ὀρθοδόξου
1346 3824 1408 3902 rell

183 3955 298 4018 στιως,
328 3936 429 3999 eadem
446 3935 542 3998 latine
563 3955 599 3998 ex
619 3937 863 4017 interpretatione
884 3935 994 4010 Bezac,
1021 3937 1183 4002 Phoebadii
1205 3936 1280 4000 liber
1301 3947 1406 4002 conus

183 4039 320 4102 Amanus.
365 4037 448 4110 Quae
468 4037 622 4100 Athanasii
644 4039 701 4106 trel
722 4037 796 4099 elius
817 4037 918 4118 potius
940 4038 1095 4116 auctoris),
1122 4037 1268 4100 Anastasii
1295 4046 1326 4099 et
1347 4037 1406 4118 Gy·

183 4139 241 4202 rilli
262 4147 333 4200 sunt
354 4143 383 4200 et
408 4156 484 4217 ques
507 4135 679 4212 Phoebedii,
701 4155 805 4200 eorum
826 4138 965 4218 princeps
988 4137 1036 4200 illa
1058 4137 1114 4200 luit
1133 4137 1236 4200 editio.
1280 4135 1408 4200 Saeculo

183 4249 286 4302 eutem
309 4239 437 4319 septimo
464 4237 580 4301 dommo
608 4247 812 4318 praeterquam
841 4238 920 4317 quod
945 4238 1076 4300 loannes
1098 4237 1268 4318 Wegelinus
1289 4237 1408 4301 libellos

181 4341 296 4420 aliquot
316 4338 416 4418 Cyrilli
435 4338 624 4403 Alexandrini
645 4348 676 4402 et
694 4338 819 4400 loannis
840 4337 1014 4402 Damasceni
1036 4347 1123 4420 atque
1144 4337 1294 4404 llicbatlis
1315 4338 1407 4402 Pselli

181 4441 220 4503 ad
241 4441 339 4505 locum
361 4440 398 4504 de
418 4459 549 4522 persona
570 4439 681 4504 Christi
699 4438 884 4522 pertinentes
906 4458 944 4503 ex
963 4441 1050 4506 codd.
1071 4459 1145 4506 mss.
1167 4441 1317 4523 Augustae
1332 4439 1410 4502 llin-
