3176 5058
502 317 646 366 caterona
660 317 699 364 na
713 309 879 364 sananim
892 317 1033 364 monrsn.
1320 307 1376 370 tea

152 483 183 537 et
202 471 337 536 dividunt
356 470 487 542 Verbum
507 489 528 532 a
548 469 619 541 uso,
642 469 674 532 id
694 470 743 532 iiie
765 467 912 550 improbat
933 489 999 533 ourn
1021 471 1071 544 ait,
1098 467 1283 542 ieiunitatem,
1305 487 1462 552 quaeram.

153 593 210 638 nee
229 573 319 636 uiridi
341 589 398 636 nec
419 572 513 637 misai
533 578 651 652 potest,
674 571 706 633 iu
727 569 874 634 Ucitatem
896 571 1040 634 contrabi.
1085 572 1172 644 Quod
1192 589 1264 634 cero
1287 572 1379 648 aiant,

153 677 279 738 aiiontau
298 693 370 747 esce
385 671 491 735 Filium
511 691 529 734 a
546 671 831 746 semunciarum,
854 679 956 752 aperte
976 673 1092 752 mouent
1110 691 1177 734 orna
1200 673 1280 746 dicit,
1302 693 1378 736 eorr-

153 775 378 840 aubatantiriem
400 774 479 840 Patri
501 791 572 836 esse
592 773 709 836 Fiiiann.
754 771 808 835 iiie
835 791 907 836 sane
935 791 1124 854 summopere
1153 775 1286 838 miranda
1317 775 1378 838 itu-

154 878 272 958 piornm
294 877 447 941 bominum
469 875 668 956 impudentia,
691 873 833 954 maceio
855 893 996 954 namque,
1026 892 1112 954 quem
1134 875 1286 938 doctsinao
1306 893 1380 940 suaa

156 978 238 1058 paria
265 977 400 1040 sensisse
425 977 587 1048 attineant,
620 975 736 1038 dicente
760 973 1043 1038 consubstantialem
1072 993 1141 1038 esse
1167 977 1286 1052 Filium,
1319 979 1378 1058 ipsi

157 1089 255 1150 umen
277 1077 355 1138 haud
377 1095 463 1139 sams
485 1095 573 1157 qum
595 1075 704 1140 cubices
725 1077 952 1156 circumquaque
974 1085 1146 1148 susurrant,
1174 1079 1257 1157 quasi
1279 1079 1377 1159 Syno-

158 1179 215 1242 dus
237 1178 503 1240 eonsmsnnnatis
526 1195 628 1240 vocem
649 1179 727 1240 baud
749 1187 828 1240 recte
851 1178 962 1257 scripto
986 1177 1139 1240 mandauit.
1173 1178 1204 1240 Si
1226 1180 1303 1240 enbn
1319 1181 1378 1243 sibi

157 1281 283 1344 ammaim
305 1279 478 1358 Dionysium
499 1279 678 1352 existimant,
708 1295 746 1340 ne
775 1277 939 1343 doctrinam
968 1287 1076 1358 negent
1106 1277 1162 1342 riri
1184 1297 1285 1342 seeum
1307 1299 1379 1346 seu-

157 1383 272 1446 tientis.
318 1379 404 1454 Quod
427 1379 453 1439 si
474 1388 577 1459 putam
598 1379 627 1442 id
650 1397 711 1442 non
732 1387 812 1442 recte
832 1380 944 1442 dimum
964 1379 1069 1453 inisse,
1093 1397 1183 1459 quare
1196 1379 1381 1459 Dionysium,

157 1484 208 1563 qui
230 1481 259 1544 id
281 1482 379 1561 ipsum
402 1479 458 1548 ait,
485 1480 570 1560 quasi
592 1495 693 1542 socom
717 1479 892 1543 sentientem
921 1479 1075 1542 iactitant?
1110 1497 1176 1542 cum
1203 1480 1383 1560 praesertim

156 1587 183 1648 ia
205 1601 266 1646 non
289 1581 387 1646 obiter
407 1581 466 1642 bec
486 1581 579 1654 dieat,
606 1579 659 1642 sed
685 1579 750 1642 aiiia
778 1589 861 1642 antea
889 1581 994 1644 missis
1020 1579 1153 1660 epistolis
1175 1599 1244 1656 eoa,
1274 1582 1323 1661 qui
1347 1601 1382 1644 aa

155 1683 380 1756 insimulabant,
413 1682 497 1763 quasi
524 1681 637 1744 diceret
662 1681 766 1744 Filium
795 1699 857 1744 non
887 1701 955 1744 esse
982 1681 1062 1744 Patri
1089 1681 1378 1758 consubstantialem,

155 1785 301 1849 mendacii
323 1791 478 1863 coarguat,
510 1782 578 1844 iilos
606 1801 691 1850 vero,
725 1781 775 1862 qui
802 1783 943 1863 putabmt
970 1801 1003 1844 se
1025 1781 1141 1844 dixisse
1160 1783 1288 1846 Verbum
1311 1803 1381 1848 esse

157 1889 282 1958 iactum,
311 1885 438 1954 reieibt,
468 1901 580 1963 negans
604 1901 637 1944 se
659 1891 748 1964 prout
768 1883 808 1945 ilii
832 1883 1000 1946 existimant
1021 1885 1147 1958 sentire,
1176 1885 1229 1946 aad
1258 1887 1377 1949 eneei

158 2003 247 2050 rocas
268 1985 331 2046 ilias
353 1985 490 2065 protulit,
519 2003 556 2046 eo
579 1984 675 2046 solum
697 1984 768 2046 illud
790 2005 822 2046 se
844 1986 956 2048 dixisse
984 1993 1124 2059 testatur,
1152 1993 1185 2046 ut
1207 1987 1380 2050 ostenderet

157 2105 219 2150 non
240 2087 355 2151 Paean
377 2086 430 2148 sed
452 2086 558 2149 Filium
580 2103 660 2159 ease,
682 2085 733 2165 qui
755 2085 915 2160 mustitana,
937 2093 1066 2148 meatum
1088 2095 1119 2147 et
1139 2087 1247 2150 iactam
1269 2105 1378 2168 eorpus

157 2189 262 2260 induit,
284 2189 421 2270 quocirca
442 2187 533 2250 bilius
556 2186 703 2259 conditas,
727 2189 821 2250 [ausas
841 2197 872 2250 et
893 2196 1008 2250 oreatus
1030 2187 1125 2249 inisse
1146 2187 1262 2248 dieitur.

245 2493 297 2556 20.
341 2489 427 2551 Certe
453 2507 520 2551 cum
547 2489 595 2553 iila
622 2492 709 2556 verba
737 2491 821 2573 priua
850 2491 1019 2573 scripserit,
1053 2489 1169 2552 Arianis
1192 2490 1310 2572 quidem
1333 2493 1464 2554 ia-naar.

160 2607 280 2653 cassera
302 2589 409 2665 iussis,
442 2591 616 2656 buccinium
639 2593 768 2656 animum
791 2593 828 2656 ab
850 2593 886 2656 iis
907 2593 1054 2675 postulat,
1083 2593 1267 2672 adquorum
1290 2611 1378 2656 aures

157 2693 231 2755 haec
250 2685 453 2774 pervenerinta
480 2703 514 2757 ut
540 2695 744 2758 animadversa
773 2695 877 2756 barram
900 2695 1106 2775 quaestionum
1129 2693 1297 2758 difficultate
1318 2697 1378 2758 inae

156 2794 256 2874 petitas
283 2795 638 2875 incomprehensibilitate
658 2813 720 2856 non
741 2795 846 2869 rerba,
880 2795 933 2856 aad
956 2795 1115 2876 Scriptoris
1143 2795 1271 2858 animum
1299 2797 1378 2859 iurii-

158 2902 269 2965 earent‚
291 2913 357 2954 eum
378 2896 567 2974 potissimum
590 2894 645 2954 aiis
667 2895 859 2972 complurima
880 2913 979 2956 varam
1001 2895 1065 2956 eius
1088 2904 1216 2956 menwm
1238 2897 1379 2975 aperiant.

160 2993 209 3054 Ait
230 2993 319 3070 igitur
340 2993 418 3070 ipso:
453 2992 629 3064 „Eiusmodi
658 2993 790 3070 exempla
818 3003 850 3053 ut
877 2993 975 3054 minus
1007 2993 1087 3055 utilia
1120 2995 1228 3054 cursim
1261 2996 1381 3072 pretuli,

161 3091 328 3166 „nimirum
351 3091 387 3154 da
408 3092 507 3171 planta
531 3101 561 3151 et
581 3089 726 3168 agricola
754 3100 874 3152 araturae
901 3091 1166 3154 accommodatiora
1195 3093 1288 3152 fusus
1310 3111 1382 3172 per·

161 3192 320 3266 ‚‚traotaai,
344 3211 378 3254 ao
398 3193 513 3253 veriora
536 3188 671 3271 pluribus
694 3191 849 3269 exposui.“
882 3191 942 3252 iam
958 3191 1007 3270 qui
1024 3191 1096 3252 haee
1117 3189 1255 3268 loquitur,
1279 3201 1383 3254 osteu-

160 3295 212 3366 dit,
236 3295 335 3356 verius
358 3293 413 3354 diei
435 3292 540 3354 Filium
563 3297 715 3354 aeternum
737 3299 767 3353 et
788 3311 822 3354 ax
844 3291 931 3354 Patre
954 3311 1033 3364 ease,
1061 3309 1147 3372 quarn
1169 3309 1238 3352 esse
1259 3294 1382 3368 iactums

160 3413 228 3464 nam
251 3395 312 3456 boc
330 3394 449 3474 quidem
473 3393 625 3464 rocabnio,
648 3392 726 3471 quod
748 3411 924 3474 corporeum
947 3403 993 3457 est
1014 3394 1043 3455 in
1066 3393 1203 3465 Domine,
1225 3393 1382 3470 indicatur,

161 3495 219 3554 iiiia
240 3513 313 3556 raro
342 3493 501 3558 aeternitas
534 3492 693 3560 divinitatis
715 3495 789 3557 cius.
833 3495 893 3556 an
916 3495 1019 3575 igitur,
1050 3495 1103 3575 qui
1132 3497 1380 3574 suscensebant,

162 3603 196 3656 ut
217 3594 266 3673 qui
288 3605 409 3675 negaret
429 3594 532 3658 Filium
560 3615 628 3658 esse
647 3596 727 3658 Patri
757 3595 1051 3671 consubstantialem,
1084 3595 1131 3657 bis
1160 3599 1341 3678 argumentis
1362 3619 1380 3664 a

161 3714 195 3757 se
217 3697 383 3758 confutatos
406 3697 543 3772 declarat,
565 3697 642 3759 haud
665 3697 720 3760 levi
741 3699 841 3772 modo,
863 3699 916 3760 sed
934 3698 1151 3788 sapientissime
1173 3709 1202 3760 et
1223 3719 1290 3764 cum
1312 3719 1380 3764 vera

160 3796 430 3870 demonstratione,
461 3797 530 3861 dum
552 3799 625 3860 baec
646 3799 701 3860 ait:
732 3799 817 3872 „Etsi
844 3800 919 3861 hano
945 3817 1048 3862 rocem
1076 3799 1107 3860 in
1130 3797 1290 3883 scripturis
1318 3821 1379 3864 non

160 3897 301 3972 „iureni,
334 3908 462 3961 ottanmn
495 3899 655 3961 earundem
678 3900 896 3979 snipaurnum
934 3909 1063 3964 menum
1091 3899 1232 3980 colligens
1262 3903 1379 3982 agnovi,

159 3997 296 4080 „ipsum
319 4018 385 4062 cum
407 4000 499 4062 Filius
523 4009 552 4062 et
567 3999 693 4062 Verbum
714 4000 765 4076 ait,
787 4019 847 4062 non
868 4019 962 4081 posse
984 4000 1111 4062 aPatris
1133 4002 1296 4064 substantia
1313 4021 1380 4066 esse

159 4098 346 4172 „alienurn.“
392 4102 479 4174 Quod
501 4111 599 4163 autem
620 4100 725 4163 Filium
754 4120 814 4164 non
843 4103 973 4164 senserit
1000 4119 1067 4163 ease
1088 4119 1152 4164 rem
1183 4113 1308 4168 creatam
1331 4113 1381 4166 aut

157 4318 224 4368 dosa.
261 4321 358 4370 Tauria.
371 4321 426 4371 item
438 4322 499 4372 inira
518 4311 533 4367 ὁ
551 4314 583 4370 τὸ
601 4314 739 4386 γεννητόν.
829 4337 852 4384 g,
876 4321 945 4372 Coib.
968 4319 1018 4370 aas
1043 4314 1205 4389 φράζοντος.
1245 4323 1296 4370 iios
1315 4320 1378 4370 idem

191 4387 209 4438 i.
234 4388 332 4438 Tauria.
355 4389 425 4439 colb.
450 4390 495 4438 ies.
519 4381 636 4455 ἐλήφθη.
689 4389 742 4440 iios
794 4403 848 4440 enm
867 4387 964 4440 Tauno,
984 4383 1207 4456 crassitatem
1226 4380 1301 4436 icor.

156 4453 214 4516 bag.
233 4453 331 4506 i'anrin.
351 4457 395 4506 iae.
413 4448 522 4522 μακράι
541 4457 597 4507 editi
617 4471 671 4508 sero
688 4471 741 4522 μα·
828 4457 850 4506 b.
870 4456 939 4508 tote.
956 4451 1180 4523 nauseantem.
1216 4456 1268 4504 iios
1281 4452 1378 4502 Tauria.

154 4515 233 4589 ¹247·
793 4523 862 4574 Guib.
881 4523 927 4573 lea.
945 4520 1039 4572 atsto
1056 4517 1179 4580 ἐξῆλθον.
