3216 5048
535 293 645 340 ammo
660 295 683 339 r.
699 295 815 340 cossas
828 295 964 342 masos.
1300 283 1362 350 273

131 457 220 512 ranas
241 445 402 529 indigeret.
444 443 482 508 At
502 442 591 507 Verbi
623 445 766 510 adrentus
787 445 883 510 Patris
905 465 982 528 opus
1004 447 1137 528 perfecit.
1181 447 1258 513 Hinc
1279 457 1365 514 antea
1373 467 1450 516 raas

133 551 170 614 ad
191 550 286 614 Adam
313 551 354 613 ad
381 545 516 628 nausea
542 565 628 609 mors
655 547 775 626 quidem
804 555 961 628 repascit,
993 549 1046 612 sed
1075 549 1163 612 Verbi
1195 538 1367 630 praesentia

130 661 261 716 mortam
282 651 405 732 penitus
427 646 584 722 destruxit,
607 666 663 710 nec
683 649 809 729 amplius
832 649 862 710 in
884 651 975 712 Adam
998 652 1158 725 morimur,
1182 651 1236 714 sed
1259 671 1364 716 omues
1411 651 1416 672 “

132 753 165 816 iu
186 754 307 816 Christo
329 749 389 810 rita
410 749 566 812 donamur.
608 747 767 811 Praeterea
788 759 872 812 antea
899 751 1001 812 silan
1028 771 1124 832 usqne
1151 755 1187 816 ad
1215 754 1364 819 Bersabee

130 852 181 916 lex
202 849 424 931 divulgabatur,
453 857 542 928 atque
570 847 601 910 in
630 849 695 910 sola
715 849 822 912 iudaea
844 858 934 912 notus
957 859 1020 912 erat
1042 853 1135 928 ileos3
1163 873 1243 920 nunc
1263 869 1447 924 antemnae
1477 877 1485 892 ·

131 959 166 1017 ia
189 971 306 1016 omnem
327 961 443 1012 terram
465 955 561 1013 euicit
582 969 677 1014 sonas
699 969 822 1023 earum,
845 961 876 1014 et
897 952 996 1013 omnis
1019 963 1097 1016 terra
1120 954 1172 1017 ilai
1194 960 1362 1038 cognitione

133 1061 183 1116 est
201 1052 329 1132 repleta,
358 1059 522 1130 gentesque
550 1051 706 1114 uniuersas
734 1052 881 1116 edocuere
903 1050 1063 1132 Discipuli,
1096 1072 1130 1116 ac
1158 1056 1284 1137 denique
1305 1061 1363 1124 boc

132 1163 268 1235 tempore
295 1151 368 1214 illud
395 1151 567 1231 Scripturas
596 1152 750 1232 impletum
778 1167 841 1215 est:
874 1154 978 1218 Erant
1005 1174 1109 1218 amnes
1141 1155 1223 1218 docti
1247 1178 1267 1219 a
1287 1161 1362 1224 ileo.

129 1254 249 1318 Etenim
271 1273 348 1334 quae
369 1260 441 1315 tuac
462 1251 581 1332 quidem
602 1254 793 1334 apparebant,
816 1275 914 1318 meme
929 1265 1014 1318 arant
1028 1257 1150 1334 figurae,
1173 1275 1254 1320 nunc
1267 1268 1364 1321 autem

129 1357 195 1436 ipsa
217 1355 362 1436 pateiaeta
384 1353 492 1416 venus
516 1362 577 1427 est,
607 1356 688 1435 quod
708 1355 872 1435 Apostolus
894 1365 998 1437 postea
1020 1358 1200 1420 luculentius
1222 1357 1288 1439 ipsc
1311 1377 1365 1420 ex-

128 1457 221 1538 plieat
241 1456 291 1518 bis
313 1454 431 1518 verbis:
454 1455 492 1519 Iu
515 1465 635 1518 tantuna
652 1462 896 1536 praestantioris
919 1463 1095 1522 testamenti
1114 1477 1248 1540 sponsor
1261 1460 1364 1538 sactus

130 1570 176 1623 est
198 1557 303 1629 lesus,
332 1567 363 1619 et
382 1533 505 1618 mnis:
533 1555 623 1620 Nunc
650 1569 752 1620 auteur
779 1559 978 1622 eccellentiae
1001 1563 1132 1624 sortitus
1161 1551 1208 1623 e'st
1227 1545 1366 1624 nit'oiste-

129 1661 221 1736 riura,
245 1669 359 1740 quanto
381 1669 410 1720 et
428 1662 672 1739 praestantioris
694 1664 868 1722 testamenti
886 1663 1037 1724 mediator
1052 1671 1106 1734 est,
1129 1663 1209 1744 paud
1222 1666 1256 1726 ia
1266 1681 1365 1743 proe-

129 1759 332 1824 staatioridus
350 1761 607 1840 promissionibus
629 1765 781 1824 couniunt
803 1771 857 1823 est.
895 1760 973 1824 Nam
987 1762 1068 1824 ar'iii
1086 1763 1127 1824 ad
1142 1765 1364 1844 persecn'osam

129 1863 259 1924 adducit
280 1859 346 1932 lea,
373 1861 428 1923 sad
448 1869 516 1923 erat
536 1861 724 1926 introductio
746 1867 814 1941 spei
829 1867 1089 1943 praestantioris,
1112 1874 1143 1925 et
1162 1864 1251 1944 paulo
1272 1871 1361 1944 post:

129 1961 257 2025 Necesse
276 1970 324 2024 est
345 1969 421 2043 erpo¹
438 1961 628 2042 ecaapiaria
651 1955 823 2028 materniani
846 1965 892 2026 br's
913 1967 1067 2042 mundari,
1090 1970 1157 2047 ipsa
1178 1979 1280 2030 aaran
1294 1985 1364 2030 cae-

130 2061 219 2125 lestia
235 2064 517 2143 praestantioribus
541 2063 648 2126 bustris
669 2083 759 2145 quam
773 2069 851 2126 istis.
895 2065 1006 2128 Vocem
1022 2064 1110 2138 igitur
1122 2070 1362 2144 praestantioris

127 2161 177 2226 bic
197 2171 227 2226 et
247 2181 302 2244 per
323 2171 420 2226 totum
441 2163 592 2243 Epistulae
614 2173 786 2228 contextum
801 2165 938 2236 Domino,
961 2167 1011 2246 qui
1026 2167 1228 2248 praestantior
1242 2172 1274 2226 et
1287 2165 1363 2226 alius

128 2271 175 2328 est
200 2284 218 2328 a
244 2265 336 2328 rebus
366 2265 468 2338 iactis,
498 2263 641 2328 attribuit.
686 2265 840 2345 Siquidem
869 2267 1070 2347 praestantius
1099 2277 1146 2328 est
1174 2266 1362 2342 sacrificium,

127 2366 208 2446 quod
230 2384 286 2446 per
306 2366 403 2444 ipsum
424 2365 593 2445 peragitur,
624 2369 826 2446 praestantior
853 2386 940 2448 spes,
972 2387 1048 2448 quae
1076 2367 1107 2429 in
1130 2385 1166 2430 eo
1189 2367 1362 2442 collocatur,

127 2485 164 2530 ac
183 2465 343 2546 promissa,
366 2481 442 2544 quae
462 2464 552 2527 nobis
574 2485 628 2547 per
649 2466 731 2529 ibam
754 2477 824 2531 sunt
846 2469 931 2556 lacta,
954 2488 1016 2532 non
1040 2478 1073 2534 ut
1088 2487 1192 2549 magna
1207 2488 1274 2532 cum
1288 2486 1361 2549 par·

126 2567 173 2629 ris
196 2573 416 2648 comparantur,
439 2565 492 2628 sed
516 2575 548 2628 ut
569 2567 684 2630 diuersa
708 2569 744 2632 ab
767 2572 833 2634 aliis
857 2575 971 2648 natura,
994 2571 1063 2652 qaia
1084 2571 1130 2647 is,
1152 2573 1206 2654 qui
1225 2571 1284 2634 ista
1306 2569 1361 2634 ad-

127 2667 317 2744 ministravit,
337 2666 430 2730 rebus
451 2666 535 2730 lacus
556 2679 603 2732 est
625 2673 836 2752 praestantior.

216 2971 267 3034 dt).
310 2969 372 3031 lam
400 2987 472 3031 vero
500 2969 581 3049 quod
608 2969 731 3032 dicitur:
764 2972 868 3050 sactus
897 2983 944 3036 est
970 2989 1118 3052 sponsor,
1154 2971 1362 3051 sponsionem,

128 3089 218 3152 qnam
240 3069 289 3132 ille
309 3089 366 3152 pro
388 3069 477 3132 nobis
497 3071 583 3142 iecit,
615 3070 770 3150 significat.
816 3072 1072 3144 Quemadmodum
1101 3073 1179 3134 enim
1202 3071 1267 3145 ille,
1295 3089 1363 3134 cum

126 3172 256 3235 Verbum
279 3179 377 3246 esset,
406 3190 475 3234 caro
504 3173 599 3235 lactus
623 3180 687 3248 est,
714 3173 848 3254 hocque,
878 3175 956 3252 quod
985 3172 1112 3236 dicimus
1143 3174 1252 3236 laetum
1280 3191 1362 3252 csse,

129 3273 212 3336 carni
225 3273 423 3336 adscribimus
446 3275 531 3349 (haec
547 3275 626 3336 enim
642 3277 716 3338 iacta
739 3284 769 3337 et
790 3285 888 3338 creata
911 3281 980 3350 est),
1004 3275 1043 3338 ita
1066 3275 1155 3336 etiam
1177 3276 1251 3338 baec
1272 3273 1361 3338 dictio

127 3375 230 3454 [octus
252 3385 298 3440 est
319 3377 400 3439 iuxta
422 3375 582 3440 sanandam
606 3377 853 3456 significationem
869 3377 918 3440 bic
932 3385 979 3440 est
992 3375 1193 3456 intelligenda,
1216 3385 1362 3456 quatenus

128 3475 262 3540 videlieet
282 3479 378 3541 iactus
399 3478 490 3540 homo
514 3485 571 3540 est.
614 3478 759 3542 Norerint
780 3479 907 3559 proinde
928 3479 1096 3558 pertinaces
1124 3477 1280 3554 homines,
1307 3497 1361 3542 va-

127 3597 199 3642 num
221 3597 339 3660 quoqm
369 3599 493 3661 pratum
521 3580 579 3643 boc
606 3579 948 3644 illoronacommentum
970 3599 1055 3656 esse;
1083 3581 1205 3643 audiant
1225 3581 1361 3656 Paulum,

90 3755 96 3762 ⁸
128 3679 175 3742 un
196 3681 471 3761 perspectissimum
494 3691 572 3757 erat,
596 3701 665 3745 eum
687 3682 844 3748 etlilium
866 3701 901 3746 ac
922 3680 1115 3763 sapientiam,
1148 3681 1358 3763 splendorem·

128 3799 185 3860 que
207 3788 238 3843 et
257 3782 416 3863 imaginem
438 3783 536 3846 Patris
558 3803 638 3858 esse,
661 3784 783 3848 minima
805 3785 852 3848 bis
874 3785 975 3857 serbis
990 3785 1158 3865 significare
1173 3784 1238 3846 eius
1253 3786 1360 3848 iactam

128 3881 222 3944 luisse
244 3892 396 3960 naturam,
428 3885 482 3946 sed
510 3903 573 3947 eam
597 3886 758 3950 dictionem
779 3888 893 3950 reterre
915 3885 953 3948 ad
975 3887 1146 3948 testamenti
1168 3885 1360 3948 administra-

127 4108 150 4150 et
174 4117 230 4154 mox
248 4118 302 4154 cam
321 4105 378 4168 iias.
398 4099 526 4172 τετΐῖηκε
542 4100 719 4171 λειτουργίας.
807 4108 831 4158 b.
850 4107 907 4156 ite.
933 4099 969 4158 ais
995 4095 1090 4154 ἄλλων.
1126 4105 1179 4155 iios
1197 4107 1259 4156 idem
1279 4104 1362 4156 etalii

126 4166 171 4220 stit
192 4178 216 4222 et
234 4171 291 4223 editi
309 4164 408 4238 ἔγγυος
425 4165 440 4222 i
457 4166 516 4228 uia'r
533 4169 719 4242 atrirspsiea·
772 4189 831 4226 mss.
849 4122 920 4244 apic
937 4163 1011 4224 itta.
1048 4173 1109 4224 Editi
1126 4167 1198 4242 πρὸς
1215 4164 1302 4226 istac.

125 4238 276 4305 raupyaias.
805 4244 820 4292 i.
840 4243 880 4293 Sic
904 4256 962 4292 mss.
1004 4243 1034 4293 dt
1057 4243 1113 4293 aditi
1133 4243 1224 4293 addant
1240 4237 1288 4290 arai
1305 4247 1362 4303 post

160 4339 178 4392 i.
195 4339 270 4391 ilarii.
290 4331 370 4392 sidtu
387 4335 417 4392 δὲ
434 4335 595 4395 ἐτελείωσεν.
769 4301 885 4428 ἔγΐξῑο
902 4301 1242 4440 ξὲἓιᾙωίιεξῆῗΐειᾞ
1252 4303 1361 4436 {w}

160 4455 182 4503 a.
207 4443 330 4506 sngtican.
360 4439 438 4514 napis
466 4444 571 4496 ταῦτα·
597 4438 632 4497 ad
659 4435 716 4516 ἄρα
767 4455 873 4522 ζουσα.1
900 4445 1002 4506 sepner.
1027 4439 1074 4494 rai
1096 4436 1359 4506 enumerarem.

124 4509 265 4576 apetrror.
373 4521 380 4528 ·
768 4523 813 4560 aaa
829 4523 875 4560 aas
892 4509 983 4562 τοῦτο.

162 4596 436 4646 transtuleramus.
449 4612 498 4646 aaa.
1125 4590 1156 4640 ¹⁸
