2822 5030
324 227 440 306 conexa
453 259 672 306 metuamus
686 259 775 306 mam
789 259 823 304 ιι.
1107 249 1169 315 935

26 413 122 478 hoe
145 411 257 493 *graba
279 409 335 474 sita
357 410 423 474 luit.
459 411 519 474 Vos
540 425 612 474 vero
634 409 705 474 dum
725 426 846 474 cernam
868 411 963 476 solam
978 413 1257 491 confitemininasa.

12 513 163 578 receati
189 512 414 578 dumnadonem
434 531 532 596 neque
552 512 660 576 mortis
683 507 912 578 dissolruionem
939 532 1037 595 neque
1063 495 1189 580 resur·=

14 635 36 679 s
76 613 400 678 consummationem
427 623 525 694 neque
553 611 644 678 Ve'rbi
668 613 935 678 immutabilitatem
962 610 1171 683 damonslrure

31 737 84 780 eo
117 717 216 805 quod
238 723 321 780 extre
342 733 442 780 sueres
464 715 632 797 Seriphum
654 716 827 796 megenum,
849 735 884 780 ee
902 717 1071 798 loquentes,
1094 738 1170 800 quae

16 819 253 894 cavillantur,
284 837 352 882 oum
380 825 481 880 temen
508 817 547 881 de
573 815 671 880 anima
699 825 802 898 aperte
828 818 861 880 in
892 821 984 882 saeris
1007 819 1170 903 scripturis

19 921 220 996 habeatur,
242 927 271 984 et
292 919 468 984 oeconomia
490 925 697 984 consummate·
715 919 756 982 sit
777 917 916 982 exhibitis
936 921 1075 988 omnibus
1093 943 1168 988 eou-
1227 997 1233 1010 ,

16 1022 137 1086 tionis
163 1021 299 1086 indiciis.

12 1227 49 1292 Β.
106 1224 219 1287 Porro
241 1224 460 1286 haeretieorum
482 1222 532 1285 ulii
555 1241 634 1297 eum,
656 1221 706 1304 qui
728 1223 811 1286 risus
834 1231 889 1296 est,
912 1221 1088 1287 confitentes
1104 1225 1170 1290 eius

12 1327 61 1388 eti
89 1344 166 1389 non
192 1325 326 1400 eredamt,
348 1325 397 1388 alii
418 1343 500 1399 reru,
523 1325 573 1407 qui
594 1325 688 1388 lleum
710 1324 901 1399 eonfitentarr,
923 1323 1022 1388 earnis
1038 1323 1102 1388 aius
1117 1343 1172 1407 ge·

12 1447 115 1490 onem
141 1435 269 1509 negant,
291 1427 351 1503 alii,
373 1427 425 1508 qui
446 1443 565 1490 earnem
587 1445 655 1491 oram
676 1425 829 1491 divinitate
849 1427 1037 1500 eouhteutur,
1060 1434 1173 1508 negent

12 1549 45 1592 m
73 1531 151 1594 eius
177 1529 313 1594 extitisse
335 1529 507 1610 similesque
527 1528 650 1592 furiosis
671 1527 788 1592 brionia
813 1527 955 1603 eradunt,
983 1529 1033 1609 qui
1055 1547 1172 1592 eonne-

16 1639 199 1694 tortuosus
221 1638 253 1694 et
273 1629 409 1712 obliquas
430 1629 676 1712 propositiones,
697 1637 733 1694 ιιι
752 1630 791 1693 de
811 1629 870 1692 illis
892 1629 1084 1710 quaestiones
1101 1630 1171 1711 aqi-

27 1731 251 1813 simplieiores
272 1732 305 1796 in
325 1731 542 1796 dubitationem
563 1730 711 1804 inliciant,
739 1731 810 1794 dum
837 1731 896 1812 ipsi
916 1731 1037 1794 iuterim
1057 1731 1091 1794 in
1108 1731 1171 1796 lide

12 1845 85 1896 snt.
133 1833 248 1897 Itidem
270 1842 299 1896 el
320 1833 379 1915 ipsi
400 1834 442 1897 ite
462 1833 546 1914 loqui
567 1831 714 1897 didicere:
736 1832 938 1914 „quuisnum
960 1833 1020 1905 ille,
1041 1832 1093 1914 qui
1112 1851 1169 1897 ua-

13 1943 73 1998 est
98 1953 139 1996 ex
161 1933 280 1998 Haris?
322 1924 453 2010 lleusne,
475 1953 514 1998 au
535 1932 678 1998 bomol“
701 1941 735 1998 ιι
748 1934 776 1998 si
796 1934 916 2014 quidem
933 1934 1045 1998 dboria
1059 1933 1169 2025 Homo,

12 2035 172 2099 livinituti
193 2035 284 2098 lidem
304 2053 367 2096 non
388 2035 511 2110 babeat,
544 2035 576 2098 in
603 2035 663 2099 boe
689 2035 882 2100 eonsentiens
909 2035 1085 2114 haereticis,
1119 2037 1170 2121 qui

12 2163 17 2200 t
42 2137 143 2200 iidem
167 2155 232 2200 neu
249 2135 392 2211 habuere,
410 2135 493 2216 quod
514 2135 542 2200 si
564 2135 675 2199 dixeris
689 2135 779 2212 Detur,
802 2136 867 2199 eius
888 2135 985 2200 earnis
999 2139 1171 2218 generatio-

14 2247 113 2319 nepet
136 2245 169 2300 et
191 2255 258 2300 oum
279 2235 448 2312 haereticis,
469 2237 522 2316 qui
544 2235 624 2300 ibam
645 2244 764 2318 neqaut,
785 2235 958 2301 ahduoutur.
1000 2237 1079 2302 ilino
1098 2257 1169 2302 rur-

34 2339 143 2415 „Quis
166 2345 225 2411 eet,
247 2336 298 2417 qui
319 2353 430 2418 passus
453 2335 524 2400 eset
545 2337 684 2417 qualenam
697 2335 856 2402 muoillxus
878 2337 947 2402 esti
980 2339 1110 2414 lleamue,
1132 2359 1172 2404 en
1222 2405 1227 2412 ,

12 2438 109 2500 no‘l“
140 2445 175 2500 ut
203 2437 229 2500 si
257 2437 378 2518 quidem
405 2437 487 2502 diues
513 2437 613 2512 Deus,
639 2437 847 2520 blasphemum
873 2440 945 2522 quid
971 2443 1107 2522 proterat
1132 2461 1171 2507 ex

12 2541 86 2602 antia
107 2538 273 2622 impiorum
292 2538 480 2614 atrianorum,
502 2539 551 2602 siu
572 2547 671 2602 summ
683 2539 767 2602 diosa
781 2539 891 2616 Homo,
913 2559 950 2605 ex
963 2541 1082 2608 ludelea
1096 2562 1169 2608 een·

12 2663 25 2706 ι
46 2643 215 2724 loquatur..
242 2641 286 2706 Ea
311 2641 351 2704 de
379 2659 467 2706 rausa
496 2649 616 2704 meotes
637 2641 807 2724 Smipturue
828 2641 958 2708 Verbum
979 2643 1168 2708 motabiliter

12 2751 86 2808 *stre
107 2743 202 2807 lleum
225 2762 295 2806 ease
317 2751 347 2806 et
367 2743 467 2824 ipsum
489 2741 631 2808 extremis
657 2743 844 2824 temporibus
867 2761 902 2806 ex
925 2739 1045 2824 Virgine
1065 2744 1253 2813 hami-zan.

31 2844 163 2924 genitum
185 2863 254 2908 esse
275 2845 462 2924 praedicant,
493 2853 527 2908 ut
554 2861 651 2924 neque
671 2844 751 2908 Deua
780 2861 841 2908 non
869 2843 1041 2908 crederetur
1070 2861 1169 2925 neque

13 2947 40 3007 is
64 2943 213 3024 generatio
234 2952 402 3024 negaretur.
446 2943 503 3008 Ubi
524 2953 623 3008 aulem
645 2954 691 3008 est
712 2944 810 3029 cernis
831 2963 964 3018 nomeu,
985 2944 1096 3008 ibidem
1117 2953 1168 3006 to-

26 3045 111 3108 edest
131 3044 287 3126 compositi
310 3063 453 3126 compago
475 3054 599 3126 excepto
620 3053 766 3127 peceato·
797 3043 1027 3107 belunenen
1049 3043 1169 3124 quidem

12 3146 79 3208 riuis
99 3145 266 3228 passionem
288 3147 445 3228 applicent,
467 3165 524 3211 nee
544 3148 621 3232 ultre
641 3145 884 3228 progrediuntur,
905 3153 940 3208 ιιι
957 3145 1069 3226 ubique
1090 3146 1169 3210 acri-

12 3267 33 3310 n
55 3248 150 3310 estin
171 3247 418 3311 seerisbitteris.
461 3247 504 3310 De
532 3248 684 3315 divinitate
710 3255 809 3310 autem
830 3245 919 3310 Verbi
945 3245 1180 3310 immutabilius:

43 3359 72 3412 et
96 3348 322 3413 instabilitatem
350 3349 539 3413 eonfitentur.
581 3349 714 3430 Ideoque
741 3347 778 3412 de
799 3345 897 3411 Verbo
926 3347 1046 3428 quidem
1076 3356 1109 3412 ιιι
1129 3348 1168 3412 de
1238 3387 1243 3396 ·

12 3451 205 3530 ‚loquuntun
237 3451 372 3513 eiusdem
400 3469 471 3513 uero
498 3459 533 3513 ut
553 3451 683 3514 bominis
706 3449 927 3530 generationem
950 3458 1103 3524 enarrant,
1135 3458 1168 3513 ιιι

12 3571 34 3612 ιι
55 3551 117 3631 ipae
135 3551 303 3616 naturaliter
324 3561 354 3616 et
374 3571 445 3616 vere
465 3561 625 3632 utrumque
647 3552 697 3626 sit,
718 3551 798 3616 lleus
814 3549 933 3632 quidem
948 3551 1045 3633 quoad
1065 3557 1166 3614 aeter-

12 3749 59 3790 ott·
92 3735 140 3786 llux
155 3735 220 3787 Gohl.
235 3723 473 3789 elestatensis«
485 3722 528 3786 αιἰ.
614 3737 638 3788 b.
656 3737 756 3801 Sequar.
772 3731 819 3788 eorl
834 3735 941 3788 τοῦτον.
977 3735 1039 3788 Editi
1055 3725 1169 3790 settle.

12 3805 127 3864 .Sequer.
143 3793 184 3850 ira
199 3797 247 3853 ἐὰν
262 3797 315 3868 μὲν
331 3797 400 3871 εἴπῃ.
431 3805 530 3857 Gobler.
580 3805 641 3856 lhid.
659 3804 750 3868 dualia.
769 3795 809 3854 lat
828 3795 954 3870 ἐσχάτου.
989 3797 1168 3874 ΙΙιίἀ.ἔιιπαρ-

12 3871 101 3922 Ιἰιιιιιι
118 3870 138 3920 l.
155 3861 196 3918 ἵνα
212 3862 237 3920 ei
251 3865 304 3937 pir
320 3863 390 3938 εἴπῃ.
426 3872 489 3923 llditi
506 3880 532 3924 et
579 3868 665 3922 diruo
690 3872 759 3924 deest
787 3873 811 3922 ln
838 3873 935 3924 Gobler.
962 3879 986 3922 et
1012 3872 1118 3924 Felelm.
1144 3875 1168 3926 i.

12 3941 51 3990 eri
67 3953 119 3990 maa.
135 3927 175 3987 ira
190 3930 239 3987 tto
260 3933 313 4056 ἰὼ·
335 3931 440 3990 εἴπωσι.
478 3939 531 3992 llox
580 3940 632 3990 blot
651 3941 751 4002 Sequer.
769 3939 867 3991 Gobler.
891 3947 916 3991 et
937 3939 1043 3992 retain.
1057 3941 1080 3992 l.
1097 3936 1168 4008 μηδὲ

13 4023 62 4058 uer.
77 3999 189 4073 πρόηται.
225 4007 260 4059 Go
278 4007 322 4057 ler.
341 4016 365 4059 et
381 4007 488 4058 ielelm.
508 4007 530 4058 l.
579 4001 645 4061 θεὸς
662 3997 812 4074 interm,
829 4001 907 4074 μηδι.
941 4007 1004 4059 Editi
1020 4001 1169 4075 placoris

12 4075 92 4126 ariter.
113 4075 167 4128 liditi
178 4088 233 4128 uero
246 4082 270 4125 et
287 4076 375 4141 meteri
395 4066 528 4139 mssrrpa'-
581 4067 721 4141 &tmoli
737 4067 814 4141 parire

12 4157 59 4194 rae
88 4141 235 4206 toasqsar.
249 4143 336 4193 iterum
353 4135 402 4192 tta
416 4135 445 4191 tl
458 4133 527 4208 einp.
613 4143 629 4192 i.
653 4143 753 4206 sepner.
785 4141 882 4193 Gobler.
912 4149 936 4193 et
961 4142 1066 4193 lielelrm.
1086 4142 1109 4194 l.
1135 4133 1168 4191 tr

12 4215 64 4262 olet.
79 4217 100 4260 et
115 4209 206 4262 ielalru.
227 4211 249 4261 1.
273 4201 297 4260 ei
314 4200 342 4258 δ’
362 4201 430 4278 εἴπῃ.
466 4211 528 4262 Cae-
578 4201 681 4264 πάσαις
697 4207 758 4264 ταῖς
781 4201 789 4222 ‘
811 4203 1004 4326 ιάςσῖῃαῆαῖς.

12 4283 80 4330 lcum
96 4270 214 4329 editisiior
233 4272 263 4327 di
280 4269 414 4338 adamam„
437 4279 530 4329 lbialem
613 4277 636 4328 b.
654 4270 822 4341 Sequendi
876 4291 923 4331 ror
940 4277 1095 4340 ανθρωποι.
1113 4273 1169 4326 llox

12 4361 66 4409 puer.
82 4341 222 4410 φθέγξηται
265 4347 362 4400 Gobler.
382 4354 406 4397 et
423 4345 530 4396 l'elebm.
579 4344 652 4396 basil.
670 4345 769 4410 Segusa.
788 4345 886 4397 Gohler.
911 4353 935 4424 qt
951 4343 1055 4420 Felaim.
1077 4340 1099 4394 l.
1121 4335 1168 4390 atel

24 4411 158 4477 φθιῃξεται
195 4415 256 4467 ilditi
280 4421 304 4466 et
327 4415 415 4468 caeteri
441 4408 530 4480 φθέγ·
581 4403 725 4473 mitads.
759 4413 822 4464 Editi
845 4405 892 4461 aet
914 4405 1051 4470 αλῃθινις.
1091 4409 1167 4460 lldsm

12 4489 77 4528 irrue
580 4495 640 4533 maa.
658 4482 722 4534 iutra
743 4479 776 4550 τῃ
792 4473 918 4550 γννῃσει
933 4475 983 4537 ris
997 4469 1134 4545 γυναικός.
