3220 5046
444 164 461 198 ⁸
576 171 733 219 ωιτεαιι.
748 173 1014 221 mundaturus.
1331 161 1395 226 423

143 328 284 400 αιτιοι,
313 322 482 404 iisdemque
509 327 646 386 naturum
671 331 705 386 ut
725 332 829 388 essem
849 323 990 390 dedisset
1034 323 1098 390 Aba
1119 329 1218 390 tutem
1238 327 1315 392 ratio
1338 321 1510 405 estem*

142 428 245 512 quod
261 426 398 492 eiusdem
407 423 498 488 Verbi
512 422 693 504 benignitate
706 445 756 490 res
771 433 885 490 mentae
899 427 1029 490 tiliorum
1043 428 1213 510 dignitatem
1228 447 1283 512 per
1298 429 1397 511 ipsum

144 535 400 608 consequuntur,
423 531 456 590 ut
476 523 603 600 illerum,
626 527 714 590 sicuti
737 528 877 604 diximus,
898 530 997 594 modis
1019 531 1158 596 omuibus
1178 533 1397 614 primogenitus

141 633 264 705 tieret,
286 639 348 692 turo
370 647 438 690 cum
461 645 511 690 eas
533 635 629 702 creat,
656 635 720 692 tum
742 648 811 694 cum
831 630 897 709 ipse
917 631 949 694 in
970 631 1074 696 orbem
1094 642 1241 700 terrarum
1264 634 1398 698 omnium

17 795 19 804 ,
145 748 257 798 oeusu
277 729 485 794 introducitur.
527 727 662 810 Namque
682 730 725 794 ite
746 731 891 811 scriptum
913 741 974 794 est:
999 733 1072 798 Cum
1092 739 1260 802 introducit
1277 741 1398 820 primo-

18 899 24 906 ,
142 835 355 916 gemituosis
379 831 622 904 arietatorum,
654 831 741 895 dicit:
777 831 817 894 iit
839 833 969 896 adurent
990 851 1057 896 eum
1079 853 1181 900 omues
1204 839 1311 920 depeli
1329 839 1396 904 Dei.

24 999 33 1006 ,
143 933 296 998 Audiaut
317 931 428 996 Christi
448 929 561 994 inimici
585 949 678 1011 seque
706 931 764 1012 ipsi
792 932 976 1014 discerpant,
1010 933 1091 1014 quod
1118 935 1258 1000 nimirum
1280 939 1343 1002 eius
1365 937 1400 1004 in

145 1036 274 1100 orbem
308 1042 453 1098 umerum
487 1029 642 1112 ingressus
676 1051 764 1096 curua
793 1042 840 1101 est
867 1053 921 1098 cur
953 1033 1086 1099 omnium
1113 1035 1329 1117 primogenitus
1358 1041 1400 1104 sit

146 1134 347 1218 appellatus.
390 1133 537 1206 Quocirca
563 1133 661 1196 Petris
690 1135 809 1214 quidem
841 1137 1010 1217 unigenitus
1042 1146 1091 1200 cst
1115 1136 1225 1212 Filius,
1259 1141 1399 1219 quonism

143 1237 255 1302 solus
277 1235 344 1313 ipse
366 1253 402 1296 ex
424 1234 474 1298 illo
498 1244 561 1310 est;
583 1243 630 1298 eet
650 1243 748 1298 autem
770 1253 873 1300 rerum
894 1245 1058 1336 creatarum
1080 1238 1310 1319 primogenitus,
1331 1242 1401 1322 quia

145 1354 278 1405 omnes
298 1335 458 1414 adoptione
479 1335 531 1398 tilii
555 1336 732 1410 efficiuntur.
776 1337 816 1400 Ut
841 1358 932 1419 porro
955 1340 1033 1402 inter
1053 1341 1162 1404 tratres
1183 1341 1400 1422 primogenitus

146 1447 220 1512 est,
249 1435 388 1520 idemque
411 1456 447 1500 ex
466 1439 594 1502 mortuis
616 1438 763 1518 primitiae
787 1459 901 1528 eorum,
924 1442 974 1522 qui
995 1442 1192 1518 dormierunt,
1213 1442 1334 1521 revixit3
1360 1444 1402 1508 itt

149 1539 234 1624 quia
261 1555 327 1600 eum
343 1539 373 1600 in
389 1538 527 1602 omuibus
549 1540 679 1620 primum
701 1541 800 1606 locum
817 1543 940 1608 decebat
956 1545 1101 1620 obtinere,
1124 1545 1193 1608 ideo
1209 1545 1298 1608 etiam
1313 1546 1399 1628 prin-

148 1642 281 1724 cipium
302 1639 414 1704 riarum
436 1649 561 1716 crentur,
584 1648 619 1706 ut
639 1631 693 1723 per
714 1643 787 1707 illud
807 1643 981 1709 incedentes
1003 1655 1034 1708 et
1053 1666 1109 1726 per
1128 1645 1247 1718 Filium,
1269 1647 1319 1727 qui
1341 1648 1399 1712 ait:

112 1756 117 1766 '
146 1746 223 1826 Bgo
251 1760 323 1806 auus
343 1745 393 1804 otc
414 1754 444 1807 et
465 1748 570 1821 ιὀοεα,
591 1744 731 1824 ingretsi,
754 1743 882 1826 tectique
905 1746 1086 1827 cognitionis
1106 1745 1204 1810 Petris
1225 1748 1401 1828 participes,

147 1865 216 1910 nos
243 1841 337 1906 etiam
358 1843 527 1908 audiamus:
559 1846 650 1910 Beati
667 1846 857 1910 ttumecuieti
875 1852 909 1912 in
930 1853 994 1920 oio,
1026 1851 1079 1928 pui
1104 1849 1261 1914 ombtdattt
1282 1854 1316 1914 iu
1336 1849 1482 1932 tutem.

151 1947 303 2021 Domini,
326 1953 370 2006 et:
397 1946 485 2009 denti
504 1947 617 2011 mundo
643 1949 743 2020 corde,
765 1953 907 2030 quonium
927 1954 990 2030 ipsi
1008 1949 1105 2012 Deum
1127 1951 1281 2016 videbunt.

250 2149 307 2214 65.
352 2146 425 2208 Cum
454 2146 546 2226 igitur
572 2144 638 2226 ipsa
667 2146 797 2210 declaret
817 2149 942 2223 veritas,
971 2149 1101 2210 Verbum
1122 2153 1227 2212 natura
1247 2168 1309 2210 uon
1331 2170 1400 2213 esse

152 2259 311 2322 creatum,
334 2266 524 2328 consequens
546 2255 594 2308 est
616 2257 648 2310 ut
668 2247 727 2310 ism
750 2249 950 2326 explicemus,
974 2266 1066 2327 qnare
1086 2247 1265 2327 principium
1287 2248 1401 2312 viarum

71 2375 74 2382 ’
157 2353 352 2434 appellatum
375 2349 475 2411 suerit.
517 2347 631 2428 Nempe
659 2348 799 2427 quoniam
826 2347 957 2428 perierat
984 2347 1082 2427 prima
1102 2365 1158 2427 per
1178 2347 1322 2410 ddamum
1344 2349 1399 2424 vis,

155 2469 217 2521 nec
239 2451 372 2532 amplius
395 2451 425 2512 in
447 2449 622 2511 Paradisum
644 2447 854 2522 tendebamus,
883 2447 936 2510 sed
963 2447 999 2510 ad
1027 2455 1154 2512 mortem
1176 2447 1401 2524 deuexeramue,

157 2556 435 2632 audieramusque:
461 2549 557 2614 Terre
579 2570 610 2613 ee
633 2561 662 2614 et
683 2555 716 2613 iu
739 2561 854 2614 terrem
876 2555 1050 2622 reuerteris,
1075 2549 1183 2612 idcirco
1200 2551 1400 2614 clementissi-

61 2693 64 2702 *
156 2677 245 2728 mum
269 2655 328 2718 Dei
352 2653 479 2719 Verbum
501 2652 619 2714 volente
640 2652 729 2714 Patre
751 2662 878 2714 creatam
901 2671 1020 2714 carnem
1042 2651 1148 2724 induit,
1172 2659 1313 2732 utquam
1335 2651 1401 2732 pri·

157 2778 231 2824 mus
256 2759 354 2820 bomo
376 2755 483 2816 violata
503 2753 569 2833 iege
590 2763 687 2816 morte
717 2756 869 2825 affecerat,
900 2753 995 2816 eidem
1025 2753 1072 2815 sui
1099 2752 1234 2834 corporis
1258 2754 1402 2833 sunguine

125 2861 258 2928 ,sitam
282 2853 433 2928 redderet,
455 2855 599 2936 uobisque
622 2859 701 2916 oium
724 2873 834 2918 nouum
857 2864 885 2918 et
907 2859 1055 2918 uiuentem
1073 2873 1133 2936 per
1148 2855 1292 2928 velamen,
1314 2861 1349 2916 ut
1362 2853 1403 2916 ait

160 2953 353 3040 Apostolus,
383 2955 478 3018 itt-eet
502 2970 562 3034 per
585 2973 707 3017 carnem
729 2974 815 3018 suum
837 2959 1008 3018 inuocaret.
1053 2953 1141 3026 Quod
1162 2955 1241 3018 idem
1262 2953 1331 3018 alibi
1353 2953 1401 3018 bis

161 3057 270 3122 uerbis
295 3053 458 3142 siguificat:
482 3053 517 3118 Si
537 3073 597 3137 pun
618 3059 652 3116 in
669 3056 787 3120 Christo
802 3075 883 3120 nouo
900 3067 1052 3128 creatura,
1075 3065 1180 3118 octeru
1195 3058 1399 3128 transierunt,

163 3179 234 3226 ecte
257 3159 363 3220 omniu
385 3173 465 3222 novo
485 3157 572 3238 secta
593 3168 676 3220 sunt.
720 3156 751 3218 Si
773 3175 865 3237 porro
887 3173 962 3218 nota
986 3163 1120 3218 creatura
1140 3157 1216 3220 tacta
1238 3164 1299 3230 est,
1329 3171 1402 3218 sene

163 3265 246 3328 inter
269 3276 366 3322 novas
388 3258 442 3320 bas
464 3277 514 3322 res
538 3266 652 3322 creatas
667 3257 796 3338 primum
812 3257 938 3339 aliquem
954 3277 1023 3320 esse
1038 3257 1186 3338 oportuit3
1207 3257 1287 3338 atqui
1302 3273 1403 3318 merus

165 3366 260 3428 bomo
285 3367 316 3422 et
339 3360 543 3430 tautummodo
566 3361 736 3434 terrestris,
765 3359 866 3440 quates
888 3377 945 3422 nos
966 3367 1038 3440 post
1058 3358 1195 3422 violatam
1217 3358 1312 3438 legem
1335 3355 1402 3418 tacti

96 3499 101 3508 ¹
203 3531 224 3566 c.
243 3513 347 3576 Segoar.
362 3503 565 3562 ἀκουσάτωσαν.
601 3513 646 3566 tttt
665 3521 688 3564 et
706 3513 763 3563 editi
815 3503 958 3578 ἆνοόομεν.
989 3511 1080 3562 {bidem
1099 3513 1155 3574 neg.
1173 3503 1403 3576 nascentum.

17 3629 19 3640 ,
103 3606 108 3625 .
169 3573 358 3632 mucor.
814 3581 920 3631 Fetebm.
939 3581 964 3630 5.
982 3591 1049 3630 nort
1066 3573 1150 3646 ripaeis.

18 3628 72 3683 im
92 3632 159 3702 W‘.
204 3651 228 3698 d.
247 3639 336 3697 αότόν
359 3645 428 3696 abest
451 3662 463 3695 ε
489 3647 593 3697 Fctcbm.
611 3647 635 3698 t.
670 3647 762 3698 ibidem
847 3649 864 3698 t.
889 3647 1033 3714 Feicbm25.
1051 3649 1117 3698 addit
1135 3639 1358 3714 οόοτορεοόμενοι
1375 3635 1405 3694 ἐν

172 3715 277 3788 *aicbm
293 3715 318 3766 2.
337 3723 362 3766 et
380 3713 437 3774 editt
455 3712 503 3772 τῆς
519 3708 548 3762 δὲ
565 3709 678 3768 κτίσεως
688 3728 763 3780 προο-
813 3713 891 3781 νομῷ
907 3709 1012 3784 tropico,
1032 3715 1195 3780 quaedamst
1212 3715 1235 3765 iu
1253 3715 1340 3765 stiunt
1352 3713 1404 3762 edi-

214 3792 292 3837 ἐτός.
314 3783 397 3834 Ceteri
410 3795 468 3830 mss.
479 3782 566 3831 babent
577 3773 762 3846 πρωτότοκον,
814 3785 879 3833 tione
898 3783 1016 3834 Commet.
1051 3782 1143 3834 ibidem
1161 3781 1259 3833 Gobier.
1278 3791 1302 3831 et
1319 3781 1404 3830 Feicb-

64 3831 86 3883 ⁴,
104 3833 164 3886 Μ·
223 3844 375 3902 {desiliens
394 3845 684 3899 concrescerent.
710 3849 763 3898 tior
816 3850 896 3900 manni
916 3851 937 3899 1.
963 3851 1076 3901 omittunt
1099 3839 1143 3898 ότι
1166 3841 1246 3898 αὐτοὶ
1268 3841 1405 3897 τὸνθεόν

17 3893 34 3954 3⁹
53 3897 86 3947 ¹9·
136 3903 161 3964 8)
226 3913 278 3973 tm.
297 3918 322 3968 2.
341 3927 366 3970 et
384 3917 458 3966 editio
472 3915 588 3968 Commri.
606 3907 659 3979 ἐγω
678 3908 763 3982 εἷμτό
817 3907 943 3994 ὄψονται.
991 3917 1017 3968 Ιιι
1044 3917 1148 3970 Fetcttm.
1167 3918 1191 3970 d.
1218 3918 1287 3968 deest
1312 3924 1404 3968 tentum

224 3992 254 4040 tr
276 4001 321 4050 pro
347 3977 404 4050 ἒγιό
427 3973 484 4052 ripe
507 3976 522 4042 ἡ
548 3973 612 4035 όόόε
635 3990 660 4032 ut
677 3983 767 4032 hebent
815 3996 866 4034 τον
882 3977 958 4033 θεόν.

225 4065 292 4115 ,tuse
329 4054 422 4104 ibidem
446 4053 545 4115 Segncr.
568 4041 767 4116 μεταλαβόντες
850 4065 874 4112 g.
898 4052 995 4102 Gobier.
1021 4057 1045 4100 et
1067 4051 1172 4102 Feiebm.
1193 4051 1215 4102 t.
1233 4051 1346 4102 omittunt
1369 4041 1406 4102 ὡς

17 4143 32 4178 t.
66 4135 109 4187 pp,-
124 4149 147 4192 θ’
238 4114 411 4188 τοῦπατρὸς
434 4127 480 4171 ete.
508 4118 606 4171 Gobier.
624 4116 766 4168 tetrumt.
816 4107 922 4182 ripum
939 4109 954 4166 ό
972 4109 1131 4172 ἀπόστολος.
1166 4119 1218 4170 iios
1236 4119 1299 4168 idem
1318 4125 1342 4167 et
1359 4119 1425 4168 Su.

213 4197 235 4245 ο.
252 4181 452 4252 μεταλαβόντες
466 4183 513 4248 τῆς
524 4181 588 4252 περὶ
599 4183 650 4234 τοῦ
662 4175 767 4250 πατρότ
818 4201 885 4248 guer.
904 4185 993 4236 babent
1009 4181 1136 4237 τοοιόστο
1151 4177 1324 4252 τῆςόαραότ.

17 4263 82 4328 »τήν
98 4281 139 4324 010,
211 4269 241 4330 t·⁸
262 4255 323 4332 Editi
347 4263 371 4306 et
394 4255 434 4334 aiii
459 4248 657 4334 μεταλαβόντες
673 4265 703 4303 τε
719 4249 768 4313 rtis
839 4251 874 4330 ⁸h.
892 4252 933 4330 Sic
950 4267 1008 4304 met.
1043 4255 1071 4333 dt
1089 4255 1145 4306 editi
1162 4247 1322 4331 natatem.
1352 4248 1405 4298 ttox

20 4339 136 4461 ,¹32ssth
233 4322 767 4451 ttttss‘tttttbitttttd·itt‘t:
816 4321 1195 4449 iitiiiitiiii'iw'
1231 4314 1405 4372 numm.

31 4468 134 4537 bitur
