3220 5046
570 263 1005 316 ommoncorermrmsoo.
1337 259 1400 322 tto

175 423 263 505 aptati
293 431 324 486 et
351 419 480 500 colligati
509 417 656 482 invirum
677 422 841 500 pertenue
868 439 1074 496 occurremus,
1107 423 1351 505 immerteieeque
1372 433 1485 486 etrsce

174 525 338 606 incorrupti
360 539 544 586 maneamus.
1560 531 1564 542 ’

262 630 312 692 td.
356 625 451 688 Nemo
485 640 555 684 vero
587 621 637 682 his
670 622 758 720 etiem
785 623 925 704 loquendi
953 626 1050 690 modis
1077 627 1287 690 conturhctur:
1324 632 1401 692 dcte

174 747 282 792 oenum
304 735 334 788 ct
351 730 533 808 priusquam
561 734 678 788 terrum
704 727 820 804 feruet
841 736 871 788 et
892 739 1051 810 ootepeooe
1070 743 1188 796 mosten
1209 729 1400 794 comcom-

175 841 239 895 ων.
284 827 373 890 Recte
408 826 487 888 enim
520 826 577 886 ista
613 825 768 888 coniunxit
802 845 870 888 cnm
905 829 1005 890 verbis
1036 831 1179 908 foedauit
1211 839 1242 894 et
1274 837 1397 896 crased.

174 927 308 1010 Namque
329 929 402 990 haec
417 928 482 990 eius
497 925 663 989 secuudum
685 925 804 990 carnem
827 927 1079 1008 dispensationem
1102 927 1247 1010 speciant.
1281 933 1399 996 Etenim

176 1031 286 1113 gratie,
307 1049 382 1110 quoe
404 1027 492 1092 nohis
513 1047 530 1090 a
552 1028 704 1090 Seitatore
725 1029 834 1092 domu
856 1039 918 1104 est,
941 1031 1031 1092 modd
1053 1030 1172 1109 quidem
1193 1034 1342 1111 apperuit,
1366 1043 1399 1097 ut

176 1133 217 1196 eit
237 1131 417 1213 Apostolus,
440 1139 601 1210 exortaque
624 1138 671 1192 est
691 1139 850 1211 postquem
871 1130 937 1212 ipse
958 1130 1091 1206 advenit,
1119 1144 1398 1216 rerumssaetequsn

175 1251 233 1297 noe
254 1249 455 1304 nasceremur,
478 1231 523 1292 vei
543 1231 647 1311 potius
669 1241 737 1294 ante
754 1233 860 1295 mundi
881 1231 1125 1296 constitutionem
1147 1235 1398 1312 praeparantur,

175 1338 260 1400 cuins
281 1335 355 1398 heec
376 1351 464 1396 cause
487 1341 517 1394 et
537 1339 619 1396 recte
640 1341 688 1395 est
708 1341 739 1395 et
759 1333 940 1398 admirande.
976 1335 1070 1396 Deum
1085 1333 1122 1396 dc
1137 1333 1226 1396 nohis
1248 1335 1484 1414 posterinsma.

175 1437 339 1500 deiiherere
361 1433 482 1496 minime
504 1433 641 1509 decebat,
670 1453 709 1496 ne
736 1453 785 1498 res
808 1443 928 1497 nostras
948 1436 1087 1516 ignorare
1108 1435 1269 1500 rideretur.
1314 1436 1399 1510 Quo-

175 1539 252 1602 circa
274 1553 418 1628 cremnos
439 1553 541 1598 rernm
562 1535 768 1598 universarum
782 1535 862 1599 Deus
884 1555 939 1616 per
956 1539 1109 1618 proprium
1125 1538 1254 1600 Verbum
1275 1548 1399 1613 urcem,

176 1647 207 1702 et
227 1659 278 1713 ea,
301 1655 375 1716 quiec
396 1637 432 1698 ed
454 1655 510 1699 uos
533 1637 691 1717 pertinent,
715 1655 805 1717 supra
827 1655 885 1700 uos
906 1641 1108 1718 prospiceret,
1130 1649 1400 1720 praenoscerctque

97 1747 104 1763 “
173 1755 248 1814 noe,
269 1747 427 1820 postquem
449 1736 519 1798 honi
541 1737 610 1800 iacti
632 1739 807 1813 fuissemus,
837 1740 933 1820 legem
954 1739 1116 1802 violateuos
1138 1747 1227 1820 etque
1249 1740 1399 1803 idcircoe
1499 1797 1503 1808 .

172 1841 312 1922 paradiso
333 1837 539 1920 expellendos3
561 1839 620 1914 iiie,
643 1840 694 1920 qui
714 1841 917 1922 perhumanus
939 1851 969 1903 et
982 1840 1128 1920 henipuus
1150 1849 1206 1914 cst,
1229 1842 1397 1924 inproprie

173 1941 280 2016 Verbo,
302 1959 357 2022 per
378 1940 458 2020 quod
480 1959 536 2002 uos
558 1943 677 2016 creavit,
699 1951 821 2005 nostrae
837 1943 941 2006 scintis
959 1943 1213 2024 dispensationem
1236 1961 1396 2024 praepera-

172 2043 229 2118 vit,
250 2053 284 2105 ut
304 2041 454 2114 videlicet,
486 2043 602 2105 etiamsi
625 2043 810 2123 contingeret
831 2053 864 2106 ut
884 2064 901 2106 e
922 2044 1072 2106 Deemone
1094 2045 1285 2108 circumventi
1307 2045 1396 2108 eede-

171 2163 282 2219 remus,
305 2162 343 2206 ne
363 2145 473 2206 mortui
494 2145 613 2224 penitus
635 2163 874 2219 remuneremus,
897 2147 950 2208 sed
972 2154 1005 2206 ut
1026 2145 1241 2208 redemtionem
1263 2151 1294 2206 et
1315 2145 1397 2207 edu-

171 2255 231 2308 tem
246 2246 276 2307 iu
292 2245 389 2307 Verho
412 2245 500 2306 nohis
521 2253 706 2325 preparatam
728 2245 872 2308 hahentes
894 2246 1138 2307 revivisceremus
1162 2255 1191 2306 et
1212 2243 1396 2307 inmortales

170 2363 324 2420 essemus,
352 2355 510 2425 postquam
533 2346 676 2426 ipsepro
699 2345 786 2409 nohis
808 2345 985 2426 principium
1007 2345 1121 2408 viarum
1144 2353 1191 2407 est
1211 2353 1346 2418 erectus,
1369 2355 1400 2408 et

172 2448 222 2528 qui
244 2453 396 2509 creaturae
416 2445 631 2525 primogenitus
661 2455 722 2521 est,
756 2448 878 2508 hatrttm
907 2447 1002 2509 iactus
1031 2446 1086 2510 tuit
1106 2445 1339 2527 primogenitus,
1368 2457 1400 2508 et

172 2550 236 2630 ipse
257 2557 445 2610 mortuorum
466 2547 614 2628 primitiae
636 2549 751 2612 revixit,
795 2549 875 2612 hinec
901 2549 965 2628 ipsa
988 2557 1035 2612 eet
1055 2548 1134 2612 heeti
1155 2545 1290 2630 Apostoli
1311 2547 1396 2612 Penii

171 2651 318 2724 docmina,
348 2649 397 2729 qui
425 2649 474 2712 itio
495 2650 725 2714 Proverhiorum
746 2651 836 2714 ocche
856 2665 928 2718 arcte
949 2669 1057 2714 oenum
1079 2658 1109 2712 et
1130 2663 1290 2733 nntepnots
1311 2661 1398 2714 terro

169 2753 259 2834 fieret
279 2753 318 2816 ite
339 2749 478 2832 Epistoit
495 2753 533 2814 ad
562 2751 752 2816 Timotheum
781 2753 1005 2834 interpretetur:
1040 2751 1202 2817 collatore
1230 2751 1396 2833 Bconpeie'o

170 2856 332 2916 sennodum
359 2853 416 2915 Dei
447 2859 606 2926 virtutem,
640 2861 693 2934 qui
718 2853 821 2917 solvor
850 2873 906 2916 noe
933 2855 1006 2932 fecit
1034 2843 1071 2915 et'
1091 2858 1209 2916 uocauit
1238 2858 1397 2916 oocntietre

171 2963 286 3024 senno,
310 2969 372 3014 sort
393 2954 556 3014 secundum
579 2971 673 3034 opero
695 2965 814 3023 contro,
837 2955 890 3016 sed
909 2955 1073 3016 secondum
1092 2957 1259 3034 proprium
1277 2971 1395 3034 propo-

171 3059 263 3116 situm
284 3063 313 3115 et
333 3057 480 3132 pretium,
509 3069 584 3136 quoe
612 3056 698 3116 nohis
728 3055 800 3116 doto
822 3065 867 3117 cet
887 3057 919 3116 iu
943 3053 1064 3116 Christo
1087 3053 1157 3115 leon
1179 3061 1250 3114 ente
1272 3065 1398 3116 ueterano

171 3165 325 3236 ternpore,
359 3163 387 3217 et
413 3173 496 3218 neec
528 3157 673 3235 apperuit
703 3173 761 3236 per
792 3157 954 3218 educentem
986 3151 1161 3216 Soioototr‘e
1193 3151 1437 3234 costodiens„

171 3255 299 3329 Girr'ets‘,
329 3261 529 3338 postmortem
552 3255 667 3337 perdere
689 3257 857 3328 destertuit,
884 3261 979 3319 odom
1001 3263 1101 3316 cutem
1121 3253 1317 3316 tiioma'ooott.
1360 3253 1399 3314 Et

169 3358 205 3419 ed
226 3353 392 3438 Ephesios:
429 3355 610 3432 Benedictus
632 3357 716 3421 Beue
739 3370 769 3422 et
790 3357 884 3422 Peter
905 3358 1031 3421 Domiti
1049 3359 1153 3418 nostri
1173 3353 1246 3417 iesu
1274 3355 1396 3426 Christi,

168 3463 221 3541 pne·
242 3461 393 3522 iumdthit
420 3459 508 3522 nodis
537 3462 569 3521 ie
598 3464 682 3522 omni
707 3460 909 3524 benedictione
931 3457 1092 3540 spirituali
1110 3463 1143 3520 tn
1165 3456 1342 3520 metendos
1363 3459 1398 3520 ie

170 3559 290 3624 titiam
312 3559 392 3632 Iesu,
418 3565 496 3624 stem
518 3559 606 3641 etepit
626 3579 683 3625 noe
704 3565 737 3624 in
759 3565 824 3642 r'pm
847 3571 917 3624 oete
937 3559 1044 3622 scendi
1061 3563 1339 3629 coeettstntiooem,
1360 3569 1397 3622 ut
1445 3591 1448 3599 =

200 3813 222 3863 d.
242 3810 346 3863 ielchm.
366 3810 389 3862 5.
408 3804 439 3861 lv
456 3815 551 3864 omittit.
585 3815 636 3864 iios
654 3817 755 3877 sepner.
804 3807 930 3880 μηνεύων
953 3807 1023 3878 φησὶ
1047 3811 1181 3881 Τιμοθεῷ.
1219 3814 1306 3874 iiegine
1324 3805 1396 3878 φησὶ

166 3881 222 3942 hee.
242 3881 340 3932 Gohier.
356 3881 462 3932 nomn
482 3882 503 3930 1.
523 3889 546 3932 et
563 3882 586 3932 4.
605 3875 685 3947 ἡμᾶς,
705 3877 755 3942 sip·
805 3875 875 3947 πρὸς
893 3875 942 3929 τὸν
960 3873 1105 3948 Τιμόθεον.

165 3939 756 4086 titit’iiu‘t'ttdedititiis}
802 3949 932 4082 {s‘iiy‘i'
943 3949 1129 4076 {iiiiii
1149 3939 1308 4079 diffidit?
1320 3942 1419 4065 iili

74 4095 87 4122 ο
166 4077 244 4149 ἡμῶν
261 4031 426 4151 οἷκονομςιίας.
462 4084 521 4134 ihid.
541 4085 639 4146 Sepuer.
657 4084 755 4136 Gobier.
807 4083 905 4144 Segner.
930 4031 1031 4136 cefisos
1052 4085 1155 4136 Feicim.
1177 4085 1198 4135 i.
1217 4093 1240 4135 et
1257 4085 1281 4134 4.
1306 4085 1396 4136 heheut

165 4143 596 4212 retain.t.ett.duen1ntncr
612 4146 687 4220 παρὰ
706 4151 756 4200 τοῦ
808 4143 917 4200 oteetw.
955 4152 1054 4214 Sepuer.
1078 4160 1205 4232 praetereo
1229 4145 1280 4212 τὴν
1297 4153 1394 4202 omittit.

166 4209 264 4298 ξφεως.
291 4219 445 4272 Editieteiii
463 4212 649 4280 ἂπατηθένῐες
664 4213 755 4270 tacet
805 4224 807 4230 '
839 4233 862 4281 e.
881 4221 908 4269 iu
931 4221 1031 4282 Sepuer.
1057 4234 1108 4281 την
1130 4222 1201 4272 deest
1217 4229 1242 4270 et
1259 4221 1282 4269 io
1301 4221 1393 4270 Graeco

166 4299 265 4352 opene-
806 4286 946 4351 Scriptores
965 4296 1036 4338 tento.

200 4367 220 4402 c.
239 4354 336 4406 Gohier.
356 4365 380 4404 et
397 4357 550 4407 Feictmauni
569 4353 592 4406 i.
609 4347 754 4407 omittostd
828 4355 862 4424 h.
878 4345 967 4414 Ἰησοῦ
984 4357 1053 4407 chent
1070 4372 1083 4406 a
1102 4357 1202 4417 Secum.
1219 4364 1245 4404 et
1260 4353 1394 4414 Scriptum.

162 4413 300 4486 temdum?
322 4412 481 4478 hinccine.
516 4425 592 4476 iidem
612 4439 665 4474 mon
684 4418 754 4492 deep-
805 4420 857 4472 iiox
875 4421 1084 4485 Sescentiohier.
1104 4421 1208 4473 Feieim.
1229 4417 1319 4469 heti.
1338 4429 1393 4466 cum

806 4489 931 4554 Scriptura
949 4483 979 4540 ir
996 4482 1079 4556 eieci.
1114 4489 1177 4539 iiditi
1194 4497 1218 4540 et
1235 4486 1275 4536 aiii
1293 4479 1391 4550 twcp.
