3176 5058
477 299 622 342 sersroua
635 297 674 342 ns
689 297 855 344 sunnon
869 299 1013 344 nronrsrr.
1296 291 1356 353 1⁰3

132 453 239 534 detque
260 450 304 514 rei
327 447 510 524 auctoribus,
533 457 567 510 ut
587 467 605 510 a
626 449 723 530 pravis
746 449 939 530 opinionibus
961 449 1115 516 desistant.
1161 453 1278 526 Quibus
1299 456 1444 518 minae

130 555 210 644 nime
232 550 449 616 desistentibus
471 550 532 612 imo
554 549 754 630 impudentius
776 552 807 613 in
829 551 980 632 impietate
1002 555 1280 634 perseverantibus,
1304 575 1360 618 ue-

130 655 269 718 cessitate
301 653 408 734 pulsus
442 659 505 724 cst,
538 670 641 714 eorum
669 653 880 732 impudentiam
908 653 963 716 hec
988 673 1042 718 sua
1070 655 1196 736 epistola
1219 675 1362 721 coercere

128 757 317 834 humanoque
347 751 510 814 Salvatoris
540 769 576 812 ex
606 751 772 830 Evangeliis
801 772 965 831 exponere,
995 763 1120 820 utrum
1146 758 1289 820 audacius
1316 759 1361 822 illi

127 857 236 918 Filium
266 861 410 931 negarent
437 861 467 913 et
494 851 624 914 humana
652 853 717 913 eius
738 852 818 914 Patri
845 853 1062 928 adscriberent,
1091 859 1252 922 ostendeus
1280 861 1359 942 ipse,

131 973 193 1018 uon
221 955 341 1016 Patrem
373 951 427 1015 sed
455 951 561 1014 Filium
590 971 646 1035 pro
675 951 765 1014 nobis
792 953 946 1016 hominem
967 956 1073 1018 laetum
1095 977 1176 1034 esse,
1210 961 1357 1042 inperitis

131 1056 191 1118 illis
219 1055 428 1133 persuaderet,
456 1054 574 1116 Patrem
602 1073 663 1116 uon
690 1073 759 1116 esse
780 1053 906 1128 Filium,
935 1073 1032 1134 eoque
1059 1067 1142 1135 pacto
1162 1061 1299 1126 homines
1320 1063 1359 1126 sd

131 1175 233 1220 reram
255 1155 320 1216 Filii
348 1153 488 1218 deitatem
517 1154 692 1218 credendam
721 1165 750 1218 et
771 1155 809 1218 ad
830 1155 929 1218 Patris
952 1155 1152 1236 coguitionem
1173 1164 1286 1224 sensim
1305 1181 1443 1226 re-e.nr.

132 1259 266 1320 duceret.
310 1256 375 1318 lloc
400 1265 447 1320 est
475 1256 618 1336 epistolae
645 1263 868 1336 argumentum,
902 1256 977 1318 baec
1003 1257 1067 1319 viro
1096 1277 1185 1322 causa
1212 1261 1267 1322 luit
1294 1263 1361 1326 utta
1422 1329 1429 1339 ,

134 1357 300 1428 scribendi,
329 1375 431 1420 eorum
455 1375 562 1438 nempe
583 1357 756 1432 occasione,
784 1356 835 1438 qui
859 1367 918 1420 tarn
941 1357 1131 1438 impudenter
1151 1361 1290 1424 rolebaut
1309 1381 1363 1424 re-

134 1479 197 1522 rum
219 1459 374 1521 immutare
395 1457 494 1520 fidem.

215 1765 245 1826 6.
290 1761 368 1834 Quid
390 1761 480 1842 igitur
502 1759 703 1822 similitudinis
726 1759 836 1822 habeut
850 1761 910 1822 urit
933 1761 1067 1824 haeresis
1086 1774 1116 1826 et
1139 1763 1272 1844 Dionysii
1287 1783 1361 1828 sen-

132 1861 249 1926 tentia?
281 1862 326 1923 rel
359 1882 449 1944 qnare
478 1861 640 1941 Dionysius
669 1869 702 1922 ut
731 1861 819 1924 brius
852 1861 973 1938 citahrr,
1005 1871 1083 1926 unta
1115 1885 1184 1928 cum
1211 1867 1252 1928 sit
1283 1865 1362 1930 inter

132 1973 291 2044 utrumque
319 1961 539 2044 discrepantia?
592 1961 644 2024 llle
679 1979 805 2042 numque
839 1963 1006 2028 Catholicae
1037 1965 1186 2030 Ecclesiae
1217 1969 1362 2048 magister

132 2075 189 2140 est,
211 2065 260 2126 hic
280 2083 374 2126 neree
395 2064 531 2130 haeresis
552 2063 690 2126 inventor
711 2064 815 2127 extitit.
860 2065 945 2126 Certe
967 2067 1056 2129 Arius
1078 2087 1184 2147 prorae
1207 2087 1279 2130 suae
1301 2068 1359 2130 do-

129 2167 242 2232 ctrinae
264 2165 455 2246 exponendae
479 2183 567 2228 cause
589 2164 722 2226 Thaliam
750 2165 929 2246 conseripsit
955 2167 1133 2230 effeminatis
1162 2187 1198 2230 ae
1225 2168 1360 2248 ridiculis

126 2269 245 2354 modis,
277 2267 450 2348 Aegyptium
479 2285 587 2347 nempe
608 2266 748 2328 Sotedem
770 2266 910 2328 imitatus.
954 2267 992 2330 At
1013 2267 1172 2348 Dionysius
1195 2269 1267 2330 alios
1289 2268 1359 2348 qui-

128 2372 199 2434 dem
221 2368 342 2447 scripsit
363 2369 517 2448 epistolas,
539 2368 593 2430 sed
614 2367 722 2446 quihus
744 2365 868 2428 iniectas
892 2367 1080 2446 suspiciones
1099 2369 1220 2440 leuaret,
1242 2387 1276 2430 ac
1290 2387 1360 2430 euru

130 2479 213 2532 recte
234 2468 346 2530 sentire
368 2477 551 2548 compertum
573 2477 629 2532 est.
673 2467 732 2542 Qui
761 2467 786 2530 si
815 2485 918 2528 secum
939 2466 969 2528 in
993 2467 1113 2547 seriptis
1136 2467 1200 2530 suis
1221 2468 1358 2544 dissidet,

135 2588 174 2632 ue
196 2569 313 2631 trahant
341 2587 407 2632 eum
435 2570 472 2631 sd
500 2569 547 2632 sui
569 2570 769 2642 consortium,
803 2587 901 2647 neque
934 2569 1012 2630 euim
1044 2569 1098 2630 hnc
1129 2569 1160 2630 in
1188 2579 1273 2649 parte
1299 2569 1358 2632 lide

131 2671 240 2751 dignus
262 2671 327 2736 erit
372 2671 424 2734 Sin
454 2691 520 2734 cum
548 2671 721 2752 scripsisset
748 2670 784 2732 ad
806 2669 994 2730 hinniculum
1027 2669 1180 2749 epistolam
1202 2670 1232 2732 in
1255 2669 1385 2750 suspi-·

132 2771 306 2851 cionemque
334 2774 479 2848 venisset,
508 2773 615 2835 deinde
641 2773 721 2834 illius
750 2771 889 2832 levandae
911 2789 1001 2832 causa
1022 2790 1089 2832 sese
1111 2771 1294 2850 purgaverit,
1324 2789 1359 2832 ac

132 2882 204 2949 post
223 2872 425 2934 defensionem
447 2874 623 2934 senteutiam
646 2891 707 2934 nou
729 2873 864 2945 mourit,
891 2871 987 2952 palam
1008 2881 1056 2934 est
1076 2871 1173 2948 illum,
1205 2891 1280 2950 quac
1303 2889 1358 2932 su-

136 2979 237 3050 specta
259 2973 353 3044 luere,
374 2989 428 3050 per
449 2972 595 3051 quendam
617 2971 870 3049 dispensationem
892 2973 1126 3052 conscripsisse;
1154 2972 1262 3052 scripta
1285 2989 1358 3033 vero

136 3087 172 3132 ac
194 3077 294 3148 gesta,
317 3087 392 3149 quae
414 3071 448 3132 ed
476 3071 664 3151 negotiorum
686 3071 831 3132 rationem
853 3081 923 3134 sunt
944 3073 1129 3154 dispensata,
1158 3092 1219 3134 non
1241 3079 1361 3152 oportet

81 3163 86 3172 ’
134 3171 264 3250 maligne
285 3171 483 3252 interpretari,
506 3181 556 3234 aut
577 3172 614 3234 nd
635 3190 719 3236 suam
741 3190 886 3252 quemque
900 3171 1049 3236 libidinem
1064 3174 1251 3252 detorquere.
1284 3173 1359 3234 Nam

132 3272 267 3334 medicus
288 3273 463 3354 plerumque
485 3293 519 3336 es
541 3272 691 3346 remedia,
714 3291 789 3352 quse
810 3271 956 3352 aliquibus
977 3291 1105 3354 congrua
1127 3293 1188 3334 non
1210 3271 1357 3344 ridentur,

133 3373 309 3454 quibusdam
334 3375 513 3450 rubuerihus,
537 3383 570 3438 ut
591 3381 822 3438 consentancum
838 3393 907 3437 esse
927 3375 1021 3448 norit,
1043 3373 1172 3448 adhibet,
1194 3391 1254 3436 uon
1270 3371 1359 3434 alium

132 3493 222 3554 quam
245 3477 364 3540 ernaudi
385 3495 509 3558 scopum
531 3476 656 3540 hebens.
692 3475 852 3539 Prudentis
867 3475 968 3538 itidem
985 3475 1187 3556 praeceptoris
1210 3481 1267 3548 est,
1290 3490 1357 3534 om-

130 3576 182 3638 nia
204 3576 242 3637 ad
264 3576 474 3658 discipulorum
496 3578 647 3657 ingenium
669 3587 834 3658 temperare
850 3575 1026 3656 docereque,
1049 3575 1145 3638 donee
1159 3595 1212 3638 eos
1234 3573 1273 3638 ad
1286 3591 1357 3654 per-

129 3677 271 3740 feetionis
295 3678 369 3740 riam
391 3679 562 3742 traduxerit.

217 3783 247 3844 7.
294 3780 382 3852 Quod
405 3780 430 3841 si
453 3799 489 3841 ec
511 3779 607 3842 solum
629 3779 749 3842 nomine
770 3779 873 3841 besue
895 3779 1057 3842 memoriae
1079 3777 1173 3841 viruur
1196 3776 1357 3838 criminun-

126 3967 236 4018 l'elclrm.
258 3979 318 4014 vero
338 3963 362 4014 3.
380 3979 453 4014 soon.
479 3955 584 4032 ἔγραψε
601 3959 663 4013 λίαν
679 3957 719 4013 lx·
805 3965 829 4015 b.
848 3963 929 4016 l'elel.
949 3963 973 4016 ³.
991 3979 1063 4014 soon.
1079 3957 1232 4030 Ἄμμωνᾶν.
1304 3965 1309 3980 ·

124 4029 327 4100 rreqtoptroe
342 4025 387 4078 καὶ
403 4026 520 4096 γελοίοις
536 4025 641 4082 ἄνθεσι»
672 4027 718 4096 [llo
806 4032 822 4082 i.
847 4031 915 4082 Colh.
947 4041 971 4082 et
994 4033 1032 4082 l'r.
1051 4033 1068 4080 l.
1099 4027 1208 4096 eptam
1234 4021 1357 4086 ἕκαστον.

124 4117 152 4152 re
169 4104 208 4154 rd.
228 4115 309 4168 sopra
328 4099 404 4164 μθ.
424 4115 447 4150 u.
466 4096 504 4165 b]
771 4099 832 4148 llos.
843 4099 922 4150 Felclr.
935 4098 959 4150 3.
978 4114 1050 4150 soon.
1065 4091 1199 4147 dorcasino
1216 4085 1288 4148 eloai
1301 4115 1358 4152 reos

158 4185 183 4234 g.
209 4171 269 4234 lteg.
304 4176 327 4218 et
357 4167 414 4216 edit.
440 4159 718 4225 commentorem.
771 4155 941 4226 &carmelo
959 4167 1043 4216 ecdem
1061 4167 1159 4218 omnino
1177 4170 1304 4220 renuntio.

122 4237 169 4288 stit
193 4253 249 4288 eom
290 4235 346 4286 edit.
372 4225 615 4292 recrescentem.
658 4233 718 4284 lbid.
806 4235 887 4284 hSie
904 4233 962 4296 lleg.
981 4233 1077 4286 laurio.
1096 4235 1166 4286 Cnlb.
1185 4235 1232 4288 lec·
1250 4237 1355 4290 retum.

123 4305 203 4384 ljelch
230 4305 255 4356 ³.
289 4317 362 4352 anon.
391 4293 405 4349 d
428 4295 482 4367 μέν
506 4313 551 4350 τοι
576 4291 721 4378 ᾼωνῦσιος
773 4299 797 4350 3.
815 4315 886 4350 enon.
922 4301 983 4352 Edlti
1003 4301 1082 4354 minos
1100 4311 1166 4382 geete
1182 4295 1357 4382 brmbgqaew,

124 4364 422 4556 {lh‘tt‘nl'lll
436 4367 722 4498 lllllllttillb
773 4367 927 4552 ἓῗῖίὲῖξίἷέ·
941 4361 1199 4554 rizizlifiglibi
1213 4383 1357 4502 ’γ’ὲῗῖἕὲἓῗ

152 4523 169 4556 ν
838 4511 1121 4554 rcecrteoern.
