3014 5050
453 245 700 292 srrsroosruso
716 247 913 292 seuarrossu.
1218 239 1279 302 tte

40 396 312 460 consubstantialis
336 414 404 458 esse
433 395 598 470 videretur,
628 417 662 462 ea
684 415 792 479 nempe
812 399 941 476 babens,
973 418 1047 481 quae
1075 402 1141 464 illae
1169 403 1366 468 haberemur.

38 507 187 578 possent.

133 604 166 666 6.
210 599 260 662 Sic
281 607 380 662 autem
402 598 490 662 etiam
512 599 635 662 refutari
655 607 756 680 potest
777 619 881 664 eorum
902 603 1057 684 impietas,
1080 605 1130 684 qrri
1152 605 1206 668 Dei
1227 606 1278 668 Fi-

39 703 120 764 lium
143 721 208 764 rem
230 697 358 764 creatam
380 719 450 763 csse
470 708 612 781 pugnant.
656 701 769 782 Nempe
796 703 869 765 tides
898 713 1001 768 nostra
1031 707 1127 770 estin
1150 707 1279 783 Patrem,
1330 703 1338 710 ”

39 803 157 866 Filium
180 809 210 864 et
231 801 377 882 Spiritum
398 810 551 875 sanetum,
578 801 646 882 ipso
668 801 744 864 Filio
767 803 804 864 ad
825 805 977 884 apostolos
1006 807 1137 870 dicente:
1164 809 1280 874 Bootes

42 907 151 968 docete
174 894 275 968 omues
296 914 410 985 peotes,
434 903 625 984 baptizantes
647 921 700 968 eor
722 908 755 966 iu
776 907 895 968 omnies
910 905 1014 970 Putria
1037 920 1066 972 et
1081 909 1152 972 retu
1165 921 1194 974 et
1209 895 1281 992 Spi-

42 1009 130 1070 ritus
155 1009 264 1069 sancti.
310 1005 426 1078 Quibus
449 1023 522 1068 sane
544 1005 642 1068 verbis
667 1024 740 1069 usus
763 1013 818 1080 est,
840 1014 873 1068 ut
895 1025 930 1068 ex
953 1006 1011 1082 bis,
1034 1026 1109 1087 quae
1130 1011 1279 1088 novimus,

44 1124 96 1181 ea,
121 1125 199 1187 quae
220 1107 297 1168 dicta
319 1114 406 1179 sunt,
434 1105 677 1186 intelligeremus.
723 1107 980 1179 Quemadmodum
1002 1126 1074 1188 ergo
1095 1118 1196 1190 patres
1218 1131 1280 1176 nen

42 1209 173 1287 opifices
196 1209 251 1272 sed
278 1207 430 1287 genitores
452 1207 648 1288 appellamus,
683 1226 717 1272 ec
743 1206 871 1288 proinde
897 1227 985 1270 nemo
1014 1227 1072 1272 uos
1100 1229 1117 1272 a
1145 1213 1280 1294 patribus
1318 1283 1324 1298 .

42 1319 184 1381 creatos,
209 1310 263 1372 sed
284 1318 401 1388 patrum
423 1328 492 1372 esse
515 1311 619 1372 natura
641 1309 720 1372 lilios
743 1317 773 1372 et
795 1309 1064 1372 consubstantiales
1087 1311 1186 1374 dicere
1204 1330 1280 1392 pos·

42 1410 102 1486 sit3
127 1410 169 1472 ita
191 1411 218 1472 si
233 1410 322 1472 Pater
343 1419 391 1472 est
405 1409 496 1484 ilaus,
518 1412 654 1491 proiecto
670 1410 758 1474 Pater
780 1419 826 1472 est
839 1410 915 1487 Filii,
939 1411 989 1491 qui
1012 1411 1052 1472 sit
1072 1416 1179 1476 natura
1201 1413 1280 1479 filius

42 1513 167 1592 ipsique
188 1512 315 1592 proinde
337 1511 610 1576 consubstantialis.
662 1509 740 1574 iiiuc
760 1511 907 1574 Abrabam
934 1530 996 1573 uon
1018 1511 1127 1574 meavit
1147 1513 1201 1576 sed
1224 1531 1278 1593 ge·

42 1613 111 1674 uuit
132 1614 226 1686 lsaae,
248 1613 381 1680 beseleel
403 1619 501 1676 autem
524 1622 555 1675 et
566 1612 651 1678 Eliab
673 1629 734 1674 non
756 1621 933 1692 genuerunt,
955 1613 1008 1676 sed
1030 1615 1165 1676 lecerunt
1179 1615 1279 1678 omnia

43 1733 154 1794 opera,
184 1734 259 1794 quae
287 1716 318 1776 in
347 1715 535 1778 tabernaculo
565 1723 660 1778 erant.
704 1714 846 1776 Similiter
873 1713 992 1776 uarium
1024 1722 1054 1776 et
1076 1715 1277 1782 aedificiorum

42 1815 239 1881 fabricatores
262 1835 323 1882 non
345 1817 468 1896 gignunt
488 1835 564 1896 quae
586 1815 711 1886 iaciunt,
736 1815 789 1876 sed
812 1814 854 1876 iili
877 1815 995 1894 quidem
1017 1823 1142 1890 navem,
1165 1817 1197 1880 bi
1219 1818 1276 1880 do-

42 1935 125 1978 mum
149 1927 338 1982 construunt.
383 1918 433 1980 Sic
460 1918 530 1980 item
558 1917 642 1978 Isaac
669 1933 731 1978 uon
760 1916 845 1989 iecit,
874 1916 928 1978 sed
956 1917 1058 1997 genuit
1086 1917 1144 1980 sibi
1172 1924 1277 1984 natura

43 2019 328 2082 consubstantialem
351 2001 456 2090 laeob,
486 2026 518 2078 ut
540 2025 571 2078 et
590 2016 678 2079 iacob
700 2017 802 2078 ludam
823 2035 860 2078 ae
879 2017 987 2079 iratres
1010 2019 1085 2080 eius.
1130 2020 1276 2092 Quocirca

41 2128 77 2181 ut
98 2119 124 2182 is
149 2140 220 2183 sana
243 2129 341 2182 ruente
363 2126 545 2190 subesset,
573 2118 624 2196 qui
646 2117 768 2178 domum
791 2117 837 2180 vel
859 2135 964 2178 navem
987 2119 1086 2198 opiliei
1109 2137 1179 2182 esse
1201 2139 1275 2182 con-

43 2222 269 2284 substantialem
292 2221 421 2292 diceret3
454 2219 492 2280 ita
515 2217 648 2296 proiecto
670 2217 758 2278 lateri
780 2216 933 2290 convenit,
964 2235 1082 2278 ornnem
1104 2217 1197 2280 lilium
1218 2237 1274 2282 suo

42 2323 120 2399 patri
143 2341 211 2384 esse
233 2318 527 2382 consubstantialem.
572 2317 637 2389 Qua
663 2325 787 2397 propter
814 2316 841 2377 si
869 2334 938 2378 rere
970 2323 999 2378 et
1020 2318 1108 2380 Pater
1130 2325 1160 2379 et
1180 2318 1273 2383 Filius

45 2431 101 2496 est,
125 2440 249 2484 neeesse
271 2421 393 2482 omnino
417 2429 464 2482 est
483 2419 590 2481 Filium
613 2419 718 2480 natural
740 2427 769 2480 et
791 2418 914 2480 veritate
936 2417 1028 2482 lilium
1050 2420 1109 2484 hoc
1130 2427 1177 2482 est
1193 2420 1275 2484 Patri

45 2521 329 2584 consubstantialem
353 2541 438 2596 esse,
461 2521 541 2602 quod
563 2520 683 2600 quidem
705 2515 805 2583 multis
828 2519 1072 2586 demonstratum
1086 2529 1143 2585 est.
1188 2523 1275 2588 Certe

46 2623 82 2683 de
104 2622 244 2700 operibus
266 2623 389 2686 dicitur:
412 2624 482 2705 lpse
504 2625 584 2686 dt'et‘t
607 2635 635 2687 tt
655 2623 741 2701 sactu
763 2633 852 2696 suut3
877 2626 942 2708 ipse
956 2605 1112 2686 modesti
1127 2635 1155 2687 et
1171 2636 1275 2688 creato

45 2735 131 2796 suut,
161 2723 198 2787 de
219 2725 293 2788 Filio
316 2735 430 2788 autem:
463 2725 625 2788 Eructavit
653 2741 707 2786 cor
735 2741 832 2786 mum
857 2723 983 2786 Verbum
1005 2725 1126 2787 bouum.
1170 2725 1273 2788 Daniel

45 2821 162 2902 quoque
185 2827 291 2889 lilium
312 2827 366 2888 Ilei
389 2826 501 2906 optime
522 2831 661 2898 noverat3
684 2832 807 2886 noverat
829 2833 858 2888 et
878 2824 930 2886 llei
953 2843 1054 2906 opera.
1099 2824 1200 2905 Itaque
1219 2825 1273 2888 Fi-

43 2923 114 2984 linm
136 2925 255 3002 quidem
277 2925 410 2987 flammas
433 2926 563 2992 ioruaois
585 2944 657 2988 rore
678 2925 850 3006 irrigantem
873 2925 961 3002 vidit3
991 2936 1020 2989 at
1047 2945 1114 2990 eum
1135 2927 1174 2988 de
1196 2945 1271 3008 ope·

46 3022 127 3084 ribus
150 3024 292 3088 dixisset:
315 3027 485 3089 benedicite
508 3030 607 3091 omnio
630 3045 723 3108 opere
744 3027 869 3090 Domini
887 3027 1026 3098 Domitio,
1050 3025 1181 3106 singulas
1203 3026 1272 3105 qni-

22 3123 112 3186 tdcm
133 3143 181 3186 res
203 3135 315 3190 creatas
338 3127 535 3202 enumerarit,
565 3127 618 3190 sed
649 3127 728 3190 inter
755 3145 805 3190 eas
827 3129 933 3192 Filium
955 3126 1077 3190 minime
1107 3125 1271 3201 collocavit,

22 3219 154 3306 lqoippe
174 3228 223 3306 qui
252 3247 313 3290 non
342 3236 423 3292 esset
444 3229 579 3302 nmmos,
609 3228 692 3292 illum
713 3247 788 3310 opus
810 3249 871 3292 uon
895 3249 981 3303 esse,
1010 3228 1064 3291 sad
1092 3247 1147 3309 per
1172 3229 1271 3308 ipsum

22 3327 119 3388 *stacta
147 3347 213 3391 esse
242 3349 349 3412 opera,
384 3349 511 3410 emnque
538 3330 570 3392 in
599 3329 687 3392 Patre
715 3331 827 3394 laudari
856 3339 886 3392 et
913 3329 1135 3410 superexaltari.
1177 3325 1272 3409 igitur

22 3429 290 3508 'ltquemadmodnm
314 3433 366 3496 liei
389 3433 520 3512 cognitio
542 3451 596 3513 per
618 3432 717 3512 ipsum
732 3432 860 3496 Verbum
882 3432 1018 3522 babetur,
1041 3432 1081 3493 ita
1103 3431 1269 3512 peripsum

24 3517 77 3624 tibi
97 3530 127 3592 in
148 3532 213 3612 ipso
234 3533 422 3607 benedictio,
449 3535 532 3607 laus,
562 3533 655 3613 gloria
684 3541 714 3596 et
740 3534 871 3613 potentia
891 3533 971 3596 Patri
1001 3531 1182 3606 concinitur,
1210 3551 1269 3612 quo
1365 3537 1374 3556 '

22 3639 48 3688 llll
56 3631 65 3672 l

22 3743 53 3789 ,og
63 3715 134 3766 iidem
153 3727 207 3782 post
222 3714 343 3784 πατέρας
360 3719 416 3780 [leg.
436 3721 569 3783 etSegoer.
584 3720 628 3770 ad·
714 3736 737 3783 g.
755 3719 795 3769 Sic
815 3720 870 3782 neg.
889 3719 986 3781 Segosa.
1005 3717 1103 3769 Goblcr.
1121 3717 1226 3767 Feiclrm.
1248 3717 1269 3768 l.

38 3789 43 3798 “
73 3777 229 3834 ιειέαυτῶν.
268 3785 359 3835 ibidem
379 3785 476 3838 Gobler.
501 3794 525 3837 et
543 3787 628 3838 Felclr·
681 3787 827 3850 attegiis,
851 3787 894 3836 sed
919 3787 1027 3836 utribus
1068 3785 1182 3834 ostremis
1201 3787 1270 3835 abest

66 3853 129 3970 &poll
146 3853 166 3904 l.
184 3844 283 3970 alege
300 3845 380 3970 staca
388 3847 498 3968 κῶισμα.
521 3921 539 3971 F
679 3848 767 3969 {aarer
791 3853 868 3904 Ceteri
893 3862 928 3926 ει,
939 3853 996 3904 editi
1019 3799 1096 3908 otlr,
1128 3847 1270 3904 τουτέστιν

24 3925 56 3986 Μ’
91 3955 115 4037 a
130 3929 153 4039 {i
168 3923 350 4053 stillicidii,
369 3921 627 4038 .i.ri''..⁸.²aai¹.i'll¹l
695 3930 981 4049 ⁹ss⁰iss‘⁰ffig,'s.g..,‚
1000 3987 1099 4038 coare.
1117 3985 1223 4038 aarum.
1245 3987 1267 4036 r.

77 4068 99 4104 n
116 4058 168 4119 tieg.
179 4059 308 4119 etSeguer.
326 4049 373 4104 eat
390 4049 516 4115 Βεσελεὴλ
533 4050 564 4104 rt
581 4063 627 4106 stc.
679 4065 704 4106 et
721 4056 835 4106 ottobon.
871 4056 949 4105 Ceteri
966 4064 1046 4104 antero
1058 4067 1111 4106 rum
1124 4056 1180 4106 edit.
1194 4056 1268 4105 Com·

45 4165 52 4200 e
83 4121 98 4170 l.
115 4125 153 4174 Sic
168 4127 221 4188 lieg.
240 4127 341 4186 Segoer.
363 4132 388 4174 et
404 4124 497 4185 duglie.
536 4123 565 4172 bt
583 4123 627 4174 0t·
679 4124 735 4174 mel.
754 4116 932 4189 δροσίσανῐα.
972 4123 1030 4172 lbid.
1049 4123 1106 4184 lleg.
1126 4132 1150 4173 et
1167 4123 1267 4184 Segner.

92 4204 128 4240 on.
151 4187 228 4258 potat
252 4186 303 4241 etv
321 4184 417 4255 'rasa
440 4183 508 4240 otto.
547 4191 627 4242 ceteri
679 4177 740 4240 ειιε.
777 4191 828 4254 εει,
842 4199 866 4240 u
882 4189 940 4239 satu
958 4176 1023 4238 otta.
1082 4223 1084 4228 .

28 4318 40 4364 F
91 4258 157 4310 editio
174 4255 351 4314 Commissi
368 4253 418 4309 τὸν
432 4249 552 4376 impul&
575 4258 628 4336 llpx
712 4260 729 4308 i.
748 4257 852 4308 Felelrm.
867 4256 891 4308 2.
910 4265 934 4336 ει
958 4258 1014 4336 editi
1033 4247 1082 4333 orlac
1094 4249 1158 4336 ἔστι
1173 4249 1227 4320 μέν
1243 4260 1270 4321 et

22 4372 71 4432 na*
88 4329 249 4468 bilibit
267 4329 629 4459 :tlltl¹”·il,.t....,tt
679 4319 1267 4452 mtt‘ttti'tttlttttttt·a...
1347 4407 1354 4416 -

22 4467 37 4500 r.
79 4469 98 4502 ·e
113 4453 263 4512 tor'totidot.
677 4453 741 4526 γάρ.

22 4535 27 4562 r
41 4537 49 4564 r

22 4672 51 4705 ru.

22 4727 48 4776 itti
62 4739 89 4794 ι,ι
