3176 5058
239 292 301 356 106
638 301 664 345 ε.
680 299 833 344 amman
847 299 1070 344 ικοοπνωεοει

154 453 349 540 νοωμόνον,
373 451 408 520 ἐκ
430 455 620 537 σπέρματος
634 449 745 535 Δαβίδ
766 446 923 534 ἔρχεσθαι
943 441 1020 513 καθ’
1045 439 1225 533 ὁμοιότητα
1238 447 1305 511 τιῦν
1325 443 1380 536 'h
1400 447 1461 511 τοῦ

237 556 350 643 Δαβλδ
371 550 480 620 ἀλλων
500 555 682 637 γενομένων
703 555 831 630 τέκνων,
855 546 931 616 οῦτε
946 549 983 615 δὲ
996 546 1079 615 θεὸν
1094 542 1193 614 αὐτόν
1209 539 1286 613 οόδὲ
1301 540 1354 613 ότι
1369 540 1387 610 ὁ
1403 543 1461 611 λό-

236 679 294 744 γος
316 654 401 740 σάρξ
422 652 547 739 ἐγένετο
569 651 758 719 ἐπίστευον·
780 649 898 718 τούτου
920 650 1013 718 ἕνεκα
1033 647 1118 733 μετὰ
1138 648 1265 736 πολλῆς
1285 651 1344 735 τῆς
1364 652 1460 715 σανί-

238 779 323 834 σεως
344 755 377 822 οἱ
396 752 555 848 μακάριοι
572 747 776 820 Ἀπόστολοι
796 751 839 818 τὰ
860 746 1060 837 ἀνθρώπινα
1081 753 1140 817 τοῦ
1162 752 1311 836 σωτῆρος
1324 752 1458 834 πρῶτον

237 855 409 944 ἐξηγοῦντο
431 865 503 934 τοῖς
520 850 698 934 Ἰουδαίοις,
721 848 781 920 ίίί
806 849 891 932 ὅλως
912 858 1088 932 πείσαντες
1107 845 1228 930 αὐτούς
1243 849 1278 918 ἐκ
1290 853 1356 917 τῶν
1379 875 1460 938 φαι-

239 963 385 1044 νομένων
405 960 458 1024 καί
480 961 660 1042 γενομένων
682 961 835 1039 σημείων,
860 954 1057 1043 ἐληλυθέναι
1078 952 1136 1020 τὸν
1157 950 1315 1039 Χριστόν,
1338 951 1459 1019 λοιπὸν
1573 981 1574 984 ’

239 1061 294 1127 καί
324 1059 372 1138 εἰς
398 1058 456 1148 τῆν
478 1059 555 1142 περί
577 1060 636 1144 τῆς
656 1055 819 1144 θεότητος
840 1050 958 1122 οαὐτοῦ
981 1062 1098 1123 πίστιν
1119 1049 1239 1133 αὐτοὺς
1260 1047 1458 1139 ἀναγάγωσι,

240 1161 430 1241 δεικνύντες·
450 1157 504 1227 ότι
524 1158 566 1226 τὰ
586 1157 744 1245 γενόμενα
767 1158 844 1244 ἐ’ργα
866 1151 924 1224 οῦκ
945 1157 1034 1224 ἔστιν
1049 1150 1243 1240 ἀνθρώπου,
1266 1150 1350 1222 ἀλλὰ
1363 1157 1457 1222 θεοῦ.

238 1257 351 1347 ἀμέλει
371 1268 501 1349 Πέτρος
522 1256 540 1327 ό
563 1262 664 1346 λόγων
686 1257 790 1344 ἀνδρα
812 1257 968 1346 παθητόν
989 1257 1047 1324 τὸν
1068 1256 1217 1342 Χριστὸν
1239 1251 1340 1334 εὐθὺς
1361 1259 1459 1324 Ισυν-

236 1367 356 1453 ῆπτεν·
379 1353 476 1442 οὗτος
497 1357 635 1450 ἀρχηγὸς
655 1365 713 1450 τῆς
735 1361 818 1447 ζωῆς
840 1360 929 1427 ἐστιν
938 1363 969 1438 ¹),
993 1358 1132 1445 ίνδίτῷ
1149 1353 1323 1445 εὐαγγελίῳ
1339 1353 1459 1443 όμολο-

237 1476 303 1553 γεϊ·
336 1464 377 1532 σὺ
404 1460 434 1533 εἶ
462 1460 664 1550 όΧριστός,
699 1459 717 1528 ό
745 1461 817 1541 υίὸς
837 1465 896 1528 τοῦ
918 1463 1002 1528 θεοῦ
1023 1463 1082 1526 τοῦ
1106 1461 1270 1542 ζῶντοςί),
1303 1459 1337 1527 ἐν
1360 1461 1457 1548 δέτῇ

239 1567 399 1654 ίπιστολῆ
422 1588 523 1654 φησιν
545 1559 645 1630 αὐτόν
668 1563 852 1630 ἐπίσκοπον
875 1565 1019 1650 ψυχῶνῧ)
1042 1565 1096 1628 καί
1118 1560 1231 1648 κύριον
1253 1561 1371 1630 ἑαυτοῦ
1379 1565 1401 1643 ⁸)
1422 1588 1459 1631 τε

239 1671 292 1734 καί
323 1663 466 1752 ἀγγέλων
493 1667 563 1732 “aab
594 1664 763 1748 δυνάμεων
771 1668 793 1744 ³)
822 1659 917 1732 εἶναι.
961 1663 1063 1730 πάλιν
1090 1687 1128 1730 τε
1148 1665 1292 1742 Παῦλος,
1317 1659 1335 1730 ό
1357 1665 1459 1750 λέγων

240 1767 344 1854 ἀνδρα
371 1767 405 1835 ἐκ
426 1772 616 1853 σπέρματος
636 1767 747 1850 Δαβλδ
769 1760 853 1833 εἶναι
874 1764 931 1832 τὸν
953 1763 1116 1850 Χριστόν,
1147 1753 1243 1844 οῦτος
1265 1765 1458 1834 ἐπέστελλεν

237 1865 400 1956 Ἑβραίοις
419 1873 494 1951 μέν·
518 1866 555 1946 ὃς
576 1862 622 1933 ἀίν
644 1861 846 1952 ἀπαύγασμα
867 1869 925 1953 τῆς
948 1867 1044 1954 δόξης
1058 1865 1114 1932 καί
1126 1865 1288 1953 χαρακτὴρ
1302 1871 1361 1955 τῆς
1374 1863 1460 1934 όπο-

242 1968 390 2048 στάσεως
418 1963 517 2036 αὐτοῦ
525 1973 562 2049 ⁶),
589 1969 835 2055 Φιλιππησίοις
857 1968 908 2034 δέ·
937 1965 974 2046 ὃς
996 1967 1029 2034 ἐν
1051 1969 1164 2056 μορφῇ
1186 1971 1270 2035 θεοῦ
1292 1964 1456 2057 ῦπάρχων,

241 2065 299 2154 οόχ
321 2067 494 2158 ἁρπαγμόν
514 2068 658 2159 ῆγῆσατο
680 2068 719 2137 τὸ
742 2063 826 2137 εἶναι
849 2064 905 2136 ἶσα
926 2071 1037 2156 θεῷ’).
1074 2068 1114 2135 τό
1136 2070 1172 2136 δὲ
1195 2071 1299 2155 λέγειν
1321 2067 1459 2160 ἀρχηγὸν

240 2174 311 2260 ’τῆς
340 2173 423 2259 ζωῆς
448 2175 503 2240 καί
531 2171 602 2240 υἱόν
629 2175 688 2238 τοῦ
716 2173 800 2238 θεοῦ
821 2173 876 2238 καί
898 2164 1101 2256 ἀπαύγασμα
1123 2173 1176 2238 καί
1197 2175 1383 2261 χαρακτῆρα
1404 2172 1460 2240 καί

241 2269 299 2341 ἲσα
323 2277 395 2360 θεῷ
423 2277 476 2341 καί
498 2272 610 2360 κόριον
631 2275 684 2340 καί
708 2271 893 2340 ἐπίσκοπον
915 2274 1044 2356 ψυχῶν,
1067 2286 1081 2324 ⁸
1087 2267 1122 2338 τί
1143 2266 1183 2344 ἀν
1206 2273 1257 2360 είη
1280 2272 1405 2359 ἕτερον,
1434 2267 1457 2361 ἢ

239 2371 293 2443 ότι
313 2375 347 2444 ἕν
369 2375 499 2462 σώματι
520 2374 616 2462 λόγος
636 2365 675 2462 ῆν
696 2377 790 2454 θεοῦ,
814 2369 862 2440 δι’
886 2362 925 2439 οὗ
946 2373 989 2439 τὰ
1009 2372 1120 2440 πάντα
1142 2372 1277 2460 ἐγένετο,
1300 2373 1356 2442 καί
1371 2375 1456 2442 ἔστιν

240 2472 426 2562 ἀδιαίρετος
447 2481 506 2544 τοῦ
528 2477 664 2562 πατρός,
688 2471 733 2554 ιός
756 2475 828 2541 ἔστι
848 2473 887 2540 τὸ
909 2469 1112 2560 ἀπαύγασμα
1132 2473 1219 2561 πρὸς
1239 2474 1278 2540 τό
1301 2479 1394 2564 φιῦς;

156 2600 232 2645 νυν.
324 2583 355 2645 9.
398 2575 469 2644 Καὶ
488 2575 667 2654 Διονύσιος
687 2569 797 2642 τοίνύν
819 2572 912 2660 παρὰ
931 2578 998 2640 τιῦν
1020 2570 1217 2642 ἀποστόλων
1231 2580 1327 2644 τοῦτο
1336 2577 1460 2659 μαθὼν

240 2684 438 2765 πεποίηκεν·
470 2677 585 2766 ἐπειδὴ
611 2677 672 2764 γάρ
701 2671 813 2762 είρπεν
841 2672 1064 2764 ῆΣαβελλίοα
1092 2679 1233 2765 αἵρεσις,
1267 2673 1457 2764 ἠναγκάσθη

240 2777 298 2864 τὴν
320 2777 483 2866 τοιαύτην,
506 2777 598 2845 καθὰ
618 2789 794 2865 προεῖπον,
818 2777 997 2865 ἐπιστολὴν
1018 2778 1162 2866 γράψαι,
1185 2777 1301 2848 καὶτὰ
1322 2772 1458 2865 ἀνθρω-

240 2885 348 2959 πίνως
368 2878 423 2946 καί
445 2875 582 2960 εὐτελῶς
602 2879 682 2967 περὶ
702 2883 761 2947 τοῦ
783 2883 951 2968 Ιισωτῆρος
974 2880 1126 2967 εἰρημένα
1140 2883 1242 2969 ῥῖψαι
1255 2873 1320 2948 κατ’
1338 2875 1457 2961 αὐτῶν,

240 2982 297 3050 ἵνα
322 2981 459 3062 τούτους
489 2977 728 3064 ἀποσχοινίσας
750 2981 807 3050 διὰ
828 2981 871 3049 τὰ
892 2978 1092 3069 ἀνθρώπινα
1113 2987 1172 3050 τοῦ
1193 2983 1237 3071 μὴ
1261 2985 1364 3070 λέγειν
1386 2982 1459 3050 νίὸν

240 3079 325 3152 εἶναι
350 3083 416 3160 τὸν,
430 3088 575 3170 πατέρα,
600 3079 820 3170 εόκολωτίραν
842 3078 955 3162 αύτοῒς
975 3083 1199 3172 κατασκευάσῃ
1221 3083 1281 3171 τὴν
1302 3083 1459 3170 περὶτῆς

237 3186 399 3274 θεότητος
425 3189 484 3253 τοῦ
513 3187 587 3253 υίοῦ
610 3186 839 3265 διδασκαλίαν,
871 3181 950 3251 όταν
973 3180 1072 3252 αότόν
1095 3184 1128 3253 ἐν
1150 3195 1224 3264 ταῖς
1245 3183 1362 3264 ἀλλοις
1384 3185 1459 3253 ἐπι-

239 3290 374 3366 στολαῖς
401 3283 470 3355 ἀπό
498 3291 565 3353 τῶν
586 3290 722 3373 γραφῶν
745 3287 820 3372 λίγη
843 3285 957 3370 λόγον,
986 3293 1123 3374 σοφίαν,
1154 3285 1307 3370 δύναμιν,
1336 3282 1458 3371 ἀτμίδα

238 3387 294 3454 καί
321 3383 524 3472 ἀπαύγασμα
551 3384 768 3469 τοῦπατρὸς.
813 3385 861 3452 *bv
882 3390 960 3472 γοῦν
982 3398 1057 3467 ταῖς
1079 3387 1272 3468 ἐπιστολαῖς
1292 3391 1350 3477 τῆς
1372 3384 1459 3455 ἀπο-

239 3489 351 3574 λογίας
372 3489 510 3553 τοταῦτα
531 3488 632 3572 λέγων
654 3486 914 3574 παρρησιάζεται
935 3488 970 3556 ίν
990 3493 1030 3578 τῆ
1052 3496 1167 3558 πίστει
1187 3494 1240 3557 καί
1255 3493 1295 3577 τῇ
1312 3490 1359 3568 είς
1373 3496 1459 3576 Χρι-
1573 3535 1574 3570 η

240 3588 318 3656 στὸν
340 3584 498 3676 εὐσεβείᾳ.
544 3583 652 3675 ἀίςπερ
681 3579 738 3654 οῦν
766 3584 804 3654 ού
825 3597 1056 3678 κατηγορητίοι
1079 3591 1112 3658 ol
1133 3587 1318 3658 ἀπόστολοι
1340 3591 1397 3658 διὰ
1417 3589 1460 3656 τὰ

239 3683 441 3782 ἀνθρώπινα
461 3689 590 3778 ῥήματα
616 3689 776 3776 περὶτοῦ
796 3698 908 3777 κυρίου
931 3696 997 3769 (καί
1019 3693 1079 3779 γὰρ
1102 3690 1286 3779 ἀνθρωπος
1307 3697 1417 3778 γέγονε
1438 3681 1457 3756 ό

237 3790 369 3880 κύριος),
393 3785 477 3858 ἀλλὰ
497 3789 576 3858 Ιικαί
594 3793 720 3876 μᾶλλον
742 3792 915 3878 θαύματος
937 3793 1027 3874 ἀξιοι
1049 3793 1105 3860 διὰ
1125 3792 1183 3881 τῆν
1199 3794 1388 3879 οἰκονομίαν
1402 3791 1459 3859 καί

308 3981 399 4042 σεε.
419 3979 444 4041 ε,
464 3983 501 4032 ιε.
572 3979 597 4038 οι
616 3981 695 4032 uam.
716 3982 755 4044 ιε,
775 3982 814 4032 νο.
885 3983 910 4044 ε)
931 3985 952 4034 1.
972 3985 1033 4034 Par.
1053 3983 1077 4044 ν,
1097 3983 1138 4033 ιε.
1207 3984 1234 4044 ιι
1254 3983 1287 4033 n).
1308 3984 1331 4043 ι,
1350 3981 1374 4032 ³.
1432 3979 1458 4042 ε)
1573 4009 1574 4020 2

238 4046 375 4122 τεενκ
445 4049 471 4109 ο)
490 4049 561 4098 uem.
581 4050 604 4109 ι,
623 4048 646 4100 ε.
716 4049 908 4111 πυταντ.
1573 4077 1574 4096 ,

260 4173 340 4261 1ιηίκ
357 4181 426 4261 διεει
444 4181 556 4264 ἰοξηΙιῆ.
568 4182 591 4232 3.
611 4198 683 4262 τερα.
700 4178 751 4234 Μόκ
765 4191 822 4248 post
908 4200 928 4234 ι.
948 4175 1032 4232 αότοῦ
1050 4185 1118 4236 deest
1137 4186 1161 4236 in
1180 4185 1278 4236 Τευτίο.
1303 4223 1319 4264 ·.

237 4251 439 4382 θθίίίθίι
454 4251 578 4368 Ἰῗείί
595 4242 821 4369 ί,’ίίίξι.,ίίί;
872 4251 1138 4381 πίείέίίτθλ
1154 4253 1374 4378 θίθζλίέἴ·
1406 4250 1482 4366 ίῖέ·

237 4329 296 4434 ίουω.
320 4395 417 4448 praeter
439 4354 496 4449 θος.
521 4353 622 4449 iggitur,
654 4387 677 4435 in
708 4385 820 4435 omnibus
872 4385 969 4436 Taurin.
989 4356 1131 4450 ιῦμολίγεε
1160 4387 1250 4437 ibidem
1270 4355 1460 4440 τοῦτοίεζοῦν-

237 4451 307 4501 editis
325 4452 485 4504 desideratur.
871 4455 959 4505 νοτία
978 4453 1049 4502 editis
1067 4455 1143 4514 δεωι,
1163 4455 1186 4504 in
1202 4455 1326 4506 codicibus
1336 4465 1394 4502 τοτα
1404 4465 1459 4501 om-

269 4519 293 4571 b.
310 4519 389 4580 θείω.
408 4519 432 4570 3.
450 4534 524 4570 anon.
544 4509 576 4566 W
598 4508 692 4570 οῦτωτ-
871 4519 943 4570 nibus
961 4519 1057 4582 Ιερὶιατ.
