3176 5058
248 333 288 395 50
649 347 675 388 s.
691 343 843 387 εταεαιειι
857 343 1081 388 ιιιοαιεειεαονι

162 516 235 560 νοτε.
245 498 303 562 τοῦ
323 497 425 573 θεοῦ,
460 487 545 560 ἀλλὰ
565 493 622 558 καλ
642 491 768 574 μᾶλλον
791 485 1011 574 ὐποόεχέσθω
1033 490 1111 570 τοὺς
1132 497 1280 578 πατέρας
1301 492 1470 559 διακαθά-

244 621 364 683 ραντας
384 593 443 661 τὸν
465 597 551 672 νοῦν,
576 592 764 678 λευκότερον
785 594 838 658 καλ
862 589 907 671 ολς
929 592 963 660 ἐκ
978 592 1192 682 παραλλήλου
1207 592 1246 659 τὸ
1262 594 1295 661 ἐκ
1310 597 1368 661 τοῦ
1383 598 1468 662 θεοῦ

243 697 437 784 γράψαντας
458 694 496 760 τὸ
520 694 554 762 ἐκ
574 697 632 782 τῆς
653 689 776 774 οὐσίας.
821 691 941 761 ταύτόν
962 687 1023 780 γόιρ
1045 691 1208 784 ἡγήσαντο
1231 696 1334 780 λέγειν
1358 695 1392 762 ἐκ
1409 700 1468 762 τοῦ

244 803 328 866 θεοῦ
352 795 465 864 καὶτὸ
488 800 592 882 λέγειν
615 795 648 862 ἐκ
669 799 727 882 τής
749 790 864 874 οὐσίας
886 799 945 863 τοῦ
967 798 1051 863 θεοῦ
1075 791 1161 863 εἶναι
1185 795 1370 882 τὸνλόγον·
1393 797 1467 865 ἐπεὶ

245 899 301 968 καὶ
328 897 367 964 τὸ
393 896 489 978 θεός,
519 896 610 964 καθὰ
636 907 818 982 προεῖπον,
851 892 945 964 οὐδὲν
975 898 1085 984 ἕτερον
1106 891 1128 984 5
1149 897 1208 983 τήν
1230 892 1346 966 οὐσίαν
1368 893 1468 965 αὐτοῦ

246 1004 305 1068 τοῦ
333 997 428 1078 ὄντος
456 1005 614 1087 σημαίνει.
661 998 690 1064 εἰ
722 1001 782 1084 μὲν
812 988 870 1065 οὐν
898 997 942 1084 μή
967 998 1001 1065 ἐκ
1022 1002 1080 1065 τοῦ
1102 1003 1185 1067 θεοῦ
1208 999 1298 1072 ἔστιν
1321 994 1339 1066 5
1362 999 1466 1095 λόγος,

248 1100 294 1183 ολς
315 1096 354 1169 ὐν
376 1099 446 1180 νλὸς
468 1101 517 1189 εἴη
541 1100 641 1189 φύσει
660 1100 794 1188 γνήσιος
816 1099 851 1168 ἐκ
872 1100 1009 1188 πατρός,
1032 1096 1101 1167 ἀλλ’
1120 1097 1165 1180 ολς
1179 1101 1221 1168 τὰ
1235 1107 1397 1186 κτίσματα
1411 1101 1469 1169 διὰ

246 1203 285 1271 τὸ
308 1206 617 1293 όεόημιουργῆσθαι,
640 1203 844 1289 λέγεταικαὶ
867 1198 966 1282 αὐτὸς
988 1199 1033 1326 (ῦς
1054 1202 1096 1270 τὰ
1117 1203 1229 1270 πάντα
1244 1203 1279 1272 ἐκ
1292 1206 1352 1270 τοῦ
1366 1207 1468 1271 θεοῦ·

246 1304 321 1374 οῦτε
349 1307 382 1373 ἐκ
408 1309 466 1392 τῆς
487 1299 602 1384 οὐσίας
625 1304 695 1372 ἐστί
716 1308 775 1372 τοῦ
797 1303 942 1389 πατρός,
966 1302 1043 1372 οὐτε
1064 1301 1163 1428 55559
1186 1329 1205 1371 5
1192 1301 1298 1385 ‘5559
1319 1299 1387 1372 κατ’
1412 1302 1465 1372 οὐ

245 1414 320 1474 σλαν
343 1407 467 1474 5555‘
436 1403 515 1488 υιός,
540 1401 609 1474 ἀλλ’
635 1403 710 1486 λζ’
692 1409 818 1494 αρετῆς,
843 1401 888 1527 (ῦς
909 1403 1005 1493 ἡμεῖς
1021 1407 1053 1473 ολ
1067 1405 1150 1474 κατὰ
1163 1407 1467 1495 χάρινκαλσύμενοι

244 1510 320 1576 υἱοί.
367 1509 396 1576 εἰ
425 1509 460 1574 55
483 1509 517 1575 ἐκ
539 1512 597 1574 τοῦ
619 1511 704 1574 θεοῦ
728 1507 800 1578 ἐστι
819 1504 964 1592 μόνοςό
986 1507 1077 1630 5559
1098 1509 1246 1596 γνήσιος,
1277 1505 1386 1632 ιῦςπερ
1410 1513 1467 1576 οὖν

244 1613 298 1678 καλ
322 1611 409 1690 ἔστι,
433 1602 611 1727 λεχθείη
590 1635 630 1674 αν
654 1607 787 1688 ελκότοις
808 1609 899 1675 καλ’
885 1635 919 1676 εκ
940 1612 998 1698 τῆς
1021 1605 1136 1689 οὐσίας
1157 1614 1216 1676 τοῦ
1238 1605 1363 1678 5555‘
1346 1635 1364 1677 ο
1386 1612 1465 1692 υλός

330 1717 381 1776 23.
427 1711 494 1775 Καὶ
522 1707 582 1794 γὰρ
610 1711 664 1775 καὶ
695 1709 734 1776 τὸ
755 1709 967 1796 παράδειγμα
987 1714 1046 1776 τοῦ
1070 1710 1182 1799 φωτὸς
1203 1715 1256 1779 καὶ
1278 1707 1379 1778 ποῦ’
1361 1739 1470 1780 5555-

245 1810 413 1896 γόσματος
441 1813 591 1876 τοιοῦτον
620 1811 687 1894 ἔχει
714 1811 770 1878 τὸν
799 1816 885 1878 νοῦν.
930 1809 967 1879 55
997 1811 1058 1899 γὰρ
1080 1811 1223 1880 κατὰτὸ
1247 1813 1468 1900 ἐξαπτόμενοι

247 1911 281 1978 ἐκ
302 1915 360 1999 τῆς
381 1917 508 1999 θέρμης
529 1915 587 1978 τοῦ
608 1907 703 1998 ἡλίου
725 1901 801 1998 πῦρ,
825 1910 909 2000 ὅπερ
930 1917 983 1980 καλ
1000 1921 1203 2000 σβέννυσθαι
1217 1916 1320 1992 πόλιν
1336 1918 1465 1997 εἴωθεν,

247 2011 411 2100 εἰρήκασιν
434 2014 466 2080 55
488 2010 577 2100 ἅγιοι
600 2009 684 2082 εἶναι
705 2015 762 2082 τὸν
785 2016 881 2102 λόγον
904 2015 989 2102 πρὸς
1010 2015 1068 2082 τόν
1090 2017 1189 2085 θεόν·
1212 2022 1310 2084 τοῦτο
1332 2017 1394 2105 γὰρ
1417 2019 1468 2104 ἕρ-

207 2107 211 2114 ’
244 2139 302 2200 γον
325 2113 449 2194 ἔξωθεν
469 2120 523 2183 καλ
545 2123 665 2201 κτίσμα
686 2121 744 2183 τοῦ
766 2121 945 2197 ποιοῦντος
966 2108 1022 2204 ήν·
1045 2114 1129 2185 ὐλλὰ
1151 2115 1354 2206 ἀπαύγασμα
1369 2115 1468 2188 αὐτὸν

247 2211 492 2304 εὐηγγελίσαντσ
514 2219 652 2301 πάντες,
684 2221 739 2286 ἵνα
760 2219 799 2286 τὸ
822 2219 856 2287 5
878 2222 936 2306 τῆς
958 2215 1073 2300 οὐσίας
1095 2221 1182 2288 ’λόιον
1204 2225 1258 2288 καλ
1281 2217 1469 2308 ἀδιαίρετον

245 2324 299 2386 καὶ
328 2319 386 2407 τήν
414 2318 500 2407 πρὸς
521 2319 580 2388 τόν
602 2327 731 2407 πατέρα
754 2321 892 2408 ἑνότητα
915 2322 1100 2410 όηλιόσωσι.
1145 2323 1282 2410 καὶγὰρ
1305 2320 1392 2392 οὐτω
1413 2326 1467 2391 καλ

243 2421 282 2487 τό
315 2420 477 2508 ἄτρεπτον
509 2427 563 2491 καλ
592 2419 816 2491 ἀναλλοίωτον
846 2419 945 2489 αὐτὸν
974 2421 1111 2511 ἀληθῶς
1144 2420 1228 2492 εἶναι
1261 2426 1468 2510 σταθήσεται·

245 2526 340 2601 λπῶς
368 2523 429 2609 γὰρ
458 2517 498 2589 55
527 2523 635 2602 ἄλλως
650 2525 714 2644 εἴη
737 2528 903 2646 τοιοῦτος,
928 2525 957 2592 εἰ
977 2525 1022 2613 μή
1044 2529 1103 2611 τῆς
1123 2530 1182 2592 τοῦ
1204 2525 1332 2648 πατρὸς
1354 2523 1469 2607 οὐσίας

245 2623 333 2689 λόιόν
356 2623 428 2689 ἐστι
448 2630 607 2710 γίννημα,·
641 2620 760 2712 ἀνάγκη
783 2625 844 2749 755
866 2630 920 2694 καὶ
944 2627 977 2694 ἰν
992 2627 1098 2714 τούτῳ
1113 2627 1171 2714 τήν
1186 2653 1368 2716 ταυτοτητα
1380 2653 1469 2712 προς

245 2721 302 2787 τόν
326 2723 442 2790 ἑαυτοῦ
461 2731 594 2853 πατέρα
616 2725 741 2806 σώζειν.
773 2723 859 2794 οῦτοι
882 2729 921 2816 55
943 2753 1002 2796 του
986 2730 1112 2816 λόγου
1130 2736 1290 2818 φανέντος
1305 2725 1461 2814 εὐσεβοῦς,

246 2817 477 2891 ὐκόλσυθον”
454 2852 495 2892 αν
518 2827 567 2914 ελη
589 2828 672 2914 μηδὲ
694 2828 750 2895 ἐπὶ
773 2833 819 2916 τῷ
843 2825 999 2914 όιλιιοουσ
983 2858 1009 2918 ῳ
1032 2833 1219 2912 ξενίζεσθαι
1240 2833 1317 2912 τοῦς
1335 2853 1468 2956 χριστρ-

244 2923 375 3010 μόχθος,
400 2926 534 3016 λχούσης
554 2931 608 2996 καλ
631 2933 703 3019 τῆς.
710 2895 827 3011 λέξειός
848 2933 968 3018 ταύτης
990 2929 1064 3020 ύγιή
1087 2932 1144 3021 τήν
1169 2933 1318 3001 ιλιόνοιαν
1340 2935 1393 3000 καὶ
1408 2931 1468 3052 τήν

245 3022 426 3110 ἀπόδειξιν.
472 3030 502 3098 ελ
533 3031 594 3118 γὰρ
629 3031 667 3122 55
698 3059 806 3120 φαμεν
835 3034 870 3100 ἐκ
898 3039 956 3120 τῆς
979 3031 1094 3115 οὐσίας
1117 3031 1202 3103 εἶναι
1223 3039 1282 3101 τοῦ
1305 3038 1387 3102 θεοῦ
1409 3033 1468 3100 τὸν

244 3129 354 3217 λόγον·
377 3132 553 3200 λοιπὸν
518 3158 578 3221 γαρ
601 3161 621 3220 η
610 3129 731 3214 ’λέξις
754 3130 985 3222 όμολογείσθιο
1007 3139 1061 3203 καλ
1077 3132 1155 3262 παρ’
1173 3133 1297 3204 αὐτῶν·
1313 3131 1383 3204 τί
1362 3163 1401 3204 αν
1417 3136 1467 3221 ελή

242 3237 349 3354 τρῦτρ,
372 3227 393 3320 5
415 3233 453 3301 τὸ
476 3231 613 3322 ἀληθῶς
633 3262 690 3302 και
681 3235 883 3303 ἆῖόιον
844 3263 902 3323 της
924 3234 1048 3318 οὐσίας,
1073 3229 1149 3319 ἐξ
1128 3263 1167 3326 ης
1187 3242 1240 3306 καλ
1263 3245 1467 3327 γεγέννηται,

209 3353 211 3359 ’
244 3329 281 3398 οὐ
303 3333 365 3419 γὰρ
388 3336 615 3420 ἑτεροειιλές,“
600 3363 654 3402 ινα
675 3336 719 3422 μή
743 3337 833 3415 ξέναν
855 3341 909 3404 καὶ
932 3335 1093 3424 ἀνόμοιον
1110 3369 1152 3429 τη
1133 3337 1328 3430 ονσλᾳτου
1340 3365 1469 3428 πατρος

244 3431 491 3518 ἒπιμιγνύηται·
522 3430 598 3500 5555
622 3435 747 3513 ε”ξωθεν
770 3433 928 3516 ἆπλιῦς“
909 3465 1040 3525 σμοιος,
1071 3443 1127 3510 ἵνα
1147 3443 1192 3530 μὴ
1214 3439 1289 3510 καθ’
1316 3437 1469 3566 ἕτερονή

245 3527 367 3610 όλως“
353 3531 560 3658 ετερορύσιος
583 3541 645 3621 φαλ
646 3562 749 3622 νηται,
774 3535 884 3624 ὥςπερ
904 3543 1023 3624 χαλκὸς
1046 3547 1187 3631 στίλβων
1207 3547 1262 3611 ’καλ
1276 3543 1399 3631 χρυσός
1412 3547 1467 3611 καὶ

244 3629 383 3758 ῦργυρος
410 3635 465 3700 καὶ
493 3642 694 3723 κασσίτερος.
738 3643 842 3706 ταῦτα
869 3641 929 3741 γὰρ
960 3646 1035 3724 ξένα
1055 3649 1108 3713 καὶ
1133 3647 1294 3735 ἑτεροφοή
1318 3641 1469 3734 ἀλλήλων

242 3736 296 3800 καλ
320 3729 658 3820 όπεσχοινιομένα”
618 3765 657 3826 τη
681 3739 781 3829 φύσει
802 3746 856 3810 καὶ
878 3749 918 3832 τῇ
941 3747 1077 3831 δυνάμει
1091 3749 1303 3834 τυγχάνουσι·
1325 3745 1432 3814 καλ
1393 3771 1470 3815 ουτε

244 3830 262 3900 5
292 3837 349 3917 χαλ
347 3835 411 3914 κὸς
444 3837 531 3917 ’ίδισς
560 3843 618 3906 τοῦ
645 3865 781 3927 χρυσοο,
816 3869 892 3913 ουτε
919 3873 938 3933 η
968 3871 1083 3934 φασσα
1111 3875 1145 3916 εκ
1172 3876 1230 3936 της
1251 3852 1469 3936 περιστερᾶς·

243 3930 450 4060 ὐιλλὰόμοια
471 3941 531 4023 μὲν
553 3943 720 4026 νομίζεται
743 3941 842 4027 εἶναι,
867 3947 1071 4074 ἕτεροούσια
1080 3952 1116 4018 55
1140 3945 1414 4038 ὐλλήλιονίίστίν·
1438 3949 1471 4016 ελ
1562 3957 1563 3962 ’

241 4039 301 4122 μὲν
285 4029 387 4104 νούν
414 4043 507 4107 καλ
515 4038 626 4123 ὁυλὸς
649 4041 754 4126 αὐτοις
776 4047 880 4128 ἐστίν,
912 4049 996 4116 ἔσται
1019 4047 1139 4135 κτίσμα
1162 4047 1272 4135 ὥςπερ
1294 4053 1348 4118 καὶ
1372 4048 1470 4140 ἡμεῖς

240 4141 294 4204 καλ
316 4137 361 4260 μὴ
386 4136 575 4223 όμοούσιος·
599 4147 629 4213 εἰ
651 4147 687 4212 55
709 4145 816 4226 5559'
802 4171 874 4216 εστι
872 4149 992 4277 λόγος,
1010 4158 1093 4238 σοηιλ
1094 4177 1124 4232 α,
1081 4151 1237 4220 λελκὼν
1252 4155 1310 4248 τοῦ
1325 4151 1469 4239 πατρός,

159 4261 229 4304 εμττο
242 4236 459 4327 ἀπαύγασμα,
495 4243 676 4326 εἷκότοις”
660 4249 837 4332 ομοούσιος
866 4243 906 4316 55
935 4251 995 4338 εἴη
1041 4251 1092 4319 ‘¹55
1118 4252 1179 4340 γὰρ
1209 4252 1249 4320 τὸ
1277 4252 1322 4340 μὴ
1351 4252 1385 4320 ἐκ
1407 4255 1470 4320 τοῦ

276 4432 355 4481 κδλε
379 4433 434 4495 λλυη.
454 4432 525 4483 Βεελλ.
550 4442 576 4484 ιιι
594 4441 618 4484 et
636 4435 693 4497 1035
711 4437 825 4488 Νευηιοε
912 4441 935 4490 λι.
956 4440 996 4490 Suc
1013 4441 1071 4506 Ηυς
1107 4441 1186 4492 Celeri
1211 4425 1266 4492 τετυ
1291 4441 1472 4496 εῑεόίῑὶπιῦς

242 4498 319 4548 (Ζειειί
338 4507 361 4549 ει
380 4501 436 4550 εόλῑ
446 4500 563 4551 Comme!
585 4503 697 4553 omittunt
715 4496 752 4558 ὣς
769 4497 827 4558 οἷός
877 4499 932 4572 γὰρ
952 4501 1045 4561 ἄλλοις.

241 4558 354 4630 ruriam
371 4577 416 4620 ele.
436 4585 513 4635 usque
532 4571 561 4621 ad
580 4563 626 4618 καὶ
643 4563 706 4639 γάρ.

570 4801 622 4925 ’τ
