3220 5046
573 301 681 345 omaro
697 303 718 346 ι.
734 301 851 346 nouam
862 301 999 346 munos.
1330 289 1386 353 tur

165 457 232 529 ιιι),
254 461 289 514 ιιι
308 449 436 514 Domino
458 449 623 525 adiurante,
646 458 677 512 et
697 423 755 512 ino
770 458 804 512 ut
824 450 903 514 solet
923 450 952 514 vi
970 459 1211 530 argumentorum
1226 461 1388 532 prostrato,
1397 467 1473 516 uus

163 554 220 634 ipsi
242 553 360 616 nouem
383 551 571 628 crubescant,
594 553 765 616 haerentem
785 552 941 628 ridentes,
964 552 1013 630 qui
1037 552 1190 616 haeresim
1206 553 1282 633 ipsis
1305 555 1388 617 inse-

162 654 295 728 minavit,
318 655 482 734 saltemque
503 653 640 716 velsero
663 653 787 728 discant,
814 653 1088 734 sesquiulnam
1111 655 1180 730 sint,
1204 655 1389 718 Christianos

163 772 225 816 non
246 773 325 816 esse.

255 1060 303 1120 ll.
347 1056 467 1120 [linistis
489 1057 578 1136 igitur
600 1066 631 1120 et
652 1057 786 1132 sentitis,
807 1058 858 1120 illo
881 1058 968 1122 vobis
991 1068 1186 1139 suggerente,
1216 1061 1310 1123 iuuisse
1332 1062 1387 1124 ali·

167 1157 295 1236 quando,
318 1177 382 1220 cum
405 1177 465 1220 nnn
489 1169 570 1220 esset
591 1158 694 1234 Filius,
717 1178 785 1222 nam
808 1159 867 1222 lroo
887 1161 1015 1240 primum
1039 1162 1130 1222 vestri
1154 1163 1312 1226 commenti
1334 1183 1386 1226 ve·

163 1245 224 1318 lum
253 1259 465 1320 detrahendum
495 1269 550 1322 est
601 1261 678 1332 Quid
713 1279 782 1340 ergo
811 1261 867 1324 init
895 1261 1068 1341 aliquando,
1103 1281 1168 1324 cum
1202 1263 1293 1325 Filius
1327 1283 1387 1328 non
1436 1271 1441 1280 '

163 1357 269 1420 esset?
296 1377 364 1420 nam
386 1360 460 1422 haec
480 1368 578 1422 vestra
600 1369 671 1422 sunt
692 1362 798 1435 verba,
830 1381 847 1423 o
870 1363 1004 1425 maledici
1027 1371 1058 1425 et
1078 1363 1170 1444 impii.
1216 1365 1247 1426 Si
1268 1365 1386 1430 Patrem

163 1479 230 1521 esse
253 1461 459 1540 respondetis,
487 1463 582 1524 maior
602 1471 702 1524 restra
724 1471 772 1526 cst
793 1464 945 1545 impietas;
973 1466 1056 1528 nelas
1079 1466 1188 1546 quiippe
1209 1476 1256 1528 est
1277 1467 1314 1528 de
1336 1467 1386 1530 illo

162 1560 270 1634 dicere,
291 1561 448 1640 aliquando
463 1563 527 1636 luit,
551 1563 596 1626 vel
618 1564 744 1627 eundem
766 1584 838 1626 voce
860 1566 1023 1647 aliqnando
1047 1566 1223 1646 siguificare.
1254 1568 1386 1648 Namque

162 1669 192 1722 ιι
212 1681 331 1743 semper
352 1671 382 1726 et
402 1682 480 1726 nunc
502 1672 559 1739 est,
582 1673 613 1727 et
633 1665 708 1728 Filio
731 1666 875 1729 existente
898 1675 961 1740 est;
984 1666 1049 1747 ipse
1072 1669 1183 1748 estqui
1199 1677 1254 1743 est,
1278 1679 1309 1731 ιι
1321 1669 1387 1731 Filii

161 1763 257 1825 Pater.
303 1763 336 1825 Si
357 1783 426 1825 aero
449 1765 653 1844 respondetis,
683 1767 788 1830 Filium
817 1767 909 1830 luisse
937 1767 1110 1848 aliquando,
1142 1789 1208 1832 cum
1239 1771 1305 1851 ipse
1327 1790 1387 1834 non

162 1874 253 1938 esset,
277 1866 364 1928 stulta
387 1868 518 1945 prolecto
542 1876 572 1928 et
593 1869 670 1930 latua
694 1878 740 1930 est
761 1869 931 1950 responsio.
976 1870 1049 1931 Nam
1071 1871 1120 1950 qni
1135 1872 1199 1934 lieri
1221 1879 1331 1952 potest,
1354 1881 1388 1936 ut

161 1967 278 2047 etipse
301 1978 382 2030 esset
412 1975 442 2030 ιι
469 1967 548 2030 idem
576 1969 642 2050 ipse
664 1989 725 2031 non
748 1969 852 2032 esset?
895 1971 996 2052 ltaque
1019 1974 1189 2035 necessario
1219 1983 1326 2048 restat,
1355 1983 1387 2036 ut

159 2067 210 2130 hin
229 2069 409 2132 haesitantes
432 2071 657 2150 respondeatis,
680 2071 774 2132 luisse
796 2071 952 2151 aliquando
976 2082 1111 2152 tempus,
1134 2077 1200 2136 cuin
1222 2093 1283 2136 non
1306 2085 1387 2138 esset

159 2170 298 2232 Verbum.
342 2169 407 2232 lloc
433 2171 511 2234 enim
533 2181 663 2234 vestrum
686 2171 856 2234 adverbium
879 2173 1041 2254 nlr'puomlo
1064 2175 1094 2235 id
1117 2195 1153 2238 ex
1176 2195 1209 2236 se
1231 2175 1384 2254 significat.

161 2271 249 2344 Quod
272 2271 342 2334 item
365 2291 469 2334 mrsus
493 2273 675 2352 scripsistis:
704 2273 770 2334 Non
799 2281 862 2334 erat
883 2272 975 2334 ruins
1004 2275 1174 2354 priusquam
1205 2283 1385 2350 nasceretur,

159 2372 239 2434 idem
262 2373 384 2435 omniuo
407 2381 454 2434 est
476 2393 510 2436 ac
531 2374 611 2447 illud,
635 2375 713 2454 quod
736 2373 850 2448 dicitis;
877 2373 945 2434 ruit
966 2374 1138 2452 aliquando,
1162 2394 1228 2436 oum
1251 2394 1312 2437 non
1335 2394 1386 2436 es-

162 2481 227 2546 set3
253 2475 396 2554 siquidem
430 2484 553 2554 uterque
575 2475 713 2554 loquendi
736 2475 844 2536 modus
867 2483 983 2554 tempus
1006 2483 1075 2536 ante
1096 2473 1225 2536 Verbum
1248 2495 1316 2538 esse
1338 2476 1386 2537 in·

164 2572 251 2635 dicat.
291 2575 445 2638 Undenam
466 2575 555 2655 igitur
577 2577 650 2638 hacc
670 2596 685 2639 a
709 2577 793 2639 vobis
816 2585 887 2638 sunt
908 2574 1096 2656 excogitata?
1132 2576 1167 2638 Ut
1191 2577 1261 2656 quid
1283 2586 1312 2640 ιι
1334 2597 1386 2639 vos

162 2683 299 2754 tanquam
321 2687 423 2758 pentes
450 2679 620 2758 famosioris
649 2689 678 2741 ιι
705 2683 811 2742 ιἰιιιιιι
840 2679 965 2742 voculas
993 2681 1140 2741 adversos
1167 2679 1330 2742 Dominum
1358 2688 1386 2742 ιι

162 2779 310 2840 edomans
335 2778 486 2841 Christum
517 2786 580 2842 eius
602 2778 808 2842 meditamini?
852 2780 936 2842 Nulla
959 2781 1037 2842 eninr
1060 2779 1090 2840 in
1112 2787 1195 2859 parte
1218 2791 1384 2844 sanctarum

161 2877 380 2958 scripturarum
404 2879 460 2942 tale
482 2879 592 2958 aliquid
616 2881 652 2942 de
675 2881 826 2942 Salvatore
848 2888 952 2953 exstat,
979 2880 1032 2942 sed
1053 2879 1154 2959 potius
1177 2900 1211 2942 ex
1233 2881 1290 2942 illis
1312 2901 1384 2960 per-

162 2978 297 3058 spicuum
320 2991 376 3056 est,
400 2968 613 3062 sempiternum
629 3000 696 3042 eum
712 2991 742 3042 et
756 2990 908 3042 aeternum
924 2999 1001 3052 esse,
1026 2999 1203 3058 semperque
1218 2989 1284 3042 cum
1299 2983 1386 3042 Patre

162 3082 323 3144 exstitisse.
373 3083 446 3144 Nam
474 3083 512 3144 ln
536 3086 690 3164 principio
718 3093 786 3144 erut
817 3081 957 3152 Verium,
992 3091 1020 3140 et
1052 3079 1177 3140 Verium
1211 3092 1278 3141 erut
1306 3081 1387 3161 opud

161 3183 272 3258 Deum,
302 3197 330 3248 et
352 3185 433 3248 Deus
455 3195 523 3247 erut
548 3183 683 3246 Verbum.
727 3183 764 3244 Et
786 3183 816 3242 in
837 3180 1012 3260 Apocalypsi
1034 3180 1107 3242 haec
1128 3178 1289 3240 habentur:
1327 3181 1390 3253 Qut

162 3297 223 3356 ιιι,
251 3288 304 3367 poi
325 3299 405 3359 eret,
436 3299 464 3349 ιι
486 3291 539 3368 qui
558 3296 704 3348 venturus
728 3295 782 3346 est.
827 3282 901 3356 Quis
923 3287 1020 3342 autem
1044 3279 1246 3342 aeternitatem
1269 3279 1312 3354 ei,
1336 3281 1387 3358 qui

162 3393 261 3448 estet
282 3385 332 3466 qui
354 3395 433 3462 orat,
462 3388 561 3468 possit
587 3385 765 3448 detrahere?
810 3385 860 3446 Sic
881 3383 959 3446 eninr
983 3391 1012 3443 et
1039 3382 1104 3461 ipse
1126 3379 1252 3454 Paulus,
1280 3389 1314 3442 nt
1334 3379 1385 3442 lu·

161 3485 253 3548 dacos
275 3488 471 3562 convinceret,
494 3488 626 3568 Epistola
649 3488 684 3548 ad
707 3487 857 3548 Romanos
880 3483 1017 3562 scripsit:
1044 3483 1093 3546 En
1115 3484 1221 3565 quibus
1246 3483 1385 3546 Christus

162 3589 327 3650 secundum
350 3607 486 3664 curnem,
521 3593 573 3670 qui
599 3600 757 3669 estsuper
780 3591 880 3650 omnin
901 3585 982 3648 Deos
1006 3585 1176 3648 benedictus
1200 3588 1232 3646 ιἰι
1253 3583 1384 3647 soeculo.

162 3685 236 3748 Cum
258 3689 329 3750 item
353 3689 483 3751 Gentiles
506 3689 680 3762 confutaret,
702 3690 757 3752 ait:
779 3687 950 3750 loor'sr'br'lr'n
971 3689 1050 3748 ιιιιίιι
1065 3690 1161 3766 ipsios
1178 3703 1217 3746 eu
1236 3688 1385 3746 creatione

162 3790 419 3870 nuncupares,
443 3809 516 3872 quoe
538 3792 623 3871 socca
644 3801 731 3866 sont,
755 3789 906 3854 intellecto
930 3791 1175 3868 conspiciuntur,
1204 3789 1387 3864 sempiterno

162 3909 279 3971 quoque
302 3895 364 3954 cios
388 3895 487 3954 cirros
511 3902 538 3954 ιι
561 3893 715 3954 diuinitas.
761 3892 844 3963 Quae
865 3908 936 3950 vero
960 3889 998 3950 sit
1020 3887 1114 3949 virtus
1137 3885 1199 3957 liei,
1227 3883 1304 3946 idom
1328 3884 1384 3946 ite·

163 4043 310 4092 retonare.
338 4041 481 4108 σημαίνειν
504 4033 604 4098 ciris,
629 4037 675 4089 καὶ
700 4040 750 4090 νῦν
834 4043 855 4090 Ιι.
875 4042 916 4090 Sic
934 4041 1032 4102 Segusa.
1051 4037 1074 4086 'et
1094 4039 1148 4098 fleg.
1167 4037 1251 4086 codex.
1284 4039 1312 4086 lt
1330 4037 1385 4086 editi

162 4101 249 4166 ἔστιν,
267 4103 313 4156 καὶ
332 4103 414 4164 αὐτός
430 4103 505 4159 tezo
524 4103 538 4156 ὃ
557 4101 603 4158 ὥν,
799 4105 903 4174 μᾶλλον
921 4098 964 4154 ἀεὶ
981 4100 1012 4154 τὸ
1032 4097 1130 4153 ἀΐδιον.

196 4179 213 4228 t.
233 4179 274 4227 Sic
291 4179 390 4240 Segora
427 4179 452 4228 lu
480 4179 550 4227 editis
568 4186 592 4226 et
609 4177 664 4226 aliis
683 4177 749 4227 deest
835 4177 850 4225 Ι.
870 4177 967 4235 Seguor.
994 4181 1017 4223 ιι
1035 4173 1091 4236 [tog.
1119 4161 1218 4237 ἀφέλοι
1236 4163 1267 4218 τὸ
1287 4159 1384 4244 illaesi.

160 4237 247 4294 ἷσῐῖν.
365 4267 369 4276 ’
799 4242 1111 4300 lloxSepnerian.Gobler.
1129 4248 1153 4288 ιι
1171 4236 1385 4293 Ριιιιιιι.ι.ιιυ-

196 4329 220 4374 ι.
240 4313 340 4374 Segnor.
359 4313 456 4364 Goblsr.
471 4311 605 4362 etFolckm.
617 4311 639 4360 ι.
651 4305 745 4376 φύσιν.
800 4323 858 4362 rosc
874 4301 931 4374 γὰρ
949 4303 1002 4356 καί.
1362 4365 1367 4376 ·

196 4383 223 4430 ¹¹·
242 4380 299 4442 ΗΕΒ·
317 4379 430 4447 W'lriti·
468 4383 567 4442 Sellei-
590 4376 748 4442 perperisse,
835 4377 984 4438 unslegoer.
1010 4375 1106 4425 Gobicr.
1132 4369 1236 4420 l'elclrm.
1256 4366 1276 4415 1.
1313 4363 1385 4414 Basti.

196 4447 449 4509 impoenitenter.
475 4435 748 4503 ιιιιιιιιιιι.ι.ἒξηύ·
802 4450 826 4492 et
843 4443 933 4518 logiis.
954 4439 1058 4494 Παῦλος
1075 4430 1204 4487 διδάσκει.
1241 4430 1386 4481 ibiullmil.

159 4527 270 4585 ρηπαι,
477 4583 484 4594 1
801 4522 931 4574 γραφων.
