3174 5082
237 327 278 391 30
638 329 665 372 ε.
680 324 834 370 κτετατειι
849 319 1071 368 Δευτιενιεοοετ

151 489 279 562 τυκτά
305 485 389 572 μετὰ
417 483 476 548 τόν
504 479 576 545 οίόν
599 469 836 562 αὐτουργῆσαι,
863 473 917 538 καὶ
939 469 1120 551 τοῦτομὲν
1142 462 1267 550 ἀσεβές.
1313 457 1371 532 οῦκ
1394 463 1479 530 ἔστι

236 589 297 678 γὰρ
319 587 425 674 τύφος
448 581 483 649 έν
504 581 550 666 τῷ
573 580 655 665 θεῷ,
679 572 717 654 ῦς
737 599 774 662 γε
793 572 877 658 μετὰ
897 574 955 639 τοῦ
968 566 1082 656 Ἰακὼβ
1096 570 1143 648 εἷς
1159 567 1336 653 Αἴγυπτον
1349 571 1480 650 κατέρ-

235 715 344 775 χεται,
374 683 430 752 καὶ
459 681 516 749 διὰ
542 682 602 765 μέν
631 678 688 746 τόν
707 674 860 764 Ἀβραάμ
881 675 1081 758 διορθοῦται
1101 669 1159 738 τόν
1179 666 1351 755 Ἀβιμέλεχ
1369 665 1478 752 χάριν

213 780 215 786 ’
238 796 297 881 τῆς
312 787 452 874 Σάρρας,
476 786 523 870 τῷ
547 785 583 849 δὲ
598 782 731 867 Μωόσῇ
753 775 926 865 ἀνθρώπῳ
950 772 1023 844 όντι
1044 773 1152 858 στόμα
1173 771 1256 840 κατὰ
1278 769 1385 853 στόμα
1409 772 1479 837 λα-

240 895 301 972 λεῖ,
324 891 377 956 καὶ
402 887 448 967 είς
469 887 529 971 μέν
550 885 589 950 τό
610 885 693 950 Σινᾶ
716 879 792 968 όρος
813 885 1011 967 κατέρχεται,
1036 879 1083 964 τῷ
1105 877 1142 942 δὲ
1164 875 1233 960 λαῷ
1249 873 1479 956 συνεπολέμει

242 981 388 1081 κρυφαίῳ
413 989 523 1078 χάριτι
550 985 607 1053 τόν
634 980 787 1071 Ἀμαλήκ.
833 979 1003 1066 ψεύδεσθε
1032 979 1069 1045 δὲ
1097 973 1187 1061 ὅμως
1215 977 1268 1042 καί
1293 975 1391 1040 τοῦτο
1417 975 1477 1039 λέ-

242 1113 368 1182 γοντες·
392 1088 490 1169 αῦτός
510 1087 571 1176 γάρ
594 1087 749 1174 ἐποίησεν
770 1080 866 1170 ἡμᾶς,
890 1085 944 1148 καὶ
966 1076 1023 1164 οὐχ
1044 1077 1139 1166 ἡμεῖς
1147 1083 1184 1158 ¹)·
1207 1072 1306 1154 αῦτός
1326 1081 1362 1142 τέ
1377 1075 1476 1143 ἐστιν

244 1192 262 1262 ό
285 1193 341 1262 διά
361 1196 420 1260 τοῦ
442 1191 540 1278 λόγου
564 1183 664 1256 αὐτοῦ
686 1186 729 1254 τά
750 1184 861 1252 πάντα
881 1182 924 1250 τά
946 1207 981 1250 τε
1002 1181 1103 1268 μικρὰ
1124 1177 1235 1248 καὶτὰ
1248 1178 1374 1265 μεγάλα
1387 1203 1476 1245 ποι-

241 1297 339 1386 ήσας·
361 1298 414 1362 καί
438 1289 495 1360 σῦκ
518 1291 599 1360 ἔστι
613 1291 734 1358 διελεῖν
757 1286 816 1376 τὴν
837 1292 953 1365 κτίσιν,
978 1281 1064 1352 ὥστε
1086 1283 1194 1350 εἰπεῖν
1216 1284 1313 1348 τοῦτο
1335 1283 1394 1366 μέν
1410 1284 1474 1346 τοῦ

241 1397 377 1487 πατρός,
400 1399 499 1462 τοῦτο
522 1395 558 1461 δὲ
580 1395 638 1459 τοῦ
662 1391 750 1457 υἱοῦ·
783 1384 852 1456 ἀλλ’
877 1386 950 1466 ἑνός
972 1385 1043 1454 ἔστι
1064 1389 1148 1454 θεοῦ
1171 1380 1217 1464 τός
1236 1383 1323 1470 χειρὶ
1342 1390 1474 1469 χρωμέ-

242 1525 298 1569 νου
325 1502 372 1587 τῷ
404 1498 478 1582 ἰδίῳ
509 1493 611 1580 λόγῳ,
640 1495 694 1558 καί
724 1490 757 1556 ἐν
780 1485 868 1574 αύτῷ
891 1491 1069 1568 ποιοῦντος
1089 1487 1132 1556 τά
1154 1485 1280 1566 πάντα,
1303 1488 1359 1552 καὶ
1381 1479 1470 1551 τοῦτ’

242 1597 341 1679 αῦτός
356 1601 416 1684 μὲν
433 1593 450 1662 ό
464 1596 548 1672 θεὸς
564 1591 690 1670 δεικνὺς
701 1585 822 1678 ἔλεγε-ν’·
846 1587 865 1678 ἡ
879 1597 949 1676 χείρ
960 1613 1024 1674 μου
1041 1589 1179 1676 ἐποίησε
1194 1591 1298 1656 ταῦτα
1313 1587 1472 1667 nvindi·

244 1699 262 1768 ό
285 1702 321 1768 δὲ
344 1698 480 1774 Παῦλος
508 1697 607 1770 τοῦτο
635 1692 758 1778 μαθὼν
781 1691 967 1760 ἐδίδασκεν·
996 1687 1044 1772 είς
1066 1692 1147 1770 θεός
1170 1689 1206 1771 ἐξ
1226 1681 1265 1758 οῦ
1286 1691 1328 1758 τά
1350 1689 1471 1770 πάντα,

243 1803 299 1869 καί
328 1793 376 1878 εἷς
403 1797 514 1884 κύριος
537 1794 660 1884 Ἰησοῦς
682 1793 844 1882 Χριστός,
875 1790 923 1860 δι’
948 1781 987 1860 οῦ
1015 1795 1057 1860 τά
1078 1793 1227 1872 πάνταῧ).
1274 1788 1374 1871 αύτός
1394 1796 1472 1878 γοῦν

246 1897 298 1969 ἀεί
325 1903 379 1968 καί
409 1903 464 1966 νῦν
493 1900 578 1984 λέγει
605 1901 652 1984 τῷ
675 1899 734 1980 μὲν
756 1891 848 1982 ἡλίῳ,
871 1899 925 1962 καί
947 1891 1131 1976 ἀνατέλλει,
1163 1904 1238 1973 ταῖς
1260 1895 1296 1961 δὲ
1319 1897 1473 1982 νεφέλαις

247 2003 446 2082 ἐντέλλεται,
467 2000 532 2068 ’καὶ
552 2006 661 2088 βρέχει
683 1998 740 2066 ἐπὶ
761 2004 841 2083 μίαν
862 1997 990 2083 μερίδα,
1015 1993 1065 2085 ἐφ’
1089 1995 1129 2082 ἢν
1151 1996 1187 2063 δὲ
1210 1989 1246 2062 ού
1269 2002 1393 2083 βρέχει,
1417 2001 1472 2085 ξη-

246 2111 403 2190 ραίνεται.
448 2105 502 2169 καί
524 2101 583 2190 τὴν
604 2103 664 2184 μὲν
686 2104 745 2189 γῆν
767 2099 889 2168 κελεύει
911 2098 988 2178 τοὺς
1010 2098 1157 2185 καρπούς
1180 2093 1391 2180 ἀποδιδόναι,
1414 2099 1472 2167 τόν

248 2208 284 2273 δέ
303 2201 465 2292 Ἰερεμίαν
485 2203 518 2272 έν
547 2207 586 2290 τῇ
609 2203 718 2290 κοιλίᾳ
741 2202 889 2269 πλάττει.
936 2201 965 2269 εί
987 2203 1148 2270 δὲταῦτα
1170 2203 1226 2266 νῦν
1248 2197 1347 2280 αῦτός
1369 2213 1471 2282 ποιεῖ,

248 2302 306 2374 οῦκ
328 2307 417 2375 ἔστιν
441 2301 638 2394 ἀμφίβολον,
664 2300 717 2370 ότι
738 2306 791 2370 καί
815 2303 898 2370 κατὰ
919 2302 977 2388 τὴν
1000 2298 1099 2390 ἀρχὴν
1122 2298 1179 2368 οῦν.
1201 2296 1390 2389 ἀπηξίωσεν
1413 2299 1471 2370 αῦ-

245 2407 303 2488 τδς
316 2408 359 2478 τά
373 2407 484 2477 πάντα
501 2407 557 2474 διά
570 2409 630 2474 τοῦ
646 2405 745 2492 λόγου
756 2407 916 2492 ποιῆσαι·
938 2409 1019 2490 μέρη
1030 2401 1091 2490 γάρ
1103 2407 1169 2472 τῶν
1181 2400 1267 2471 ὅλων
1279 2404 1348 2472 ἐστὶ
1359 2409 1471 2474 ταῦτα.

333 2517 361 2578 8.
407 2511 448 2575 El
477 2509 512 2572 δὲ
542 2505 596 2573 ότι
622 2506 667 2592 μὴ
700 2505 836 2572 ἐδύνατο
864 2505 906 2572 τά
935 2504 1040 2572 λοιπά
1067 2513 1229 2591 κτίσματα
1251 2511 1309 2594 τῆς
1332 2502 1471 2594 ἀκράτου

247 2608 356 2694 χειρός
387 2613 446 2674 τοῦ
475 2603 671 2692 ’ἀγεννήτου
693 2607 751 2692 τὴν
774 2607 928 2692 ἐργασίαν
949 2606 1128 2693 βαστάξαι,
1150 2608 1252 2692 μόνος
1275 2604 1293 2674 ό
1317 2609 1384 2688 υίὸς
1404 2606 1471 2677 όπό

250 2709 353 2792 μόνου
375 2712 434 2775 τοῦ
456 2711 541 2775 θεοῦ
563 2714 689 2794 γέγονε,
713 2707 754 2774 τὰ
777 2704 809 2772 δ’
834 2706 919 2774 ἀλλα
941 2704 986 2788 τός
1007 2704 1055 2776 δι’
1079 2706 1246 2802 όποηργοῦ
1268 2713 1320 2777 καί
1340 2712 1468 2795 βοηθοῦ

250 2814 310 2878 τοῦ
334 2810 404 2877 οἱοῦ
426 2816 552 2897 γέγονε·
574 2812 629 2876 καί
652 2812 749 2877 τοῦτο
771 2809 832 2896 γὰρ
852 2805 1023 2897 Ἀστέριος
1044 2807 1062 2878 ό
1084 2811 1194 2890 θύσας
1216 2812 1372 2898 ίγραψεν,
1395 2804 1413 2876 ό
1434 2810 1471 2878 δὲ

164 2909 379 2999 ευτ”Αρειος
406 2910 623 3000 μεταγράψας
651 2913 792 2980 1’δέδοικε
814 2923 886 2992 τοῖς
910 2909 1022 2993 ἰδίοις·
1053 2913 1109 2982 καὶ
1130 2913 1250 2981 λοιπὸν
1273 2911 1319 2994 ιός
1340 2912 1470 3000 καλάμῳ

250 3021 485 3104 τεθραυσμένῳ
506 3019 650 3102 χρῶνται
671 3019 717 3103 τῷ
741 3016 889 3103 δημοσίῳ
911 3015 1033 3102 τούτῳ,
1057 3011 1248 3101 ἀγνοοῦντες
1270 3015 1308 3082 τό
1331 3017 1365 3084 ἐν
1387 3011 1471 3101 αύτῷ

251 3117 380 3206 σαθρὸν
403 3115 448 3198 ιός
469 3121 693 3207 παράφρονες.
733 3117 763 3185 εἰ
784 3117 845 3204 γάρ
868 3114 1030 3184 ἀδύνατον
1051 3105 1090 3204 ἦν
1112 3116 1154 3183 τά
1175 3119 1292 3203 γενητὰ
1313 3118 1473 3204 βαστάξοι

250 3221 308 3308 τὴν
333 3226 427 3308 χεῖρα
454 3224 512 3288 τοῦ
534 3224 634 3288 θεοῦ·
665 3221 737 3288 ἔστι
760 3221 796 3285 δὲ
818 3212 894 3284 καθ’
919 3214 1005 3302 ὑμᾶς
1027 3213 1045 3282 ό
1068 3217 1139 3297 υίὸς
1162 3213 1208 3297 είς
1230 3223 1296 3286 τῶν
1317 3221 1471 3308 γενητῶν·

251 3326 325 3401 πῶς
354 3319 452 3400 αὐτὸς
481 3320 630 3408 ἠδυνήθη
659 3326 820 3407 γενέσθαι
840 3319 934 3404 παρὰ
954 3318 1056 3403 μόνου
1078 3325 1136 3388 τοῦ
1160 3325 1262 3404 θεούς
1294 3323 1347 3388 καί
1372 3323 1401 3390 εί
1421 3323 1480 3410 ἵνα1

252 3422 294 3488 τά
326 3421 443 3508 γενητὰ
470 3427 618 3506 γένηται,
652 3427 788 3502 μεσίτου
811 3426 921 3506 γέγονε
939 3427 1049 3507 χρεία,
1083 3423 1215 3510 γενητὸς
1236 3424 1272 3491 δέ
1293 3421 1370 3490 καθ’
1394 3419 1473 3508 ῦμᾶς

254 3520 343 3588 ἐστιν
373 3517 391 3586 ό
414 3519 500 3597 υίός·
530 3520 597 3587 ἔδει
623 3523 676 3586 καὶ
700 3519 767 3607 πρό
790 3515 889 3588 αὐτοῦ
911 3529 1012 3607 μέσον
1034 3523 1110 3592 τινὰ
1131 3521 1231 3603 εἶναι,
1259 3525 1316 3592 ἵνα
1337 3526 1473 3610 κτισθῇ·

254 3625 311 3688 τοῦ
335 3623 371 3689 δὲ
391 3628 527 3705 μεσίτου
550 3621 653 3688 πάλιν
674 3626 728 3689 καί
742 3617 842 3689 αὐτοῦ
857 3631 1035 3710 κτίσματος
1049 3625 1272 3714 τυγχάνοντος,
1289 3625 1409 3713 ἀραρεν
1424 3621 1472 3692 ότι

253 3719 402 3812 κάκεῖνος
424 3723 532 3792 ἐδέετο
553 3729 689 3807 μεσίτου
712 3724 823 3812 ἑτέρου
845 3727 931 3814 πρὸς
952 3728 1010 3817 τὴν
1034 3728 1121 3795 ἰδίαν
1144 3727 1311 3796 σύστασιν.
1344 3727 1405 3815 κᾷν
1425 3751 1475 3805 τις

255 3823 354 3894 ἀλλον
377 3825 553 3914 ἐπινοήσῃ,
585 3825 825 3914 προεπινοήσει
844 3829 902 3896 τόν
925 3830 1048 3897 ἐκείνου
1070 3835 1220 3917 μεσίτην,
1245 3827 1331 3896 ὥστε
1353 3831 1406 3896 καί
1429 3827 1474 3906 είς

255 3925 394 4014 ἀπειρόν
430 3926 591 3995 ἐκπεσεῖν.
636 3924 722 3994 οῦτω
750 3930 785 3996 δὲ
818 3925 870 3998 ἀεὶ
902 3935 960 4000 τοῦ
988 3939 1125 4017 μεσίτου
1153 3933 1365 4020 ζητουμένου,
1401 3925 1474 3997 οὐδὲ

255 4024 274 4114 n‘
297 4035 404 4108 κτίσις
425 4032 585 4115 συστῆναι
607 4028 780 4118 δυνήσεται
802 4033 859 4099 διὰ
879 4033 919 4099 τό
939 4034 984 4121 μὴ
1008 4033 1184 4114 δύνασθαι,
1210 4029 1255 4113 τός
1276 4035 1392 4120 λέγετε,
1414 4055 1475 4116 μη-

256 4132 334 4198 δένα
355 4132 422 4197 τῶν
442 4133 583 4218 γενητῶν
605 4131 770 4217 βαστάξαι
789 4133 849 4220 τὴν
872 4131 1013 4220 ἀκρατον
1033 4145 1128 4222 χεῖρα
1141 4137 1200 4201 τοῦ
1223 4129 1408 4220 θάγενήτου.
1446 4129 1474 4196 εί

326 4303 349 4362 l)
368 4303 430 4352 ΡετΙ.
451 4302 499 4353 100
516 4299 569 4371 [99.
588 4303 675 4373 ΜΗ,
695 4306 719 4358 3.
789 4305 814 4366 ni
832 4307 887 4359 Εεε.
906 4307 948 4370 86,
967 4307 991 4359 2.
1062 4307 1087 4369 3)
1108 4310 1129 4358 l.
1149 4307 1205 4358 Cor.
1223 4307 1248 4370 8,
1267 4306 1289 4358 6.

290 4437 312 4478 τ.
331 4419 371 4470 Sic
388 4435 550 4502 nnnen'mu.
568 4431 592 4473 ει
608 4425 679 4474 cdiii:
698 4424 741 4474 εεδ
756 4393 840 4486 segen-
892 4421 928 4492 [ιι.
941 4421 1082 4492 vn-vniJ
1101 4426 1146 4476 Ιιτα
1162 4425 1193 4476 δι
1210 4439 1237 4476 τε
1255 4425 1367 4486 diximus,
1384 4432 1474 4487 ειςοιε

255 4491 314 4540 dum
340 4493 377 4537 εει
402 4502 549 4555 αγτνητυυ,
577 4499 604 4540 τι
630 4492 744 4554 deinceps
769 4491 841 4541 bibet
892 4493 954 4543 inin
973 4501 1086 4544 uniuntur
1103 4493 1133 4544 ιδ
1152 4492 1274 4544 τοοκλθ.

256 4555 343 4618 Regius
362 4559 442 4609 codex.
478 4559 535 4609 Vide
553 4572 615 4622 quae
634 4558 658 4607 in
676 4559 839 4609 admonitione
926 4561 950 4610 b.
968 4561 1024 4626 neg.
1049 4553 1228 4628 μεταδίδοτε.
1267 4560 1343 4612 Porro
1361 4557 1474 4617 λιίττίττ,
