3176 5058
257 283 298 346 76
653 300 679 342 s.
696 300 849 343 κτωεκειι
863 300 1086 346 mammeam

82 445 87 462 '
171 473 247 518 νεα.
256 447 288 516 σί
307 448 352 534 μὴ
376 444 433 516 διὰ
454 446 551 533 τιμὴν
573 445 632 532 τὴν
655 445 701 526 είς
722 447 780 514 τὸν
800 447 893 528 θεάν,
917 442 1002 516 ἀλλὰ
1023 445 1081 517 διά
1101 447 1160 537 τὴν
1183 445 1302 528 είςτδν
1317 449 1389 518 υίδν
1402 446 1490 518 άτι-

253 556 334 634 μίαν
356 547 468 616 πάντα
488 550 543 615 καὶ
564 551 740 629 ποιοῦντες
762 552 816 617 καὶ
838 551 1027 630 λαλοῦντες,
1052 545 1110 617 οάκ
1132 548 1272 631 εἰδότες,
1300 545 1355 618 ὅτι
1377 546 1397 618 δ
1419 551 1486 620 τὸν

254 650 326 718 υἱὸν
355 644 524 734 ἀτιμάζων
552 643 703 734 ἀτιμάζει
723 650 781 718 τὸν
801 657 940 738 πατέρα.
985 655 1120 737 πρῶτον
1140 653 1200 736 μὲν
1221 651 1284 738 γάρ
1305 646 1365 740 κᾷν
1387 647 1485 720 οὕτω

253 749 312 818 τὸν
333 748 416 817 θεὸν
439 746 653 835 ὀνομάζωσιν,
677 746 716 818 οὖ
738 752 901 822 δείκνυται
922 755 990 820 τῶν
1010 757 1152 842 γενητῶν
1168 749 1186 819 ὁ
1201 751 1306 875 λόγος.
1339 755 1400 842 τῆς
1413 753 1483 840 γὰρ

256 847 372 930 οὐσίας
393 855 451 922 τοῦ
474 850 601 940 πατρὸς
622 848 668 931 ῶς
688 858 830 942 γέννημα
850 854 963 936 πάλιν,
988 851 1094 934 οὕτως
1115 848 1193 942 παρ’
1211 857 1300 941 αυτῷ
1315 853 1407 922 ἐστιν
1422 850 1483 922 ἆῑ-

256 949 345 1032 δίως.
390 949 428 1020 οὐ
459 953 521 1041 γάρ
552 953 592 1021 τὸ
619 951 724 1040 ὄνομα
751 958 849 1022 τοῦτο
877 966 1039 1043 παραιρεῖ
1066 956 1124 1042 τὴν
1152 959 1211 1024 τοῦ
1239 955 1338 1042 λόγου
1360 954 1480 1044 φύσιν,

256 1049 332 1122 οὐδὲ
353 1054 455 1122 πάλιν
476 1056 515 1122 τὸ
538 1051 692 1145 άγένητυν
714 1056 800 1144 πρὸς
819 1057 877 1124 τὸν
901 1055 972 1124 υἱὸν
988 1058 1053 1141 ἔχει
1068 1057 1107 1124 τὸ
1122 1055 1372 1146 σημαινόμενον,
1389 1051 1480 1126 ἄλλά

254 1155 339 1242 πρὸς
366 1155 407 1224 τὰ
433 1155 490 1224 διὰ
516 1161 575 1226 τοῦ
603 1158 677 1225 υἱοῦ
704 1157 870 1244 γενόμενα.
914 1161 969 1226 καί
998 1155 1108 1245 ῶςπερ
1136 1154 1156 1224 ὃ
1183 1157 1241 1226 τὸν
1263 1153 1479 1246 ἇρχιτεὸιτσνα

251 1261 457 1346 πρσςφωνῶν
478 1263 532 1326 καί
554 1260 656 1346 λέγων
678 1259 875 1348 δημιουργὸν
897 1260 1003 1339 υίκίας
1024 1256 1045 1347 ἢ
1066 1258 1197 1339 πόλεως
1218 1253 1255 1326 οὗ
1272 1266 1480 1345 συναριθμεί

250 1363 297 1446 τῷ
325 1355 463 1446 ὀνόματι
489 1361 596 1449 τούτῳ
624 1360 681 1428 τὸν
709 1361 745 1442 ἐξ
766 1356 866 1429 αὐτοῦ
888 1367 1088 1450 γεννηθέντα
1110 1359 1196 1441 υἱόν,
1228 1357 1312 1429 ἀλλὰ
1334 1360 1392 1429 διά
1413 1363 1477 1446 μὲν

249 1459 308 1547 τὴν
342 1461 388 1541 είς
420 1461 463 1530 τά
491 1463 569 1550 ἔργα
595 1469 708 1549 τέχνην
730 1466 783 1530 καί
805 1461 864 1550 τὴν
887 1460 1087 1551 ἐπιστήμην,
1111 1468 1280 1551 σημαίνων
1311 1461 1357 1552 μὴ
1387 1458 1476 1532 εἶναι

163 1581 178 1599 “
251 1557 351 1630 αὐτὸν
371 1568 534 1644 τοιοῦτον,
559 1559 615 1630 οἶά
637 1563 770 1632 ἐστιτὰ
791 1559 869 1650 παρ’
894 1558 995 1631 αὐτοῦ
1010 1564 1177 1651 γενόμενα,
1201 1564 1399 1652 δημωυργὸν
1414 1560 1476 1633 αὗ-

249 1645 312 1728 τὸνΙ
330 1665 433 1742 καλεῖ,
456 1663 514 1752 τὴν
536 1665 572 1732 δὲ
595 1662 695 1753 ηνάσιν
717 1668 775 1731 τοῦ
798 1665 1000 1753 ποιήσαντος
1022 1665 1119 1746 είδάς
1141 1660 1239 1746 οἶδεν,
1263 1664 1363 1734 ἄλλον
1385 1660 1474 1736 εἶναι

251 1760 345 1848 παρὰ
365 1767 469 1832 ταῦτα
490 1764 549 1832 τὸν
571 1765 607 1846 ἐξ
627 1761 728 1833 αὑτοῦ
743 1773 964 1854 γεννηθέντα,
994 1769 1048 1834 καὶ
1072 1766 1129 1836 διὰ
1148 1769 1209 1852 μὲν
1230 1765 1288 1835 τὸν
1310 1766 1382 1834 υίὸν
1403 1793 1473 1836 πα-

250 1867 330 1947 τέρα
351 1859 450 1932 αὐτὸν
471 1867 572 1948 καλεῖ,
598 1866 653 1936 διὰ
676 1869 712 1935 δὲ
732 1865 774 1936 τὰ
797 1867 874 1953 ἔργα
894 1873 1027 1956 κτίστην
1048 1871 1102 1936 καί
1118 1867 1276 1957 ποιητήν·
1298 1867 1356 1937 τὸν
1371 1863 1472 1938 αὐτὸν

250 1961 376 2048 τρόπον
407 1960 426 2030 ὃ
452 1967 554 2052 λέγων
582 1965 687 2048 οὕτως
714 1967 771 2036 τὸν
793 1967 876 2036 θεὸν
898 1965 1053 2058 ἀγένητον
1075 1969 1109 2037 έκ
1130 1974 1197 2038 τῶν
1220 1971 1322 2056 ἔργων
1342 1965 1470 2040 ἀὐτῶν

252 2057 419 2150 ὀνομάζει,
449 2074 617 2156 σημαίνων
644 2069 689 2157 μὴ
718 2069 820 2155 μόνον
847 2070 891 2160 μη
916 2065 1001 2138 εἶναι
1022 2065 1122 2150 αὐτὸν
1143 2071 1293 2159 γενητόν,
1322 2067 1392 2139 ἀλλ’
1417 2069 1471 2142 ὅτι

249 2168 304 2233 καὶ
331 2171 396 2235 τῶν
418 2172 579 2259 ιγενητῶν
607 2171 746 2260 ποιητής
774 2173 879 2253 ἐστιν,
910 2167 981 2240 οἶδε
1006 2177 1066 2256 μέν
1088 2196 1143 2240 τοι
1169 2171 1228 2240 τὸν
1250 2172 1347 2260 λόγον
1369 2173 1470 2242 ἄλλον

250 2265 330 2336 ὄντα
357 2274 423 2338 τῶν
450 2276 591 2361 γενητῶν
621 2273 676 2339 καὶ
703 2271 804 2358 μόνον
834 2274 921 2340 έδιον
942 2277 1001 2340 τοῦ
1024 2273 1152 2361 πατρὸς
1172 2280 1328 2364 γέννημα,
1359 2271 1405 2343 δι’
1429 2267 1469 2344 οὗ

247 2374 301 2440 καί
323 2371 365 2440 τά
386 2373 496 2442 πάντα
516 2381 627 2461 γέγονε
647 2377 700 2442 καὶ
724 2381 906 2461 συνέστηκε.

333 2481 383 2542 30.
428 2476 496 2542 Καὶ
517 2477 577 2563 γὰρ
600 2476 656 2543 καὶ
678 2476 929 2562 παντοκράτορα
950 2474 1008 2544 τὸν
1025 2477 1108 2544 θεὸν
1123 2477 1156 2544 οἱ
1170 2481 1344 2566 προφῆται
1358 2479 1468 2564 λέγον-

247 2597 310 2653 τες,
334 2570 371 2640 οὗ
396 2577 513 2644 διὰτὸ
537 2573 621 2645 εἶναι
642 2577 700 2644 τὸν
721 2577 818 2663 λόγον
834 2578 891 2645 ἕνα
904 2579 970 2643 τῶν
986 2575 1130 2658 πάντων,
1155 2574 1261 2659 οὕτως
1275 2575 1374 2646 αὐτὸν
1389 2580 1467 2650 έπε-

163 2677 424 2744 κατεκαλοῦντο·
445 2675 581 2764 ᾔδεισαν
602 2678 663 2763 γὰρ
685 2677 742 2744 τὸν
765 2678 836 2746 υίὸν
858 2676 958 2746 ἄλλον
981 2675 1062 2746 ὄντα
1075 2682 1142 2748 τῶν
1156 2683 1298 2769 γενητῶν
1311 2683 1363 2746 καὶ
1377 2681 1466 2746 πάν-

248 2805 315 2846 των
342 2781 396 2846 καὶ
424 2773 524 2846 αάτὸν
551 2781 732 2866 κρατοῦντα
755 2779 837 2847 κατὰ
858 2779 916 2868 τὴν
937 2785 996 2849 τοῦ
1019 2781 1147 2870 πατρὸς
1169 2777 1361 2870 ὁμοιότητα,
1391 2774 1459 2848 ἀλλ’

249 2876 301 2948 ὅτι
322 2880 466 2962 πάντων,
491 2870 537 2950 ῶν
559 2881 615 2950 διὰ
636 2884 695 2948 τοῦ
718 2882 790 2949 υἱοῦ
812 2889 1003 2970 πεποίηκεν,
1027 2879 1126 2964 αὐτὸς
1147 2894 1269 2972 κρατεῖ,
1290 2881 1414 2952 τοάτων
1427 2909 1465 2953 τε

245 2981 304 3072 τὴν
326 2983 477 3065 ἐξουσίαν
498 2986 545 3072 τῷ
567 2984 628 3071 υἱῷ
651 2982 781 3064 δέδωκε,
804 2985 859 3050 καὶ
881 2983 1032 3064 δεδωκὼς
1054 2985 1157 3053 πάλιν
1179 2979 1279 3065 αὐτὸς
1300 2988 1365 3052 τῶν
1379 2984 1464 3052 πάν-

244 3111 310 3153 των
339 3085 397 3155 διὰ
424 3089 483 3154 τοῦ
505 3084 603 3172 λόγου
625 3083 775 3172 κυριεύει.
819 3084 922 3152 πάλιν
944 3112 980 3153 τε
1001 3084 1112 3173 κύριον
1133 3090 1200 3154 τῶν
1222 3084 1392 3172 δυνάμεων
1412 3087 1463 3154 λέ-

243 3211 355 3274 γοντες
374 3189 433 3257 τὸν
453 3188 552 3270 δεάν,
584 3183 623 3256 οὗ
653 3187 710 3254 διὰ
730 3187 769 3253 τὸ
793 3180 878 3254 εἶναι
898 3186 954 3254 καὶ
974 3187 1033 3254 τὸν
1055 3187 1152 3275 λόγον
1175 3189 1232 3258 ένα
1252 3187 1379 3256 τούτων
1398 3191 1463 3256 τῶν

175 3369 187 3380 „
245 3289 413 3374 δυνάμεων
441 3285 542 3357 ’τοῦτ’
568 3291 694 3373 ἔλεγον,
723 3282 791 3354 ἀλλ’
818 3282 872 3352 ὅτι
893 3291 951 3354 τοῦ
973 3289 1032 3372 μέν
1054 3290 1128 3357 υἱοῦ
1151 3289 1261 3378 πατήρ
1284 3289 1369 3370 ἐστι,
1399 3292 1462 3390 τῶν

245 3389 281 3455 δὲ
308 3390 365 3457 διὰ
390 3393 449 3456 τοῦ
478 3389 551 3456 υίοῦ
579 3392 762 3473 γενομένων
784 3384 952 3470 δυνάμεων
973 3389 1084 3476 κύριός
1105 3391 1186 3460 ἐστι.
1230 3391 1307 3459 ‘nai
1327 3390 1390 3479 γάρ
1410 3391 1462 3458 καί

244 3484 343 3568 αὐτὸς
364 3488 467 3556 πάλιν
489 3483 508 3554 δ
531 3485 627 3572 λόγος
648 3485 683 3554 έν
704 3488 751 3572 τῷ
773 3490 876 3574 πατρί
899 3483 945 3555 ῶν
966 3491 1101 3561 πάντων
1121 3492 1247 3562 τούτων
1269 3493 1339 3562 ἐστὶ
1354 3491 1463 3580 κύριος

242 3593 297 3655 καί
320 3588 455 3656 πάντων
475 3591 603 3675 κρατεῖ·
626 3585 736 3654 πάντα
756 3587 828 3674 γάρ,
852 3585 915 3658 ὅσα
937 3591 1003 3678 ἔχει
1025 3590 1178 3684 ὁπατήρ,
1200 3597 1260 3662 τοῦ
1276 3595 1348 3662 υἱοῦ
1363 3593 1460 3662 ἐστιν.

243 3689 353 3778 ῶςπερ
385 3681 444 3759 οὖν
471 3693 586 3759 ’τοῦτο
614 3693 766 3758 τοιοῦτον
794 3689 860 3774 έγει
886 3691 944 3760 τὸν
971 3697 1063 3775 νοῦν,
1097 3691 1203 3776 οὕτως
1225 3692 1243 3763 ὁ
1263 3694 1461 3784 βουλόμενος

242 3796 347 3882 λέγειν
366 3793 427 3862 τὸν
447 3793 531 3863 θεὸν
553 3790 716 3882 ἀγένητον,
740 3793 858 3880 λεγέτω
879 3792 952 3880 μήν,
978 3793 1012 3862 εί
1030 3792 1123 3879 άπαξ
1136 3795 1242 3878 οὕτως
1256 3791 1345 3885 αάτῷ
1361 3799 1457 3877 δοκεῖ,

241 3895 286 3985 μὴ
307 3901 423 3982 μέντοι
444 3896 502 3965 διὰ
527 3895 566 3962 τὸ
595 3890 759 3965 είναιτὸν
780 3894 878 3981 λόγον
899 3898 966 3962 τῶν
987 3901 1145 3986 γενητῶν,
1178 3894 1247 3966 ἀλλ’
1272 3895 1341 3982 δτι,
1370 3896 1460 3966 καθά

240 4007 417 4085 προεῖπον,
441 3989 564 4078 δ’δεδς
584 3993 621 4066 οδ
643 3995 746 4084 μόνον
769 3991 827 4063 οὐκ
849 3996 920 4063 έστι
941 3998 1082 4085 γενητάς,
1107 3995 1192 4068 ἀλλὰ
1213 4003 1266 4069 καί
1289 4003 1357 4069 τῶν
1370 4025 1460 4088 ymp-

240 4102 307 4166 τῶν
328 4099 468 4189 ποιητής
491 4100 562 4168 ἐστι
583 4100 640 4169 διὰ
660 4104 719 4168 τοῦ
743 4100 829 4168 ἰδίου
851 4095 962 4183 λόγου.
1005 4104 1058 4169 καὶ
1080 4100 1142 4190 γὰρ
1161 4105 1220 4170 ’καὶ
1242 4098 1348 4182 οὕτως
1368 4103 1459 4188 λεγοι-

238 4207 338 4286 μίνυυ
366 4203 424 4268 τοῦ
453 4203 594 4290 πατρός,
625 4203 728 4272 πάλιν
758 4201 853 4269 εἰκῶν
875 4192 894 4264 δ
917 4199 1014 4290 λόγος
1034 4203 1104 4272 έστὶ
1126 4207 1179 4272 καί
1203 4200 1381 4289 ὁμευύσιυς
1400 4205 1457 4272 τοῦ

273 4405 294 4441 ε.
312 4392 384 4444 ΒεεῑΙ.
403 4385 495 4444 αδτάν.
637 4357 640 4364 ¹
911 4410 931 4444 ε
951 4395 991 4445 Sic
1002 4395 1058 4459 δερ.
1078 4403 1101 4446 ει
1119 4396 1189 4448 Βιείί.
1226 4395 1271 4448 Alii
1287 4409 1344 4447 τετυ
1363 4401 1386 4446 ει
1404 4393 1458 4445 editi

271 4459 295 4508 b.
313 4459 353 4510 sie
370 4461 426 4525 fleg.
462 4463 491 4514 Δί
514 4459 555 4512 alii
573 4467 597 4512 ει
614 4459 687 4510 editio
706 4455 823 4510 commui.
876 4452 947 4513 τοῦτ’
966 4455 1062 4528 &arv-
1245 4449 1259 4470 '

236 4519 407 4594 γενημάτονν,
