3174 5082
196 311 236 374 14
525 343 528 350 ι
709 327 882 372 enarrarre.

279 477 380 556 Itaque
402 475 536 537 recensui
554 491 667 549 omnes,
690 495 765 556 quae
780 477 852 538 mibi
866 478 1067 548 innotuerunt,
1089 477 1414 558 bibliothecas'patrum

194 578 375 658 dogmaticas
391 593 424 637 ac
438 575 598 655 polemicas
615 586 645 638 et
659 577 769 639 diutius
785 597 871 657 quam
883 580 914 640 in
929 579 1026 640 animo
1038 578 1209 653 habueram,
1224 578 1344 658 negotio
1357 579 1416 640 hoe

194 680 268 741 satis
291 677 416 738 molesto
439 695 486 738 me
508 689 614 755 passus
637 697 703 740 sum
727 680 862 740 detineri.
907 679 964 740 Sed
997 697 1057 740 non
1078 679 1163 760 potui
1185 682 1255 760 quin
1277 679 1413 760 pluribus

193 778 293 841 verbis
305 795 506 840 commorarer
517 779 548 839 in
563 779 697 841 consiliis
712 780 857 842 editorum
871 781 1051 860 explicandis
1071 789 1101 842 et
1112 781 1304 844 describenda
1317 780 1412 842 libro-

193 898 260 941 rum
275 878 407 950 materia,
423 897 509 958 quam
528 879 558 940 in
572 881 721 961 plerisque
739 899 775 943 ex
794 883 867 943 sulis
885 881 977 944 titulis
999 899 1179 962 cognoscere
1195 899 1283 943 nemo
1302 888 1413 961 potest.

76 979 78 984 ’
191 983 255 1046 lam
277 983 333 1042 bac
353 980 456 1041 notitia
478 980 637 1044 lectoribus
659 982 790 1044 subiecta
812 991 952 1044 testatum
974 983 1130 1063 estquod
1152 982 1230 1045 volui
1253 981 1414 1056 testificari,

191 1081 350 1164 praecipua
372 1089 486 1162 patrum
499 1100 670 1162 graecorum
684 1101 761 1145 saec.
775 1083 822 1144 tv.
839 1091 869 1144 ct
882 1083 916 1144 V.
935 1085 1077 1162 opuscula
1088 1083 1263 1164 dogmatica,
1285 1099 1414 1162 quorum

193 1184 369 1266 exemplaria
391 1184 562 1265 supradixi
584 1185 711 1246 maxime
732 1183 907 1255 desiderari,
930 1182 1044 1245 abillis
1067 1183 1290 1247 collectionibus
1307 1181 1415 1245 abesse

192 1301 288 1366 neque
309 1285 398 1364 igitur
420 1293 520 1348 extare
541 1285 628 1347 talem
651 1303 755 1347 eorum
778 1283 933 1356 delectum,
956 1285 1007 1363 qui
1029 1285 1208 1346 desiderium
1231 1285 1413 1364 integrorum
1523 1269 1531 1280 ⁵

193 1405 317 1468 operum
340 1386 559 1466 quodammodo
583 1386 706 1465 expleat.
749 1383 928 1464 Excipienda
957 1386 1059 1463 utique
1086 1393 1132 1446 est
1153 1385 1333 1447 Bibliotheca
1356 1401 1412 1464 pa-

79 1540 86 1552 .
189 1497 268 1551 unm
284 1487 485 1562 Roesleriana‚
510 1486 587 1547 sicut
608 1503 644 1546 rx
665 1485 804 1546 universa
827 1483 959 1546 eiusdem
982 1485 1170 1547 institutione
1191 1485 1278 1565 paulu
1303 1493 1371 1546 ante
1396 1503 1413 1545 c

191 1609 239 1652 me
261 1587 433 1649 adumbrata
455 1591 586 1664 apparet.
630 1584 768 1646 Continet
795 1584 874 1645 eninr
902 1585 1050 1647 volumine
1080 1589 1185 1669 quinto
1213 1595 1348 1664 excerpta
1377 1603 1414 1646 ex

190 1687 343 1750 nonnuliis
364 1685 514 1746 Athanasii
535 1685 697 1764 opusculis,
720 1703 755 1746 ex
776 1685 899 1749 Eusebii
921 1687 1148 1768 Praeparatiuue
1170 1695 1201 1748 et
1218 1686 1395 1748 Demonstro

190 1791 273 1852 tione
295 1785 459 1864 evangelica
481 1792 568 1864 atquc
589 1786 684 1848 tribus
707 1786 743 1848 de
765 1787 913 1866 theologia
936 1788 1135 1851 ecclesiastica
1156 1787 1251 1862 libris,
1268 1805 1301 1848 er
1325 1785 1414 1848 Cate-

192 1887 330 1952 ctericus
352 1886 456 1949 Xlilll.
480 1885 576 1966 Gyrilli
597 1887 873 1967 hierosolymitani:
897 1901 983 1952 sento
1007 1907 1042 1951 ex
1064 1892 1211 1952 Ancorato
1235 1897 1265 1952 et
1286 1887 1413 1950 Panario

190 1988 356 2070 Epiphauii,
389 1995 542 2068 praeterea
571 2007 607 2050 ex
629 1989 688 2050 Titi
710 1988 880 2051 Bostrensis
908 1999 1010 2052 contra
1032 1991 1219 2053 Manichacus
1248 1997 1278 2052 et
1298 1988 1413 2068 Didymi

190 2090 379 2154 Alexandrini
410 2089 447 2150 de
481 2087 587 2168 spiritu
622 2097 724 2152 sancto
757 2089 858 2151 libris:
895 2098 1018 2172 septrirru
1051 2094 1198 2172 epitomas
1231 2092 1412 2171 scripturum

190 2193 417 2274 praecipuorum
436 2190 645 2271 Basiliiblagni
667 2200 697 2253 et
720 2191 874 2271 utriusque
890 2191 1035 2271 Gregorii,
1057 2193 1127 2254 item
1149 2193 1294 2254 historiae
1316 2191 1412 2252 eucle-

191 2294 328 2356 siasticee
359 2291 491 2370 Evagrii:
527 2302 632 2355 octauo
664 2291 823 2354 summaria
857 2292 953 2372 Cyrilli
985 2285 1173 2355 Alexandrini
1201 2293 1346 2354 librorum
1377 2292 1412 2353 v.

190 2405 294 2457 contra
325 2393 496 2455 Nestorium
533 2401 562 2454 et
593 2393 682 2455 unius
715 2401 818 2454 contra
852 2393 1189 2474 Anthropomurpbitns‚
1227 2393 1413 2472 dialogorum

191 2493 383 2566 Theodoreti,
406 2494 534 2572 denique
548 2478 670 2554 loannis
687 2493 858 2555 Damasceni
882 2493 918 2555 de
934 2495 1176 2558 orthodoxaiide.
1205 2495 1292 2575 Atqui
1313 2511 1412 2568 nemu,
1488 2535 1495 2550 .

191 2597 291 2668 uredo,
313 2608 393 2654 nunu
415 2593 480 2663 erit,
504 2593 553 2671 qui
575 2593 744 2667 arbitretur,
767 2595 963 2656 Ruesleriano
984 2611 1074 2672 opere
1096 2595 1252 2658 desideriis
1276 2603 1306 2656 et
1327 2613 1412 2656 com-

190 2696 288 2758 modis
321 2693 544 2772 theologorum,
579 2694 685 2773 quibus
712 2695 761 2756 ille
796 2694 942 2756 inseruire
978 2694 1085 2768 voluit,
1121 2695 1194 2756 satis
1233 2713 1300 2755 esse
1336 2712 1411 2775 pru-

191 2807 324 2876 spcctum
346 2793 435 2873 idque
457 2793 544 2855 etiam
567 2794 625 2855 boc
645 2802 749 2856 nostru
771 2805 905 2875 ternpore
924 2795 1066 2857 historiae
1081 2795 1249 2874 dogmatum
1266 2795 1412 2858 studiosis

161 2922 164 2930 ·
191 2894 456 2959 commendandum
471 2911 546 2955 esse
568 2901 706 2975 tanquam
728 2897 980 2959 accommodatum
1002 2897 1138 2976 ipsorum
1158 2885 1264 2958 bsibus
1287 2904 1317 2959 et
1345 2897 1410 2961 sul-

190 2998 303 3060 ticieus.
349 2993 453 3068 Quint
486 2996 565 3074 quud
599 2995 757 3059 Roeslerus
790 2999 854 3079 ipse
884 2997 994 3074 sensit,
1029 2999 1060 3061 in
1090 2998 1235 3062 eiusmodi
1265 2996 1412 3077 excerptis

190 3099 376 3178 acquiescere
402 3115 462 3159 nun
491 3115 597 3178 posse,
630 3099 680 3180 qui
711 3100 742 3161 in
778 3100 1002 3164 familiaritatem
1037 3108 1153 3182 patrum
1185 3099 1296 3162 intrare
1323 3105 1413 3174 atquo

187 3199 306 3281 penitus
328 3199 359 3261 in
382 3199 559 3280 theologiam
582 3220 686 3263 eurum
708 3220 741 3262 se
763 3201 914 3262 insinuare
935 3203 1036 3270 velint,
1059 3209 1089 3260 et
1109 3207 1267 3277 propterea
1285 3197 1413 3272 graviter

188 3301 219 3362 in
241 3299 424 3379 praelatione
446 3302 617 3358 exhortatus
640 3307 686 3358 est
708 3297 874 3374 theologos,
898 3306 939 3369 ut,
971 3298 996 3357 si
1019 3297 1099 3355 vires
1121 3294 1232 3373 ingenii
1254 3301 1412 3372 suppetant

190 3407 220 3460 et
240 3400 334 3458 otium
355 3395 559 3473 librorumque
581 3395 682 3470 copia,
708 3394 824 3470 integra
851 3401 967 3473 patrum
995 3393 1105 3471 scripta
1133 3411 1236 3472 graece
1264 3400 1294 3454 et
1320 3392 1412 3454 latine

189 3497 288 3573 legant
308 3509 405 3572 neque
426 3492 484 3553 hou
504 3491 605 3553 labore
627 3491 815 3570 supersederi
837 3511 929 3573 posse
952 3495 1121 3573 opinentur.
1165 3491 1282 3554 Etenim
1309 3493 1358 3574 qni
1374 3495 1411 3556 ad

189 3602 305 3675 patrum
317 3591 472 3655 lectionem
486 3611 519 3654 ae
534 3593 690 3654 conserunt
703 3591 758 3652 hac
770 3603 878 3667 mente,
891 3594 1006 3656 atinde
1019 3595 1229 3655 accuratiorem
1242 3593 1411 3674 dogmatum

189 3695 326 3757 notitiam
354 3693 504 3767 hauriant,
538 3711 598 3754 non
627 3692 699 3754 satis
733 3692 842 3755 habent
868 3711 977 3766 nosse,
1006 3693 1075 3774 quid
1103 3695 1267 3773 argumenti
1295 3697 1421 3774 singule·

190 3796 299 3874 scripta
321 3795 457 3868 habeant,
481 3794 510 3857 id
533 3795 611 3874 quud
635 3793 790 3856 commode
813 3813 848 3856 ex
870 3795 1039 3857 summariis
1060 3794 1134 3856 disci
1156 3804 1273 3875 potest:
1308 3796 1360 3858 sed
1384 3795 1410 3857 si

189 3905 268 3958 recte
291 3895 388 3958 officio
412 3913 468 3956 suo
510 3896 686 3975 iunguntur,
718 3893 805 3955 etiam
836 3896 866 3957 in
896 3895 1047 3975 propriam
1075 3903 1228 3958 aucturum
1251 3897 1409 3978 cogitandi,

189 3995 422 4076 argumentandi,
445 3996 685 4077 philosophandi,
714 3996 889 4075 scripturam
911 4015 1024 4058 sacram
1046 3997 1270 4078 interpretandi,
1293 3997 1411 4060 dicendi

189 4097 374 4159 scribendire
394 4097 539 4160 rationem
561 4105 649 4178 atque
671 4097 700 4158 in
724 4097 893 4166 universam
915 4097 1103 4172 methodum,
1126 4118 1183 4180 qua
1206 4099 1236 4160 in
1258 4099 1411 4178 explican-

190 4199 236 4261 dis
265 4198 450 4278 dogmatibus
478 4200 525 4260 usi
555 4206 639 4270 suut,
668 4197 836 4278 diligentius
869 4199 1031 4278 inquirunt.
1074 4199 1153 4262 llaec
1184 4209 1280 4260 autem
1305 4207 1334 4260 et
1356 4195 1411 4259 alia

189 4317 256 4363 curn
274 4300 321 4362 bis
344 4301 500 4363 coniuncta
522 4299 714 4362 animadverti
736 4309 764 4361 et
787 4299 914 4380 perspici
937 4317 997 4361 non
1029 4307 1175 4379 possunt,
1207 4299 1264 4360 nisi
1296 4299 1411 4377 integra

189 4401 299 4482 scripta
319 4401 454 4482 legantur
476 4410 506 4464 et
525 4402 703 4482 relegantur.
747 4401 865 4463 Accedit
885 4400 965 4480 quud
988 4401 1037 4480 qui
1061 4400 1207 4481 excerptis
1229 4401 1274 4462 uel
1290 4399 1412 4462 selectis

189 4502 335 4584 capitibus
357 4503 394 4567 ab
416 4503 474 4566 alio
495 4503 660 4585 propositis
682 4503 783 4578 utitur,
805 4501 938 4564 rationes
961 4519 1124 4583 suspensas
1146 4501 1235 4564 babet
1256 4521 1292 4564 ex
1313 4499 1411 4564 alieno
