3176 5058
484 285 629 330 ΕΡΙΠΟΙΛ
642 285 681 328 DE
697 285 863 330 ΒΒΝΤΕΜΙΑ
877 283 1020 330 DIONYSll·
1305 277 1363 340 115

138 445 246 510 habere
267 440 535 506 existimationem:
559 437 668 499 Oresio
690 441 768 499 carba
790 435 875 499 clero
890 437 1216 518 suotr'otellr'penubur
1231 451 1260 502 et
1283 455 1450 505 rectores.

136 546 358 610 invenientibus
381 545 547 606 suestram.
592 537 836 617 Quandoquidem
851 547 948 602 autem
963 538 1128 602 Catholicae
1142 540 1294 605 Ecclesiae
1309 543 1368 604 lide

137 667 199 714 non
222 645 332 710 eruditi
354 645 386 704 in
407 641 588 722 impietatem
611 647 681 702 sunt
710 639 848 720 collapsi,
880 657 914 702 ac
938 649 1038 702 mente
1065 641 1193 722 denique
1220 643 1367 706 excaecati

137 767 214 828 quae
236 755 319 808 recta
347 749 418 806 suut
440 739 559 819 obliqua
589 739 774 812 existimant,
802 739 961 819 limusque
987 740 1080 803 lucem
1109 743 1247 806 tenebras
1277 753 1450 808 tene-ress,

138 849 271 926 brasque
291 845 388 908 lucem
410 840 608 914 arbitrantur3
638 839 891 920 operaepretium
912 840 1011 912 luerit,
1032 851 1066 904 ut
1091 843 1212 906 aliaraun
1233 847 1364 927 Dionysii
1464 873 1479 886 ·

141 946 337 1028 epistolarium
359 943 447 1006 rerba
468 941 678 1014 adhibeamus,
708 939 803 1002 allatis
832 940 870 1002 ad
890 940 1034 1034 mpiorem
1054 941 1267 1009 haereticorum
1290 967 1365 1010 cou-

143 1046 319 1111 lutationem
341 1063 442 1108 earum
463 1043 687 1106 scribendarum
709 1041 824 1116 causis3
847 1059 974 1121 quarum
996 1041 1085 1102 lectio
1107 1059 1164 1102 nos
1185 1046 1222 1106 ad
1242 1048 1307 1110 talia
1328 1051 1365 1110 de

142 1149 215 1212 lliro
238 1145 390 1210 sentienda
412 1155 499 1225 atque
520 1143 668 1224 loquenda
689 1142 812 1206 induxit.

231 1555 281 1618 13.
325 1550 404 1612 llaec
431 1567 501 1610 vero
525 1566 613 1610 causa
635 1546 677 1610 illi
699 1547 756 1610 luit
776 1545 849 1610 alias
872 1547 1079 1610 conscribendi
1101 1547 1255 1628 epistolas.
1299 1549 1372 1612 Cum

139 1655 301 1736 Dionysius
323 1652 495 1733 episcopus,
516 1655 676 1730 postquam
698 1648 735 1710 do
753 1646 985 1726 l’eutapolitanis
1007 1647 1230 1734 illudidicerat,
1252 1654 1369 1732 episto-

137 1757 207 1830 lam,
231 1755 274 1818 uti
295 1753 354 1816 iam
376 1752 452 1824 dixi,
475 1759 581 1813 contra
603 1749 723 1812 Sabellii
744 1748 891 1812 haeresim
913 1749 950 1810 ad
970 1750 1158 1814 immanium
1182 1763 1211 1816 et
1231 1753 1368 1834 Euphra·-

141 1875 248 1918 norem
268 1854 368 1916 studio
389 1853 541 1932 religionis
563 1858 719 1932 permotus
742 1850 933 1931 scripsisset,
956 1851 1074 1930 quidam
1096 1872 1132 1916 ex
1152 1853 1285 1920 Ecclesia
1305 1856 1367 1918 lra-

144 1967 224 2029 tres,
247 1973 336 2018 sanae
358 1955 474 2035 quidem
497 1954 649 2016 doctrinae
671 1952 825 2025 homiues,
847 1969 908 2013 non
930 1952 1070 2014 sciscitati
1092 1963 1189 2018 umen
1210 1973 1289 2030 eum,
1311 1975 1368 2036 qua

142 2059 181 2122 de
203 2075 292 2120 causa
313 2057 351 2118 ita
373 2055 556 2135 scripsisset,
579 2053 703 2116 Romam
726 2071 760 2115 se
781 2053 933 2116 conludere
954 2053 1094 2134 illumque
1115 2057 1192 2138 apud
1213 2057 1368 2136 cognomi-

141 2178 211 2224 nem
231 2159 405 2240 llioupsium
427 2158 594 2220 Romanum
617 2155 790 2236 episcopum
819 2163 1002 2218 accusarunt
1049 2156 1164 2229 Quibus
1191 2157 1240 2218 illc
1262 2157 1370 2220 auditis

141 2281 199 2326 uua
221 2261 344 2342 scripsit
365 2269 395 2322 et
416 2267 519 2322 contra
542 2257 660 2320 sabelli
682 2265 846 2318 sectatores
869 2264 899 2318 et
914 2265 1017 2318 conus
1032 2275 1095 2329 eos,
1119 2257 1169 2335 qui
1189 2257 1254 2320 eins
1270 2267 1373 2319 esseut

141 2363 328 2434 sententiae,
351 2379 440 2438 quam
461 2379 529 2422 curo
550 2369 620 2438 post
640 2359 727 2420 brius
750 2356 940 2437 protulisset,
969 2355 1006 2417 ab
1028 2355 1160 2418 Ecclesia
1182 2364 1229 2418 est
1249 2357 1371 2432 eiectus,

142 2463 296 2541 aequalem
319 2459 402 2522 mens
424 2459 493 2522 licet
515 2477 551 2521 ex
572 2459 715 2522 diametro
737 2458 905 2539 oppositam
923 2455 1042 2518 Sabellii
1064 2455 1244 2537 impietatem
1269 2477 1371 2522 eorum

143 2561 359 2643 blasphemiae,
382 2561 432 2642 qui
454 2561 570 2634 dicunt,
593 2559 720 2624 Verbum
741 2557 795 2622 nei
818 2567 994 2632 creaturam,
1017 2557 1167 2638 opilicium
1189 2568 1219 2622 et
1239 2578 1303 2624 rem
1324 2561 1369 2622 la·

144 2673 222 2728 ctam
244 2681 320 2728 esse.
363 2663 444 2726 blisit
465 2681 583 2744 quoque
605 2663 642 2724 ad
664 2662 839 2741 Dionysium
861 2661 992 2738 litteras,
1016 2667 1049 2722 ut
1069 2659 1226 2736 indicaret,
1255 2681 1311 2742 qua
1333 2663 1370 2724 de

146 2783 180 2826 re
201 2772 355 2828 acnrsatus
377 2765 413 2827 ab
436 2765 495 2827 illis
517 2765 644 2848 luisset..
665 2763 718 2824 llle
739 2781 809 2824 vero
832 2761 1048 2842 quamprimum
1063 2763 1108 2825 sui
1123 2763 1267 2842 purgandi
1282 2781 1370 2826 causa

146 2863 241 2926 libros
264 2864 367 2938 edidit,
388 2883 473 2942 quos,
486 2863 641 2942 inscripsit
661 2863 808 2924 Elenchus
831 2869 861 2923 et
880 2861 1032 2942 Apologia.
1076 2863 1129 2925 llic
1154 2863 1370 2926 animadvertas

146 2963 237 3026 velim
259 2964 451 3026 execrandam
473 2961 583 3024 Christi
604 2961 736 3023 hostium
759 2961 914 3035 officinam,
938 2971 967 3024 et
987 2981 1046 3042 quo
1059 2973 1145 3044 pacto
1161 2966 1197 3028 ad
1212 2983 1296 3028 suam
1311 2963 1370 3045 ipsi

148 3064 344 3146 ignominiam
365 3064 439 3126 haec
460 3063 616 3126 moverint.
660 3061 732 3124 Cum
762 3062 839 3124 enim
860 3061 1018 3142 Dionysius
1039 3063 1190 3128 llomanus
1212 3067 1370 3146 episcopus

146 3167 292 3230 adversus
313 3185 367 3228 eos
391 3167 479 3228 eliam
502 3163 665 3244 scripserit,
688 3164 737 3244 qui
760 3163 978 3228 dicuutFihurn
995 3164 1047 3227 liei
1069 3173 1233 3229 creaturam
1256 3175 1285 3228 ot
1306 3183 1370 3228 rem

146 3271 252 3330 lacum
275 3287 351 3343 esse,
375 3267 487 3347 liquido
510 3274 637 3340 constat,
659 3285 719 3328 nou
743 3266 928 3347 iamprimurn
951 3268 1004 3329 sed
1019 3267 1090 3329 olim
1105 3285 1222 3348 quoque
1243 3265 1280 3328 ah
1302 3285 1370 3328 om-

145 3368 236 3432 nibus
264 3369 447 3432 anathemate
479 3369 646 3470 damnatam
667 3369 761 3432 luisse
784 3369 892 3432 Christi
913 3369 1046 3431 hostium
1067 3369 1241 3432 hunnorum
1263 3368 1369 3430 haere-

145 3469 215 3532 sim.
259 3469 368 3532 Deinde
397 3489 463 3534 cum
484 3472 646 3552 Dionysius
668 3471 885 3534 Alexandrinus
914 3471 1073 3551 episcopus
1101 3470 1137 3532 de
1164 3469 1290 3551 epistola
1317 3487 1371 3530 sua

146 3589 219 3632 sese
239 3573 378 3651 purgarit,
400 3575 495 3653 palarn
518 3583 566 3636 est
586 3573 671 3636 illum
692 3591 749 3634 noc
770 3571 835 3634 eius
857 3570 952 3632 luisse
974 3571 1148 3646 sententiae,
1169 3591 1256 3652 quam
1273 3571 1300 3633 ei
1315 3571 1370 3633 nd-

142 3671 289 3746 scribunt,
311 3691 407 3754 neque
428 3675 551 3736 omnino
573 3691 664 3754 prava
684 3673 746 3735 hrii
767 3673 903 3735 doctrina
924 3672 1068 3736 imbutum
1089 3673 1189 3736 luisse.

141 3959 212 4008 orosii
237 3957 295 4030 liber
319 3957 442 4005 recurrdor.
480 3955 548 4004 Colb.
576 3963 599 4004 et
624 3955 668 4004 les.
687 3955 735 4004 rori
821 3959 1043 4022 possideretis
1068 3960 1166 4012 Taurin.
1192 3970 1216 4012 et
1240 3963 1284 4012 lex.
1321 3961 1369 4012 lbi·

142 4016 236 4074 sabroe
261 4018 343 4086 loyor
364 4022 389 4086 β.
432 4022 479 4073 Sed
510 4030 686 4086 consequenter
709 4037 736 4072 ee
787 4025 840 4076 dem
859 4027 956 4078 Tanriu.
975 4028 1078 4078 etColb.
1095 4024 1228 4094 γεννητόν
1246 4029 1369 4078 mendose.

144 4091 263 4158 pseneodu
282 4103 338 4139 esse
356 4097 465 4154 palates
486 4090 694 4154 prsocedeotiboa.
787 4092 838 4144 llos
858 4095 913 4157 lleg.
933 4097 1029 4146 l'ourin.
1049 4094 1119 4144 Colb.
1138 4097 1183 4146 les.
1203 4107 1224 4147 et
1243 4098 1308 4146 inl.
1321 4091 1369 4144 τὸν

184 4175 206 4208 e.
225 4151 302 4206 ἔστιν
320 4147 387 4216 αὕτη
407 4159 474 4208 deest
493 4158 514 4207 iu
536 4157 605 4208 Colh.
789 4159 919 4211 reddenti
937 4156 1027 4226 λόγον.
1064 4163 1089 4211 lo
1109 4164 1179 4213 editis
1198 4159 1247 4212 τόν
1264 4165 1340 4212 deest.

184 4228 202 4275 l.
221 4227 316 4275 laurio.
336 4225 382 4274 lea.
402 4217 525 4291 ἀδελφοί.
555 4227 619 4275 loira
639 4226 736 4276 Teurin.
822 4229 845 4278 b.
863 4231 919 4293 llrg.
938 4230 1035 4280 Tanain.
1060 4231 1128 4279 Colb.
1157 4231 1202 4280 les.
1217 4225 1369 4296 χριστομά-

144 4293 221 4345 Colh.
241 4285 278 4344 eir
296 4285 464 4360 τήνῬαίμην.
491 4295 551 4344 Editi
569 4288 737 4360 consparsio
782 4309 852 4362 χων.
887 4298 948 4346 Editi
966 4288 1123 4360 θεομάχων.

143 4353 201 4420 τὴν
215 4351 326 4425 Ῥώμην.
352 4361 426 4411 Porro
445 4361 734 4427 epistolasliionysiiiio·
821 4366 836 4414 i.
852 4355 1053 4430 χριστομάχων
1076 4363 1143 4412 deest
1167 4365 1190 4412 in
1210 4363 1281 4412 Toni.
1300 4362 1370 4413 Colb.

149 4428 216 4478 mani
235 4429 296 4477 intra
317 4437 462 4479 memoratae
486 4430 548 4479 head
576 4431 657 4492 erigus
677 4447 734 4496 pars
787 4433 869 4481 lenuit.
1252 4451 1257 4461 ·

144 4493 259 4545 adlerlor
277 4496 299 4544 io
319 4498 470 4559 praecedenti
490 4505 589 4548 tractatu
609 4513 675 4548 num.
693 4498 732 4548 lo.
822 4499 845 4546 l.
864 4495 961 4544 louein.
982 4495 1049 4544 Colb.
1070 4495 1114 4544 les.
1134 4488 1170 4547 uir
1188 4478 1271 4540 ciros.

1135 4574 1173 4624 ὃ*
