3174 5082
705 297 878 344 numerio.
1364 288 1398 348 .t
1455 309 1457 320 ·
1481 264 1485 275 “

179 450 342 518 advertisse
356 451 446 532 idque
461 449 521 514 sibi
535 448 744 530 proposuisse,
760 458 792 512 ιιι
806 447 984 530 praecipuos
996 468 1102 514 eorum
1111 459 1255 516 uumerus
1265 453 1401 533 seligeret

112 567 115 572 ·
178 565 210 616 et
229 553 350 618 iunctim
373 553 487 624 ederet,
509 569 568 631 gno
590 548 736 628 theologis
757 549 922 628 paratiores
944 559 1058 614 essent.
1101 551 1135 614 ld
1149 571 1221 617 vero
1235 572 1275 617 us
1290 564 1401 618 temem

177 652 434 738 dictumridentur
454 651 512 714 boc
531 651 667 724 oonsilio,
690 657 722 712 ut
744 668 838 714 mecm
861 651 1096 733 qualemcunque
1118 673 1240 734 operam
1260 655 1403 720 novituu'e

177 754 263 818 titulo
290 751 454 816 lectoribus
483 752 704 822 commendem,
736 748 928 816 bibliothecas
961 761 1078 833 panim
1107 757 1232 820 selectas
1260 757 1403 838 operum

178 853 346 934 dogmatice
372 852 559 916 continentes
595 863 626 914 et
659 850 903 914 obrestcmntbies
931 855 1097 934 peuisticas
1130 858 1294 922 arcontius
1327 876 1401 940 per-

180 953 322 1018 censebo.
374 952 418 1016 lu
446 953 535 1018 simul
560 952 638 1035 opud
668 952 796 1016 lectmes
824 951 896 1014 illud
923 971 1067 1034 exsequier
1094 960 1223 1022 officium
1250 977 1400 1039 recogno.

182 1054 284 1118 scendi
306 1052 405 1118 studio
427 1063 458 1118 et
476 1053 582 1118 merite
606 1067 722 1122 eornm.
744 1051 794 1131 qni
817 1051 905 1114 nobis
928 1056 1099 1118 nuctnritnts
1121 1078 1175 1122 sua
1196 1063 1333 1143 inopere
1354 1063 1400 1126 lu-

180 1155 288 1220 ciuudo
316 1153 521 1234 praeiverunt:
542 1150 623 1231 quod
644 1151 775 1216 officium
802 1167 884 1216 nuuc
904 1153 982 1216 baud
1004 1155 1090 1235 paud
1110 1156 1248 1237 ignorant
1272 1171 1324 1226 ent
1343 1181 1399 1227 ne-

126 1277 128 1282 ·
178 1255 302 1338 gligunt.
920 1259 935 1330 J

266 1355 325 1430 Qui
347 1356 377 1418 iu
398 1353 521 1416 historia
542 1352 709 1434 tbeolngise
730 1353 874 1418 litteraris
895 1353 1006 1418 versuti
1027 1365 1105 1432 sunt,
1132 1359 1231 1424 sciunt
1251 1362 1402 1426 mbeotio·

115 1509 121 1520 .
180 1475 236 1520 nes
258 1457 437 1538 scriptorum
459 1453 740 1529 eedesinstioornm,
767 1473 843 1534 quse
869 1455 1042 1540 promiscue
1068 1457 1265 1526 bibliothecae
1286 1471 1405 1543 petrum

63 1569 66 1583 ·
178 1558 325 1632 dicuntur,
345 1575 402 1636 pro
424 1555 552 1620 dirersis
573 1555 722 1618 editorum
744 1557 876 1620 consiliis
897 1554 1013 1618 delectu
1033 1556 1179 1622 librorum
1201 1560 1327 1624 multum
1344 1561 1404 1625 dil·

177 1660 256 1723 lerre
276 1659 452 1738 diremngue
472 1657 590 1722 ratione
616 1675 685 1726 esse
713 1657 904 1738 compositos.
947 1655 1029 1720 suco
1058 1660 1140 1722 euim
1167 1659 1265 1723 amics
1293 1662 1404 1726 veteris

176 1769 208 1824 et
228 1760 344 1824 mediae
365 1758 470 1823 netutis
492 1759 655 1839 scriptores
678 1757 904 1832 ecclesiasticos.
926 1755 977 1836 qui
997 1759 1139 1836 pauciore
1154 1759 1319 1825 litterarum
1334 1781 1403 1826 mo-

177 1869 320 1924 numento
339 1858 538 1939 reliquerunt,
566 1859 802 1940 complectuntur
829 1875 991 1938 eorumque
1019 1876 1110 1939 opere
1138 1877 1213 1940 quae
1240 1871 1406 1946 supersunt

178 1961 281 2026 omnia
301 1961 456 2024 continent
476 1968 527 2024 cut
547 1959 709 2024 secuudum
738 1967 834 2022 certes
860 1957 1050 2022 murenarum
1078 1959 1188 2024 classes
1216 1972 1266 2026 rut
1293 1983 1329 2027 ex
1350 1982 1403 2028 ee-

178 2071 290 2138 ntum,
326 2061 436 2144 gruibus
470 2062 635 2124 tloruerunt
661 2060 720 2134 illi,
758 2061 862 2125 ordine
895 2060 1022 2140 digestu.
1065 2059 1156 2126 Cuius
1186 2063 1306 2144 generis
1334 2074 1406 2128 sunt

177 2164 381 2246 amplissimus
408 2163 476 2226 illes
506 2162 707 2226 Bibliothecae
725 2172 852 2242 potrum
870 2159 1073 2238 Perisicnses,
1101 2161 1300 2240 Coloniensis,
1321 2163 1404 2247 Lng-

178 2265 341 2339 dunensis‚
371 2263 577 2338 (lancelinus,
609 2281 734 2344 querum
769 2263 902 2326 editores
936 2260 967 2324 id
1000 2260 1178 2326 studuerunt
1204 2265 1338 2340 efficere,
1371 2273 1406 2328 nt

177 2367 216 2430 ad
244 2367 414 2430 uuiversum
443 2364 646 2445 munitatem
674 2363 902 2428 ecclesiasticam
929 2361 1133 2426 illustrandam
1160 2382 1248 2443 quem
1279 2365 1407 2446 plurima

179 2467 316 2532 eiusdem
336 2473 528 2532 monumenta
551 2465 621 2528 viris
644 2465 739 2528 doctis
760 2465 792 2527 in
814 2481 901 2528 usum
917 2470 1020 2545 purete
1034 2462 1238 2546 instructoque
1258 2473 1406 2547 peterent.

178 2567 262 2632 Aliae
283 2565 504 2646 angustioribus
524 2565 634 2630 liuibus
655 2565 870 2628 concluduntur
890 2573 921 2628 et
942 2564 1052 2644 scripu
1073 2564 1160 2627 unius
1183 2572 1297 2630 uotum
1325 2567 1405 2629 eles·

179 2669 226 2732 sis
247 2668 294 2730 vel
315 2675 489 2749 argumento
511 2669 664 2748 fermeque
678 2667 725 2730 nel
746 2666 928 2746 scriptorum
948 2673 1044 2730 cetute
1065 2664 1229 2730 distinctus.
1241 2666 1405 2730 lectoribus

179 2769 341 2849 praebent:
372 2787 445 2849 quas
469 2770 506 2833 ad
528 2767 688 2848 singularis
721 2768 865 2848 quaedam
886 2766 985 2830 studia
1007 2765 1172 2846 beologica
1195 2767 1347 2831 euellenda
1375 2775 1408 2832 ct

181 2869 375 2932 sustenteude
394 2870 552 2933 adornatas
574 2887 644 2932 esse
664 2875 798 2948 spumet.
835 2867 916 2930 luter
936 2867 1107 2930 buiresmodi
1125 2866 1321 2932 bibliothecae
1341 2867 1407 2932 eise

139 3037 144 3048 ¹
182 2967 374 3030 collectiones
408 2977 528 3048 petrum
563 2969 644 3030 ruric
680 2967 837 3045 inscriptus
871 2966 969 3030 locum
1005 2967 1141 3030 obtinent
1181 2985 1250 3040 ece.
1296 2969 1406 3048 quibus
1439 3017 1444 3026 .

133 3051 137 3060 “
181 3066 382 3147 complurium
401 3073 522 3143 petrum
541 3073 684 3126 uectetus
706 3064 863 3144 dogmatici
883 3082 917 3126 ec
937 3065 1075 3144 polemici
1096 3065 1294 3130 continentur.
1325 3067 1410 3130 Sicut

180 3166 265 3230 onim
280 3163 749 3244 siumeuroaemensium
770 3167 914 3226 nemnem
934 3175 964 3226 et
986 3168 1228 3226 mucionntorioe
1241 3166 1271 3228 b.
1288 3186 1314 3227 e.
1329 3183 1409 3244 opu-

181 3267 336 3330 sculorum
357 3263 554 3328 asceticcrum
574 3273 606 3326 et
623 3261 813 3326 bomilierum
827 3279 1059 3341 sermonumque
1073 3261 1272 3339 collectiones,
1294 3265 1335 3328 ite
1351 3265 1409 3328 do·

181 3367 325 3448 guonem
340 3383 459 3447 qunque
473 3364 616 3428 babemus
635 3383 653 3426 s
673 3363 744 3426 viris
766 3362 862 3427 doctis
883 3361 920 3426 nd
941 3361 1073 3426 studium
1096 3361 1261 3445 benlogiee
1282 3365 1409 3448 dogma·

183 3469 259 3532 tiras
280 3475 311 3530 et
330 3466 493 3546 polemius
514 3464 750 3546 promerendum
763 3463 922 3538 institutas,
943 3463 1000 3527 etsi
1013 3463 1104 3540 nullu,
1125 3465 1206 3546 qued
1234 3485 1289 3548 ego
1303 3469 1407 3546 adem,

182 3567 368 3632 BilliotBecn
384 3577 512 3648 pmmm
533 3568 700 3648 domtieo
720 3564 861 3646 inscripta
876 3572 934 3628 est.
976 3563 1108 3646 Namque
1129 3583 1183 3628 eae
1203 3570 1311 3648 partim
1331 3589 1406 3652 pro-

182 3669 314 3744 dierunt,
326 3675 484 3748 eumenem
501 3685 560 3732 usu
571 3675 724 3749 receptum
736 3675 819 3731 esset
830 3665 1021 3730 seductiones
1033 3667 1212 3749 scriptorum
1225 3669 1407 3736 ecdesinsti-

182 3787 289 3832 corum
314 3765 454 3848 anpebcrl
482 3765 674 3832 bibliotdecer
698 3777 839 3847 putrem,
872 3785 929 3848 qua
949 3767 1145 3848 eppedetione
1165 3767 1348 3850 blergnrinus
1369 3773 1408 3837 de

185 3870 214 3932 la
234 3869 337 3948 Bigne,
359 3867 457 3930 editor
477 3867 590 3947 prim
610 3867 810 3932 Bibliothecae
830 3876 947 3948 nauum
968 3867 1147 3932 Psrisisnsis
1167 3887 1201 3933 s:
1220 3873 1313 3938 1575.
1340 3875 1407 3954 pri·

187 3987 256 4034 mus
277 3987 350 4032 usus
378 3975 439 4032 est:
471 3967 580 4046 purtim
610 3967 735 4032 minoris
763 3977 835 4033 sunt
859 3969 946 4032 molis
974 3967 1020 4032 rel
1046 3969 1228 4034 recentiores
1255 3973 1410 4038 continent

185 4068 363 4150 scriptores,
386 4087 474 4148 quam
496 4076 530 4132 ut
551 4067 738 4148 splendidum
759 4069 831 4132 illud
852 4085 961 4134 nomen
982 4070 1090 4132 mereri
1112 4072 1278 4152 potuerint:
1299 4074 1408 4154 purtim

184 4169 224 4232 ad
244 4168 427 4248 singularem
447 4169 593 4248 quendem
615 4185 701 4232 usum
723 4169 887 4234 destinntac
907 4178 938 4232 et
958 4171 1194 4234 accommodans
1216 4179 1299 4246 suut,
1320 4191 1408 4255 quern
1428 4251 1432 4258 ⁴

185 4269 320 4334 editores
341 4277 509 4334 statuerunt
536 4270 568 4332 in
594 4269 692 4334 boeto
718 4269 907 4336 iudicandum
935 4287 1011 4334 esse.
1054 4270 1137 4336 Unus
1159 4272 1322 4336 llosslerus
1344 4257 1409 4336 c'ol-

184 4369 346 4434 lectionem
367 4369 551 4451 ampliorem,
580 4369 617 4432 de
644 4389 700 4451 qua
729 4372 807 4435 inira
830 4371 954 4448 dicetur,
980 4371 1195 4440 Bibliotdeeam
1211 4383 1340 4458 μιιιιιιι
1358 4372 1409 4434 in·

185 4470 320 4551 scripsit,
342 4489 399 4534 uec
419 4479 519 4537 umen
540 4470 713 4553 simpliciter
735 4474 932 4556 dcgmucem
951 4473 1122 4538 nomiumit.
