3102 5042
510 245 656 290 rnrsrom
671 248 691 290 1.
708 249 744 290 en
760 247 955 293 camoranum
1272 235 1333 300 too

104 401 270 470 Dominus,
294 406 324 462 et
348 395 527 475 confortare
549 395 621 459 lero
641 397 692 478 fili
711 396 840 470 loeedec‚
853 399 1005 462 ,sacerdos
1022 417 1136 481 mamre,
1159 413 1188 464 et
1210 403 1422 483 consor-naon.

106 515 191 566 tetur
213 503 311 574 omnir
331 497 467 577 popolus
491 508 607 570 terroe,
641 498 712 562 dicit
734 497 899 572 Dominus,
928 509 957 562 et
983 501 1091 580 sorite,
1123 507 1263 584 quonium
1284 523 1337 586 epo

106 605 260 667 uobiscum
289 618 371 680 eum,
401 599 473 661 dicit
493 597 642 660 Dominus
666 603 870 680 omnipotens,
900 610 930 664 et
952 599 1086 682 Spiritui
1107 621 1190 666 roeua
1213 609 1341 669 sterilia

104 704 201 766 medio
223 703 331 764 vestri.
375 699 431 760 lite
452 699 528 778 apud
551 707 710 780 utrumque
731 700 912 780 Prophetam
935 702 1030 764 solius
1048 701 1167 766 Domini
1189 713 1220 768 et
1241 705 1338 786 Spiri-

104 813 154 868 tus
177 805 211 866 lit
234 801 363 876 mentio;
386 801 457 880 quid
472 800 562 881 igitur
584 801 621 862 ad
643 801 673 862 id
695 802 802 864 dicturi
825 801 920 865 sonti
963 803 1037 866 Nam
1053 804 1079 867 si
1096 823 1142 881 eo,
1165 807 1245 886 quod
1259 806 1339 870 Peu-

104 908 152 994 lns
176 906 286 968 Christi
308 902 491 966 mentionem
514 903 626 964 iaciens
655 903 692 966 de
714 903 827 984 Spiritu
855 905 978 967 tacuerit
1009 913 1040 968 et
1061 906 1224 969 electorum
1246 925 1339 988 ange-

104 1009 204 1071 lorum
226 1005 412 1079 meminerit,
441 1005 467 1066 si
496 1005 615 1084 inquam
645 1024 710 1067 eam
740 1006 778 1068 ob
810 1024 929 1069 causam
952 1003 1096 1087 Spiritum
1118 1008 1196 1070 inter
1217 1009 1339 1090 angelos‘
1384 1033 1393 1047 ·
1423 1071 1427 1080 ,
1455 1043 1463 1054 ,

105 1111 252 1173 collocare
273 1107 347 1170 nihil
369 1115 526 1182 verentem
555 1114 649 1169 restat
677 1115 709 1169 ut
732 1127 768 1169 ex
790 1107 837 1170 his
860 1108 1045 1189 propheticis
1069 1108 1167 1172 verbis
1189 1109 1279 1192 iidem
1300 1111 1339 1174 de
1388 1143 1394 1155 ·

104 1209 166 1286 illo,¹
190 1211 240 1292 qui
262 1211 303 1272 ibi
327 1207 446 1271 silentio
470 1208 626 1281 omittitur,
649 1208 790 1272 audacius
806 1209 967 1290 disputent.
1011 1211 1084 1272 llam
1101 1210 1128 1272 si
1144 1210 1252 1286 dicant,
1273 1211 1337 1274 llo-

103 1315 218 1378 minum
241 1296 320 1374 esse
338 1310 417 1374 idem
447 1327 514 1372 csso
537 1327 571 1370 ac
591 1309 698 1372 Filium
722 1330 806 1384 esse,
836 1311 905 1392 quid
935 1311 973 1374 de
994 1312 1082 1376 Patre
1110 1313 1215 1375 dicturi
1244 1311 1337 1376 sunt?

105 1415 138 1476 Si
161 1432 232 1476 vero
254 1412 325 1474 illud
349 1412 386 1474 de
406 1411 494 1473 Patre
516 1410 689 1492 intelligant,
718 1411 788 1491 quid
811 1412 915 1476 dicturi
938 1420 1008 1474 sunt
1029 1413 1066 1476 de
1087 1412 1186 1475 Filio?
1229 1412 1337 1480 Procul

104 1523 205 1578 autem
225 1514 304 1576 absit
323 1513 370 1575 rel
393 1531 409 1575 a
432 1511 495 1574 sola
518 1511 698 1594 cogitatione
720 1531 754 1574 ea
777 1532 853 1593 quae
876 1533 911 1575 ex
939 1513 1058 1576 illorum
1092 1515 1237 1577 sententia
1260 1533 1335 1578 con·

104 1616 240 1696 sequitur
268 1615 414 1696 impietae.
463 1614 577 1694 Nempe
608 1613 675 1676 illos
705 1614 889 1694 respondere
917 1633 1041 1678 neccsse
1063 1623 1127 1687 cet,
1155 1615 1202 1678 rel
1223 1615 1336 1678 nullum
1390 1611 1394 1620 ’

105 1716 187 1780 illum
210 1735 289 1790 esee,
311 1715 357 1792 rel
379 1716 458 1797 quod
481 1715 600 1780 silentio
622 1715 854 1797 praetermissus
876 1715 935 1791 ait,
958 1735 1026 1778 eum
1049 1716 1127 1778 inter
1149 1735 1199 1780 res
1222 1725 1335 1780 creatas

103 1837 310 1882 annumerare.

192 1925 241 1984 tl.
288 1917 365 1993 Quid
388 1917 459 1979 item
481 1917 586 1981 dicturi
610 1926 697 1995 aunt,
728 1919 754 1980 si
776 1918 875 2000 ipsum
897 1919 985 1982 etiam
1007 1918 1167 1982 Dominum
1190 1919 1335 1984 dicentem
1427 1999 1429 2008 Ι

5 2083 6 2088 ,
102 2007 264 2086 audierint:
286 2015 385 2084 ludin
406 2021 526 2102 puidam
548 2027 669 2084 eratin
692 2023 820 2104 quodum
842 2025 971 2094 ciuitate,
996 2027 1050 2102 qui
1061 2020 1157 2084 Deum
1172 2041 1234 2084 non
1250 2027 1335 2086 time-

103 2125 155 2187 bot
176 2134 204 2186 et
226 2124 374 2186 bominem
395 2140 458 2184 oon
481 2119 706 2186 reverebatur?
748 2122 898 2201 Numquid
926 2123 993 2203 quia
1022 2133 1092 2202 poet
1112 2123 1205 2185 Deum
1233 2123 1334 2185 homi·

100 2243 172 2287 nem
193 2223 372 2297 nominarit,
396 2223 444 2284 ille
465 2221 558 2286 homo
583 2231 629 2286 est
647 2221 758 2294 Filiae,
792 2241 880 2302 quem
902 2221 1030 2284 iniustus
1053 2223 1141 2284 iudex
1163 2240 1223 2284 non
1246 2241 1333 2284 reve-

99 2323 208 2388 retur?
251 2325 296 2386 lln
318 2325 396 2394 torte
418 2325 486 2405 quia
507 2333 578 2405 post
599 2324 691 2386 licum
714 2323 866 2386 hominem
888 2323 1064 2397 subdiderit,
1086 2323 1192 2386 tertius
1216 2331 1262 2384 est
1280 2322 1333 2384 Fi·

5 2481 6 2484 ,
99 2428 160 2490 lius
182 2433 252 2506 post
272 2421 433 2501 hominem,
457 2434 487 2488 et
509 2435 631 2506 quartus
655 2426 784 2506 Spiritus
808 2421 953 2488 canctus?
997 2424 1087 2500 Quid,
1110 2423 1137 2486 si
1158 2423 1335 2504 Apostolum
1415 2477 1419 2488 .

102 2527 208 2590 ebdern
237 2525 361 2606 epistola
388 2545 494 2590 rursus
523 2528 668 2591 dicentem
698 2527 832 2590 audiant:
860 2525 1018 2608 Praecipio
1047 2527 1104 2590 tibi
1129 2545 1232 2591 coram
1259 2526 1334 2600 Deo,

101 2634 158 2713 pati
182 2628 316 2709 oioifient
344 2633 459 2701 omnio,
493 2639 521 2692 et
545 2630 665 2694 Gbrirto
694 2629 782 2701 lesu,
810 2633 864 2710 poi
889 2631 1094 2692 testimonium
1124 2628 1257 2690 reddidit
1278 2627 1334 2690 ereb

98 2731 211 2808 Pontio
234 2729 343 2802 Pilato,
368 2731 475 2794 bortum
497 2733 726 2812 consertionem
748 2741 908 2793 ut‘eervee
930 2731 1106 2794 monimina
1128 2733 1193 2791 aine
1214 2727 1336 2790 maculo

100 2829 395 2914 irreprehensibile?
438 2831 515 2894 Num
538 2833 605 2912 qnia
627 2833 677 2895 hlc
698 2832 735 2894 dc
756 2831 869 2911 angelis
893 2838 922 2894 et
943 2829 1055 2910 Spiritu
1077 2829 1174 2904 siluit,
1204 2827 1240 2891 de
1263 2828 1333 2909 Spi-

101 2933 162 2994 ritu
185 2941 214 2996 et
234 2933 272 2994 de
295 2932 408 3013 angelis
430 2941 529 2996 utrum
552 2935 612 2996 sint
633 2932 792 2996 dubitanti
835 2933 877 2994 lta
901 2951 973 2995 sane
995 2931 1202 3004 dubitaverint,
1226 2949 1331 3010 quam-

101 3034 154 3096 din
176 3034 248 3096 haec
268 3033 343 3096 adeo
366 3035 455 3116 impia
478 3045 580 3099 contra
604 3036 748 3116 Spiritum
776 3034 1007 3098 meditabuntur.
1052 3033 1085 3095 Si
1113 3039 1267 3111 praeterea
1295 3029 1331 3091 ad

4 3150 6 3158 ·
101 3135 176 3198 haec
195 3135 263 3198 libri
284 3136 379 3199 Exodi
400 3137 490 3200 rerba
512 3138 677 3200 attendant:
703 3136 811 3200 Timuit
833 3145 933 3200 oulen
951 3134 1087 3218 popolus
1109 3131 1280 3203 Dominum,
1303 3139 1333 3193 et

5 3227 6 3232 ’
102 3237 297 3303 crediderunt
317 3237 395 3302 Deo,
411 3249 438 3301 et
461 3238 562 3319 Moysi
581 3257 671 3303 servo
694 3243 773 3316 eloe,
806 3255 844 3298 an
866 3237 996 3316 lloysern
1020 3234 1082 3296 Deo
1111 3231 1333 3295 annumeratum

4 3329 5 3332 ¹
55 3329 60 3334 ’
99 3344 186 3411 sunt,
219 3357 316 3420 neque
337 3349 410 3419 post
430 3339 522 3404 Deum
544 3340 666 3415 Filium,
689 3339 742 3402 sed
764 3338 861 3401 solum
884 3338 1015 3418 lloysem
1038 3341 1109 3399 sunt
1130 3331 1332 3397 intellecturi?

100 3439 180 3511 Quid
203 3429 229 3502 si
259 3442 347 3504 etiam
369 3441 569 3504 Patriarcham
591 3441 679 3505 laceb
700 3441 830 3522 losepho
857 3439 904 3502 his
934 3437 1033 3502 verbis
1059 3435 1237 3500 benedicere
1265 3453 1331 3498 me·
1400 3492 1405 3497 .

135 3675 156 3710 c.
175 3659 216 3710 Sic
234 3660 290 3722 lter.
303 3662 325 3710 l,
341 3661 441 3723 Segner.
461 3663 558 3713 Gobler.
571 3661 689 3712 ell'elclr·
775 3675 796 3711 e.
815 3659 856 3712 Sic
873 3661 906 3711 lte
924 3659 965 3710 .l.
984 3667 1008 3710 et
1026 3659 1098 3722 Sego.
1136 3658 1213 3710 Celeri
1233 3664 1256 3707 et
1274 3655 1331 3709 editi

57 3779 62 3799 ‚
97 3728 240 3787 mannil..
266 3722 688 3791 attramenseguerbnotaun.
741 3721 978 3778 omittuuteieort.
1014 3727 1066 3776 llor
1086 3725 1172 3787 iidem,
1192 3725 1288 3776 Gobler.
1308 3730 1332 3773 et

65 3795 180 3844 Ceteri
199 3803 223 3845 et
241 3795 298 3845 editi
322 3791 352 3844 ri
367 3788 396 3844 δ’
416 3787 451 3844 ἃν
467 3789 569 3846 εἴποιεν
587 3790 614 3846 oi
629 3789 687 3846 κατ’
740 3797 847 3846 Felclm.
864 3795 890 3844 l.
916 3803 971 3857 post
997 3785 1218 3860 ἄμφιβάλλουσιν
1242 3792 1332 3842 habent

53 3847 120 3962 '¹232
134 3857 233 3916 rivour·
251 3857 345 3929 κριτής
362 3877 404 3918 τις
422 3849 456 3924 ἦν
472 3857 502 3913 ἔν
515 3879 571 3915 τινι
587 3859 671 3915 πόλει,
740 3871 767 3914 nt
785 3865 824 3912 blc
842 3863 959 3926 seqnitur.
993 3863 1085 3923 duello.
1103 3877 1159 3912 vero
1179 3869 1202 3910 et
1217 3861 1331 3912 Oltobon.

43 3951 84 4039 iit
104 3933 157 4046 lii}
175 3963 279 4014 Verbum
298 3955 443 4030 ὠνόμασεν
460 3966 548 4016 habent
567 3967 621 4028 Reg.
633 3967 653 4014 1.
666 3974 690 4015 et
740 3929 857 3978 mm
874 3923 912 3994 73¹
948 3923 1100 4006 ‘'immi’'
1117 3919 1331 3994 ''⁸93“''37'u'5'
1380 3943 1384 3952 ’

44 4020 491 4194 otiati-,tola,tlte
511 4033 690 4162 toltit:
730 3997 1333 4133 croeomoocrt·clatet

46 4177 65 4218 tit

158 4181 199 4216 cr.
219 4167 316 4218 Gobler.
337 4175 360 4216 el
378 4167 483 4217 Felclm.
497 4167 518 4218 l.
538 4167 628 4218 addunt
644 4159 690 4214 eui
741 4127 1283 4264 Μίῂέὲέ’ἕτίεὲξέσὲἰὴῗὲἶαίὲοωπ,
1307 4203 1331 4244 01

741 4267 848 4318 l'elclm.
867 4269 888 4318 l.
907 4261 957 4318 irio
974 4263 1004 4318 di
1021 4259 1160 4316 ἀκούσωσι
1179 4259 1209 4314 τὸ
1227 4257 1257 4312 ἒν
1268 4251 1332 4340 Ιἱξό-

45 4383 114 4489 ii'*
132 4379 153 4419 ἰ
174 4361 258 4449 πέλιν
282 4371 374 4452 ”im
388 4365 530 4451 imm*
547 4387 628 4438 'qum
647 4387 689 4422 '⁰'
741 4327 1332 4456 gio⁸l.eei⁰rsseic³li11⁶i⁶ribiulzbrpfziov'ffi

64 4457 141 4532 nm⁸
168 4437 211 4486 alu
229 4444 252 4487 et
271 4439 328 4489 edili
347 4447 468 4490 omittunt.
740 4469 790 4519 τοῦ
805 4461 901 4536 Ἰακώβ
919 4480 964 4522 Μ

62 4227 283 4393 [wiwariis
299 4247 689 4370 iibiiiffrmriir‘gyfniiiiieffi

44 4501 262 4608 ¹⁰¹'llbrssfflmu
273 4569 325 4604 ore.
336 4570 407 4605 noca.
421 4553 470 4604 erui
1002 4551 1013 4558 ‘
1091 4551 1125 4601 45
