3216 5048
206 276 268 338 272
604 291 630 334 s.
645 292 1037 338 ιτεικιειιιεεειεειεεοει

119 439 262 526 κικκτής
282 437 342 503 τού
364 436 463 524 λόγου
485 437 680 527 ἐπιδημίας,
709 434 755 518 ὡς
777 440 901 527 εἴρηκεν
923 434 942 506 5
962 439 1116 519 Παῦλος,
1147 433 1168 526 ή
1191 439 1227 506 δὲ
1249 439 1309 504 τοῦ
1331 435 1429 524 λόγου

204 536 367 626 ἐπιδημία
380 541 568 608 τετελείωκε
588 538 627 606 τό
650 540 744 627 ἔργον
765 543 823 607 τοῦ
838 539 975 624 πατρός.
1009 537 1066 607 καὶ
1081 537 1159 607 τότε
1167 541 1229 625 μὲν
1238 531 1309 606 ἀπὸ
1320 533 1430 624 Ἀδδμ

201 644 298 726 μέχρι
318 645 475 720 Μωσέως
496 635 515 706 5
536 639 685 720 θάνατος
706 640 916 727 ἐβασίλευσεν
923 644 954 721 ¹),
976 634 997 728 ή
1020 640 1057 708 δὲ
1071 643 1129 707 τοῦ
1145 638 1243 727 λόγου
1258 645 1429 726 παρουσία

203 739 384 829 κατήργησε
405 739 463 808 τόν
485 740 644 822 θάνατον,
666 743 721 809 καί
744 736 852 810 ούκέτι
871 743 931 828 μὲν
947 740 982 809 ἐν
995 744 1043 828 τῷ
1056 735 1164 827 Ἀδόιμ
1185 739 1327 820 ·πάντες
1341 736 1429 808 ἀπο-

102 899 114 919 ,
202 842 401 931 θνήσκομεν,
427 841 461 909 ίν
483 843 520 910 δὲ
540 845 588 930 τῷ
610 846 748 930 Χριστῷ
771 844 894 923 πάντες
916 841 1185 929 ζωοποιούμεθα.
1208 841 1265 910 καὶ
1277 841 1354 911 τότε
1366 844 1427 929 μὲν

115 937 275 1018 σωκάπὸ
297 942 390 1011 1’Δόιν
410 947 506 1030 μέχρι
526 946 698 1032 Βηρσαβεὲ
721 941 739 1011 5
761 945 863 1031 νόμος
882 945 1126 1034 κατηγγέλλετο,
1147 945 1202 1030 καί
1225 943 1260 1010 ἐν
1280 943 1365 1032 μόνη
1386 946 1427 1032 τῇ

200 1039 342 1132 Ἰουδαίᾳ
358 1043 505 1131 γνωστὸς
524 1034 563 1132 ήν
585 1041 605 1112 5
625 1045 723 1126 θεός,
747 1048 803 1113 νῦν
826 1047 862 1114 δὲ
885 1045 932 1126 εἰς
953 1047 1066 1112 πᾶσαν
1088 1042 1146 1132 τήν
1167 1045 1227 1132 γήν
1248 1044 1387 1130 ἐξῆλθεν
1409 1041 1429 1112 5

203 1145 371 1236 “φθόγγος
392 1141 500 1214 αὐτῶν
506 1149 541 1226 ²),
563 1149 617 1214 καί
639 1150 736 1214 πάσα
756 1142 776 1234 ἡ
791 1150 831 1232 γῆ
846 1144 1067 1236 πεπλήρωται
1080 1147 1138 1240 τής
1152 1147 1231 1232 περί
1245 1148 1330 1212 θεοῦ
1344 1145 1429 1232 γνώ-

203 1269 295 1329 σεως,
319 1248 356 1316 οἵ
374 1273 411 1316 τε
431 1246 585 1334 μαθηταὶ
606 1247 837 1334 δμαθήτευσαν
859 1245 971 1316 πάντα
991 1244 1034 1313 τό
1056 1245 1148 1333 ἔθνη,
1171 1244 1228 1312 καὶ
1248 1245 1430 1334 πεπλήρω·

201 1373 258 1418 ται
279 1352 337 1417 νῦν
358 1348 396 1414 τό
418 1354 655 1436 γεγραμμένον·
678 1349 812 1416 ἔσονται
824 1347 948 1427 πάντες
963 1347 1112 1414 διδακτοὶ
1126 1349 1249 1427 θεοῦἺ.
1282 1351 1337 1416 καὶ
1351 1346 1429 1417 τότε

200 1453 260 1536 μὲν
282 1449 388 1530 τύπος
408 1439 447 1538 ἢν
468 1448 512 1516 τά
533 1448 734 1534 δεικνύμενα,
758 1446 835 1537 ἀρτι
856 1451 892 1520 δὲ
906 1445 926 1536 ή
942 1445 1086 1536 ἀλήθεια
1097 1429 1350 1536 πεφανέρωται·
1372 1452 1428 1518 καὶ

200 1555 300 1619 τοῦτο
327 1551 431 1618 πάλιν
459 1545 559 1630 αάτός
589 1547 607 1616 5
638 1545 828 1630 ἀπόστολος
854 1549 938 1638 μετὰ
958 1552 1063 1618 ταῦτα
1086 1550 1313 1638 φανερώτερον
1335 1550 1426 1640 αδξη-

200 1663 308 1741 γεῖται
338 1653 456 1738 λόγων·
484 1651 569 1720 κατδι
589 1655 749 1720 τοσοῦτον
772 1657 958 1738 κρείττονος
980 1645 1143 1739 διαθήκης
1163 1657 1292 1739 γέγονεν
1315 1651 1428 1740 ἔγγυος

200 1748 380 1841 ’Ἰησοῦς*),
410 1755 464 1820 καὶ
486 1753 607 1820 πάλιν·
629 1752 686 1820 νὺν
709 1754 745 1820 δὲ
768 1743 1018 1842 διαφορωτέρας
1039 1751 1191 1841 τετύχηκε
1211 1754 1427 1841 λειτουργίας,

201 1850 270 1942 όσφ
297 1856 351 1921 καὶ
379 1854 565 1940 κρείττονός
593 1853 665 1921 ἐστι
693 1853 855 1943 διαθήκης
876 1859 1027 1941 μεσίτης,
1061 1849 1135 1942 ήτις
1163 1853 1221 1922 ἐπὶ
1242 1863 1427 1943 κρείττοσιν

200 1953 411 2042 ἐπαγγελίαις
425 1960 685 2044 νενομοθέτηται
693 1960 725 2038 ⁶),
749 1962 821 2024 καί·
849 1957 860 1997 ¹
867 1949 962 2022 οῦδὲν
977 1953 1040 2042 γάρ
1062 1954 1251 2024 ἐτελείωσεν
1274 1951 1293 2022 5
1316 1955 1426 2042 νόμος,

200 2055 402 2146 ἐπειςαγωγή
425 2058 462 2124 δὲ
482 2063 667 2145 κρείττονος
689 2056 864 2138 ἐλπίδοςλ),
886 2059 940 2123 καὶ
963 2046 1066 2134 αὖθίς
1088 2077 1209 2144 φησιν·
1232 2051 1352 2146 ἀνάγκη
1369 2048 1428 2126 οὖν
1596 2060 1603 2199 ἠ

198 2157 322 2244 τὰμὲν
345 2153 574 2245 ὑποδείγματα
602 2161 669 2226 τῶν
692 2158 726 2226 ἓν
747 2169 819 2238 τοῖς
842 2155 996 2245 οὐρανοῖς
1016 2155 1148 2237 τούτοις
1169 2159 1425 2247 καθαρίζεσθαι,

200 2255 284 2328 αὐτὰ
305 2262 342 2328 δὲ
363 2259 406 2328 τά
428 2258 611 2347 ἐπουράνια
630 2266 796 2348 κρείττοσι
817 2265 956 2338 θυσίαις
976 2258 1092 2345 Ιπαρόι
1106 2259 1269 2342 ταύταςῚγ.
1300 2259 1337 2330 τό
1359 2259 1426 2347 ἀρα

197 2365 345 2449 κρεῖττον
373 2361 429 2430 καὶ
450 2366 507 2430 νῦν
528 2364 583 2430 καί
605 2356 646 2430 δι’
672 2357 759 2429 όλων
779 2364 827 2448 τῷ
849 2366 949 2449 κυρίῳ
973 2353 1173 2449 ἀνατίθησι,
1196 2365 1243 2450 τῷ
1265 2367 1427 2449 κρείττονι

198 2466 253 2530 καλ
282 2461 371 2550 ἀλλφ
399 2463 493 2550 παρὰ
514 2463 556 2531 τά
577 2462 695 2552 γενητὰ
715 2462 915 2548 τυγχάνοντι.
954 2468 1110 2548 κρείττων
1132 2461 1194 2549 γάρ
1215 2458 1235 2551 ή
1258 2459 1299 2530 δι’
1324 2452 1426 2532 αύτοῦ

197 2569 314 2644 θυσία,
338 2570 493 2650 κρείττων
514 2561 535 2650 ή
558 2563 592 2631 ἒν
613 2559 703 2650 αύτῷ
725 2563 829 2643 ἐλπίς,
852 2564 906 2629 καὶ
922 2563 957 2630 αλ
973 2557 1014 2630 δι’
1032 2557 1133 2644 αύτοῦ
1148 2563 1342 2649 ἐπαγγελίαι
1356 2557 1423 2646 σύγ’

200 2659 247 2742 ὦς
267 2663 354 2750 πρὸς
373 2663 475 2750 μικρὰ
495 2662 637 2749 μεγάλαι
659 2662 916 2750 συγκρινόμεναι,
940 2659 1002 2732 ἀλλ
1023 2661 1090 2745 ΙΙιός
1111 2662 1210 2730 ἄλλοι
1230 2661 1323 2760 πρὸς,
1337 2661 1426 2730 ἀλλα
1457 2717 1462 2726 ,

198 2762 256 2850 τήν
288 2762 389 2852 φύσιν
419 2763 651 2848 τυγχάνουσαι,
681 2763 755 2832 ἐπεὶ
784 2768 837 2832 καὶ
861 2760 879 2832 ό
901 2767 1005 2832 ταῦτα
1028 2761 1244 2851 οἰκονομήσας
1265 2767 1423 2848 κρείττων

198 2866 265 2930 τῶν
286 2866 428 2952 γενητῶν
450 2864 530 2932 ἐστι.

191 2967 195 2969 ’
283 2971 333 3035 60.
378 2963 448 3034 Καὶ
468 2964 507 3032 τὸ
528 2964 702 3054 λεγόμενον
724 2965 828 3034 πάλιν
849 2972 977 3054 γέγονεν
1000 2967 1113 3054 ἔγγυος
1132 2965 1204 3056 ῑτήν
1225 2962 1308 3053 ύπλρ
1330 2962 1425 3052 ήμῶν

198 3064 311 3156 λγγύην
332 3067 391 3157 τήν
412 3063 491 3156 παρ’
516 3064 617 3136 αὐτοῦ
638 3074 811 3156 γενομένην
834 3076 995 3157 σημαίνει.
1027 3065 1072 3148 ὥς
1092 3068 1154 3156 γάρ
1168 3067 1266 3155 λόγος
1280 3062 1326 3136 ὢν
1341 3066 1427 3154 σὰρξ

197 3168 339 3256 ἐγένετο,
367 3170 424 3239 καὶ
450 3169 490 3238 τό
518 3177 677 3258 γενέσθαι
696 3175 737 3260 τῇ
760 3169 857 3257 σαρκὶ
877 3169 1080 3258 λογιζόμεθα
1102 3169 1228 3260 (γενητή
1249 3168 1311 3256 γάρ
1333 3168 1423 3236 ἐστιν

197 3267 278 3360 αῦτη
300 3275 355 3340 καί
377 3272 491 3358 κτιστὴ
513 3271 686 3359 Ιίτυγχάνει
708 3263 818 3354 ούσα),
851 3268 937 3340 ούτω
966 3274 1021 3340 καλ
1049 3271 1197 3339 ἐνταῦθα
1223 3270 1262 3338 τὸ
1282 3275 1421 3357 γίγονεν,

196 3371 252 3438 λ’να
274 3376 373 3438 τοῦτο
394 3371 477 3439 κατὰ
500 3372 650 3458 δεύτερον
666 3371 905 3458 σημαινόμενον
922 3372 1117 3458 ἐκλύβωμεν,
1141 3371 1251 3440 διὰτὸ
1265 3377 1424 3460 γενέσθαι

197 3465 296 3538 αύτὸν
319 3469 513 3556 ἄνθρωπον.
550 3474 604 3539 καὶ
626 3477 747 3558 γνῶσιν
769 3475 803 3540 οἱ
824 3475 1086 3562 φιλονεικοῦντες
1109 3470 1163 3541 ότι
1176 3476 1230 3542 καί
1252 3469 1322 3542 ἀπὸ
1343 3470 1423 3540 ταύ-

196 3595 255 3658 της
275 3574 336 3660 τῆς
361 3577 535 3650 κακονοίας
564 3571 689 3642 ἑαυτῶν
718 3571 937 3650 ἐκπίπτουσιν
944 3626 953 3657 ,
987 3570 1195 3644 ἀκουέτωοαν
1221 3572 1275 3643 ὅτε
1302 3569 1341 3643 ού
1362 3571 1422 3660 τήν

198 3665 313 3739 ούσίαν
336 3667 436 3740 αὐτοῦ
457 3676 656 3760 γεγενῆσθαι
677 3683 830 3764 σημαίνει
853 3673 871 3744 5
892 3678 1044 3759 Παῦλος,
1070 3672 1087 3742 5
1110 3676 1208 3756 εἰδὼς
1228 3671 1329 3744 αὖτόν
1350 3674 1422 3744 υλδν

197 3771 254 3842 καὶ
280 3779 404 3862 σοφίαν
430 3778 484 3844 καὶ
508 3769 712 3864 ἀπαύγασμα
733 3777 789 3845 καὶ
811 3777 921 3846 εἰκόνα
941 3781 1001 3844 τοῦ
1023 3777 1167 3866 πατρός,
1200 3771 1269 3845 ἀλλ’
1294 3777 1342 3858 εἰς
1363 3775 1421 3864 τήν

196 3877 254 3963 τής
276 3875 439 3965 διαθήκης
461 3879 629 3948 διακονίαν
651 3878 690 3946 τό
711 3880 944 3965 γενέσθαικαὶ
967 3881 1024 3946 νῦν
1046 3879 1219 3966 λογίζεται,
1242 3873 1318 3947 καθ’
1342 3875 1382 3967 ἣν
1404 3871 1423 3944 5

211 4026 217 4036 '
265 4049 290 4112 1)
308 4051 376 4100 Rom.
396 4051 420 4112 5,
439 4053 479 4103 14.
532 4052 557 4114 2)
576 4053 638 4103 Ρειί.
655 4053 686 4104 19
704 4048 757 4118 [18.
777 4049 864 4120 Lm,
882 4053 907 4104 8.
924 4061 949 4103 ει
966 4053 1035 4103 Rom.
1055 4053 1095 4118 10,
1116 4053 1156 4104 18.
1209 4053 1236 4114 δή
1253 4053 1306 4101 Eu.
1324 4051 1367 4110 ⁶4,
1383 4051 1422 4100 13.

196 4124 221 4168 εί
238 4118 304 4168 loun.
321 4119 344 4182 6,
363 4119 404 4169 δῦ.
455 4120 481 4181 ί)
500 4120 573 4172 Hebr.
592 4121 617 4183 7,
635 4120 676 4171 22.
729 4119 838 4184 5)Hebr.
856 4121 881 4182 8,
899 4121 924 4172 6.
976 4120 1003 4183 θ)
1014 4123 1085 4173 Ηείιε.
1096 4121 1121 4182 Ἰ,
1134 4121 1172 4171 19.
1225 4115 1420 4178 7)Ηεότ.θ,2θ.

229 4267 251 4304 ε.
269 4253 367 4316 Sesuer.
386 4256 476 4314 omittit
490 4249 596 4310 πάντες.
833 4247 863 4305 οἵ
884 4269 914 4307 τε
938 4253 1064 4324 μαθηταὶ
1090 4245 1287 4322 δμαθήτεοσαν.
1322 4247 1368 4299 Alii
1397 4255 1422 4298 τί

229 4321 252 4370 b.
270 4323 311 4372 Sic
333 4321 389 4385 λος.
425 4329 452 4374 At
475 4325 614 4404 θαςφαίεο.
639 4314 693 4372 ἇπό
710 4315 780 4391 Δάμ.
832 4325 888 4376 edili
907 4317 934 4372 ολ
952 4320 982 4375 δὲ
997 4318 1124 4391 μαθηταί
1140 4310 1378 4438 ίγιαθσῐέὖσανῐίξχ

193 4387 266 4439 ΒιοίΙ.
284 4390 376 4452 λσςίίε.
396 4399 420 4442 ει
437 4393 494 4444 editi
513 4383 567 4441 από
583 4383 675 4458 Ἀδόμ
866 4394 889 4443 δ.
908 4393 1007 4456 sogum.
1026 4401 1050 4442 ει
1067 4395 1123 4454 fleg.
1155 4385 1285 4452 ξογείται.
1318 4385 1380 4434 Edu!
1398 4390 1423 4433 et

228 4453 781 4522 wagner.Gobler.etfelekm.1.5852-
832 4461 873 4511 alii
891 4453 1019 4525 ἐξηγεῖτο.
1321 4458 1324 4463 ’

193 4524 245 4576 θεν
270 4518 285 4575 5
301 4519 401 4595 νόμον,
428 4523 474 4579 καὶ
490 4527 574 4580 πάσα,
609 4529 663 4580 Μαι
680 4528 781 4593 θοροει.
867 4543 889 4580 ε.
907 4529 948 4579 Sic
965 4530 1065 4591 Segner.
1083 4523 1182 4578 Gobler.
1201 4532 1226 4576 ει
1242 4521 1379 4578 melmun.
1399 4520 1422 4572 1.
