2822 5030
306 157 422 202 corrue
436 157 755 204 monumemrunmsa
770 161 801 204 ιι.
1096 149 1156 214 931

53 309 164 372 luorum
192 305 313 381 babuit,
343 307 468 390 ipseque
500 273 553 372 est·
572 308 625 389 qni
651 327 668 370 e
694 309 837 390 pissiano
864 321 895 376 et
925 321 1022 378 morte
1042 313 1245 379 liberatum.

21 431 29 473 ι
55 429 120 492 per
143 413 246 492 ipsene
272 409 358 488 Ῑιισισ
377 419 465 480 eunt.
495 421 524 472 et
548 413 612 492 ipse
639 422 686 474 eat
712 422 803 493 eaput
831 419 972 496 eorporis
999 413 1160 489 seelera,

21 523 43 574 ι
67 511 302 592 rumorosus·
323 515 515 582 sumerseta,
536 521 572 574 ut
593 511 857 620 attinentibus,
878 514 983 595 inquit,
1006 521 1071 598 ipse
1089 522 1162 598 pri-

21 634 37 674 a
62 623 188 676 tenent.

20 817 66 878 lb.
116 813 179 876 Cur
201 801 300 893 itaque
321 812 510 876 rationalium
530 815 702 876 naturarum
724 813 895 878 Creatorem
913 815 1050 898 Verbum.
1063 817 1163 882 diuitis

20 935 46 976 m
65 913 130 976 sibi
155 914 214 994 ipsi
234 913 461 1005 nammiseuiase
480 923 510 978 et
528 915 703 978 rationalem
719 915 872 978 bominem
886 917 994 980 lactum
1015 919 1107 982 esse?
1130 927 1163 982 et

20 1015 82 1078 odo
105 1015 293 1098 immutabile
314 1023 344 1078 et
365 1010 534 1080 inamiabile
555 1034 679 1079 manens
701 1017 794 1078 bomo
815 1017 924 1080 lautum
945 1025 1002 1092 est,
1025 1019 1053 1081 si
1066 1021 1161 1084 ratio-

20 1143 22 1176 ι
46 1117 132 1180 servi
156 1119 281 1180 formem
303 1135 363 1181 uon
385 1117 622 1192 mucieuararib
650 1125 682 1180 ιιι
703 1126 734 1180 et
755 1117 884 1180 Verbum
901 1118 1088 1184 immutabile
1109 1139 1161 1182 es·

20 1225 143 1280 anneus*
164 1217 244 1297 qnod
266 1227 344 1292 erat,
374 1225 404 1279 et
430 1218 583 1282 rationalia
611 1218 702 1280 bomo
731 1217 762 1280 in
791 1225 868 1279 terra
896 1218 1062 1294 videratur,
1093 1220 1164 1282 lieet

20 1339 27 1380 ι
50 1319 138 1380 Deus
169 1315 275 1380 esset?
323 1317 398 1380 llum
425 1318 563 1382 molestis
590 1319 681 1380 bomo
710 1327 774 1380 erat
799 1318 962 1394 Dominus,
993 1334 1056 1384 non
1081 1321 1168 1402 quod,

20 1439 50 1481 m
81 1439 119 1482 ex
148 1419 230 1484 eaelo
260 1428 389 1482 sumtum
411 1421 593 1494 exhibuerit,
625 1420 679 1484 sed
701 1421 779 1500 qnod
802 1439 883 1494 eam,
912 1439 1002 1502 quam
1028 1441 1064 1485 ex
1084 1429 1165 1486 terra

20 1525 53 1596 u,
87 1521 250 1584 caelestem
271 1521 469 1584 constitnerit.
512 1521 626 1585 lduiroo
649 1521 1060 1601 possessosum,
1089 1523 1164 1586 teies

19 1624 134 1686 elestes
158 1622 210 1696 illi,
232 1621 284 1702 qui
305 1641 359 1701 per
381 1622 545 1686 sannlitatis
568 1621 634 1688 aius
653 1622 909 1702 participationem
930 1624 1075 1688 caelestes
1095 1623 1165 1687 lenti

50 1725 205 1796 Quocirca
232 1723 291 1804 ipsi
320 1742 394 1803 qnae
422 1741 568 1803 corporea
593 1715 663 1786 suist
690 1722 812 1803 propria
832 1725 926 1786 luere
962 1723 1023 1798 Sed
1043 1743 1166 1790 rursum

22 1826 80 1888 tis:
114 1825 298 1900 „Quomodo
320 1824 479 1888 Dominum
507 1824 618 1904 gloriae
646 1824 870 1896 erucifixerunt,
899 1825 970 1904 quin
993 1835 1091 1906 tamen
1111 1845 1164 1889 se-

19 1927 93 1990 darn
123 1945 179 1988 voa
208 1926 337 1989 Verbum
364 1924 614 1988 oruuillrerlnt?“
665 1925 749 1988 Absit
778 1933 812 1988 ut
842 1926 902 1990 boe
931 1926 1080 2001 dieamus,
1109 1927 1166 1990 aad

19 2048 60 2090 ιιιι
87 2026 251 2106 ignominia
271 2027 452 2100 affecerant,
483 2027 554 2090 dnm
576 2045 685 2106 eorpus
707 2026 794 2088 Verbi
816 2026 897 2088 ornei
918 2027 1047 2090 affixere
1091 2028 1166 2090 Nem

33 2129 159 2210 quidem
181 2135 236 2200 est,
258 2127 310 2206 qui
332 2128 494 2206 ignominis
516 2129 638 2188 allectus
660 2135 718 2198 est,
739 2127 843 2205 passio
865 2133 964 2189 eutem
985 2136 1250 2198 rumorosorum

19 2231 119 2294 rectio
149 2237 211 2290 tum
240 2225 338 2288 cernis
366 2235 429 2289 tum
458 2226 574 2288 animae
595 2226 648 2288 [lai
670 2225 734 2287 luit
778 2226 941 2306 Propterea
962 2227 1080 2290 ludaeis
1102 2229 1176 2308 llo-x

19 2353 32 2393 s
55 2331 116 2392 uit:-
140 2327 254 2390 Solvite
274 2325 417 2407 templum
440 2327 504 2401 boe,
529 2338 559 2389 et
580 2331 613 2389 in
634 2326 734 2388 tribur
756 2327 859 2389 diem
877 2329 1013 2392 emeituba
1026 2329 1113 2402 illud,
1135 2338 1168 2394 ut

18 2431 169 2510 'rophetaz
192 2427 255 2492 Pro
277 2429 385 2510 quibua
407 2428 521 2491 trudito
543 2437 589 2490 set
611 2431 644 2490 ιη
663 2437 793 2489 mortem
815 2431 916 2490 enimn
930 2433 1011 2504 ’σιἰισ,
1033 2431 1087 2494 sed
1104 2449 1167 2494 non

18 2551 35 2592 n
59 2528 199 2592 Verbum.
242 2513 369 2592 loannes
391 2537 489 2590 autem
511 2527 570 2592 ait:
593 2527 651 2590 llis
672 2531 803 2592 arenam
825 2546 911 2592 sunm
930 2549 991 2611 pro
1008 2532 1167 2613 uobs‘spo-

56 2631 216 2705 Quomodo
244 2630 335 2711 igitur
361 2637 523 2710 potueruut
548 2629 648 2708 ludaei
676 2630 819 2710 templum
840 2627 892 2692 Dei
922 2630 1038 2694 solvere
1066 2641 1096 2694 et
1117 2631 1167 2694 ina

18 2733 148 2796 »labilem
171 2731 268 2794 earnis
290 2751 357 2796 eum
379 2729 476 2794 Verbo
499 2731 739 2794 uaniunetiouem
761 2731 918 2806 dirimere,
940 2731 968 2794 si
988 2739 1021 2794 ιιι
1042 2749 1096 2795 ros
1118 2732 1166 2794 di·-

38 2833 173 2912 corporis
206 2849 289 2894 more
321 2832 372 2895 tali
399 2831 489 2894 modo
523 2831 667 2912 contigit?
710 2832 813 2912 Neque
847 2830 925 2894 enim
958 2833 1089 2897 oaaisnm
1121 2841 1169 2895 est

20 2955 72 3007 us,
99 2933 125 2995 si
154 2951 170 2994 a
203 2933 284 2996 nullo
304 2943 474 3012 separatum
498 2941 553 2995 ast
596 2934 630 2996 Si
651 2934 730 2996 euim
753 2933 907 2996 dissolutio
929 2935 1004 2997 lauta
1025 2953 1087 2996 uon
1109 2943 1182 3006 est„

18 3055 41 3096 re
63 3023 144 3096 mors
167 3033 305 3112 contigit3
329 3032 355 3094 si
377 3051 460 3096 mors
482 3051 544 3096 nou
566 3034 629 3108 luit,
656 3053 754 3114 neque
775 3033 956 3098 resurreetio
977 3035 1043 3098 tait
1087 3034 1168 3097 Con·

18 3145 41 3198 te
62 3135 151 3215 igitur
172 3133 398 3198 dissolutionem
419 3144 450 3198 et
472 3135 690 3214 separationem
712 3153 728 3198 a
751 3153 878 3214 corpora
900 3135 1005 3198 laemm
1028 3153 1114 3212 esse,
1135 3144 1169 3198 ut

19 3247 88 3300 itum
117 3245 164 3300 est
191 3236 222 3298 in
249 3234 430 3316 Evangeliis:
458 3236 654 3318 Exspiravit,
683 3243 713 3298 et
735 3234 887 3300 Inclinato
917 3240 1012 3318 sepite
1040 3237 1170 3301 tradidit

18 3345 96 3412 itum,
120 3347 152 3402 ut
173 3337 311 3414 solemus,
334 3337 451 3418 qualem
472 3338 611 3418 spiritum
633 3336 809 3400 existimatis
825 3355 840 3400 a
857 3355 984 3418 surpere
999 3338 1169 3400 excessisse

18 3459 49 3500 ue
70 3449 193 3502 mortem
216 3439 385 3502 obvenisse.
427 3439 551 3502 Dixistis
575 3439 664 3515 euim,
686 3456 753 3504 eum
774 3457 893 3502 earnem
914 3455 976 3502 non
997 3439 1167 3502 subsisten-

34 3541 88 3602 sibi
110 3540 345 3603 commiscuisset
367 3540 511 3615 Verbum,
545 3559 614 3604 sere
636 3541 811 3604 rationalem
832 3549 862 3604 et
882 3541 1047 3622 perfeetum
1067 3541 1168 3604 bomi·

18 3641 216 3704 rexbibuisse.
258 3642 291 3704 Si
312 3641 402 3722 igitur
423 3642 552 3706 Verbum
578 3643 707 3706 excessit
727 3662 745 3705 a
766 3659 894 3722 corpore
913 3647 1003 3721 atque
1024 3642 1065 3704 ita
1085 3661 1169 3704 murs

18 3743 77 3814 enit,
99 3741 238 3804 adversus
260 3741 354 3806 ileum
375 3743 476 3828 ludaei
497 3744 700 3820 invaluerunt,
729 3761 796 3808 eum
824 3742 1061 3808 indissolubilem
1083 3763 1168 3808 eom·

18 3975 78 4018 πον,
104 3969 196 4026 praeter
219 3961 323 4011 l'elclm.
341 3961 382 4022 2,
412 3963 451 4026 qui
476 3977 529 4012 enm
616 3981 636 4014 c.
655 3953 716 4011 καθ’
736 3955 807 4028 ὑμᾶς
824 3963 892 4012 deest
910 3963 933 4011 in
952 3961 1052 4024 Segner.

18 4031 108 4080 sbrbst
124 4022 326 4096 συστησάμενος
347 4025 461 4095 γέγονεν
486 4021 532 4078 ἄν·
614 4031 638 4082 d.
657 4031 755 4110 qobler.
774 4037 797 4080 et
814 4029 918 4080 Fslrlrn.
934 4029 955 4080 l.
977 4024 1024 4080 soi
1047 4023 1169 4078 Ποιάν-

18 4111 126 4230 πέξὲσιι.
144 4157 193 4225 τὴν
221 4155 250 4221 ἐξ
271 4155 363 4216 αὐτοῦ.
407 4163 450 4216 llii
474 4179 530 4216 vero
580 4093 817 4216 raptagdpoeepph
836 4165 936 4226 Sernes.

29 4227 156 4294 edideris
174 4223 266 4282 αὐτοῦ.
301 4233 353 4284 blot
369 4225 412 4281 διὸ
429 4227 475 4282 καὶ
492 4225 530 4281 ol·
616 4235 632 4283 l.
651 4225 694 4281 ὅτι
718 4233 794 4283 deest·
811 4235 834 4282 in
859 4232 959 4293 Sepuer.
1001 4227 1055 4276 ilex
1071 4226 1172 4278 tlobier.

21 4315 60 4350 ισι
76 4295 108 4350 τὰ
124 4299 170 4350 τοῦ
188 4293 317 4366 σώματος
334 4301 422 4353 desum
443 4303 467 4354 in
485 4302 530 4352 Se·
581 4310 605 4352 et
622 4301 729 4352 Velalm.
745 4301 768 4352 l.
785 4292 849 4350 tideo
884 4313 910 4345 ν.

20 4369 131 4420 .Gobler.
147 4377 170 4421 et
186 4369 291 4422 Felelm.
312 4369 334 4420 i.
559 4421 562 4436 p
614 4360 970 4433 rememoraturum·

912 4441 970 4494 tu*
