3014 5050
424 175 570 220 crrsroca
585 175 617 220 u.
634 177 670 218 ao
686 156 882 219 senrrroueu'.
1190 160 1247 223 751

26 331 205 414 promtiores
229 347 298 391 esse
319 327 441 408 possint
462 345 529 388 oum
552 325 587 386 ad
609 326 739 388 breviter
761 319 1001 407 re'spondandum
1024 325 1082 400 his,
1105 327 1153 404 qui
1168 326 1336 406 ipsosnoss

26 435 62 495 de
85 433 141 494 lide
163 439 269 493 nostra
290 430 490 507 interrogant,
512 436 574 488 tum
598 427 634 488 nd
656 427 764 506 impios
787 427 973 502 refutandos:
997 427 1025 488 id
1050 447 1104 506 ego
1128 447 1162 488 eo
1186 447 1250 490 ma-

27 535 90 595 iore
114 533 219 594 fiducia
241 531 370 610 suscepi,
393 529 473 608 quod
496 547 562 590 cum
585 535 665 589 recte
687 528 739 589 sis'
754 529 904 607 praeditus
925 529 1115 602 conscientia,
1139 529 1252 608 siquid

27 625 172 696 omissum
196 631 300 705 luerit,
328 638 359 691 tu
391 630 455 708 ipse
477 648 538 690 uon
561 647 647 708 aegre
671 627 834 708 supplebis.
877 629 976 692 Ariani
999 631 1052 692 toti
1074 631 1111 691 ad
1134 632 1254 710 seipsos

28 733 174 808 conversi,
197 731 328 810 nihilque
350 730 428 792 aliud
452 738 540 810 atque
562 729 640 808 quod
664 738 744 790 extra
765 731 849 808 ipsos·
863 732 993 810 positum
1010 741 1056 794 est
1070 751 1153 794 more
1175 733 1252 795 Sad-

28 836 207 896 ducaeorum
229 833 408 912 cogitantes,
443 829 569 892 dimuam
593 829 934 910 Scripturem'humanis
956 834 1117 894 ratiociniis
1140 853 1252 914 expen-
1317 865 1319 869 v

28 937 110 996 dunt.
156 935 237 996 Curn-
258 935 347 1013 igitur
376 932 481 994 Filium
509 930 605 993 Patris
634 931 825 1011 sapientiam,
857 931 1045 1011 splendorem
1075 945 1104 995 ct
1125 937 1254 996 Verbum

29 1055 96 1100 esse
118 1037 255 1110 audiunt,
278 1035 462 1116 percunctari
486 1033 599 1105 solent,
622 1038 672 1112 qul
694 1033 772 1094 istud
796 1035 895 1114 possit
916 1053 999 1107 esse,
1029 1036 1112 1113 quasi
1134 1035 1163 1095 id
1186 1056 1254 1098 esso

29 1156 89 1200 nou
112 1139 226 1218 possit,
255 1135 334 1216 quod
363 1133 421 1215 ipsi
450 1135 613 1213 intelligere
642 1153 702 1196 nou
733 1143 862 1216 queunt..
900 1135 986 1196 Certe
1008 1134 1085 1197 idem
1107 1153 1256 1216 peraeque

28 1258 190 1318 possumus
213 1238 250 1300 de
266 1225 411 1300 ¹uniuerso
427 1236 538 1298 mundo
557 1236 722 1314 inquirere:
746 1232 903 1308 Quomodo
919 1255 979 1309 res,
1002 1255 1077 1314 quae
1098 1236 1254 1315 aliquando

29 1359 89 1401 non
113 1348 186 1413 erat,
207 1323 304 1419 potuit
325 1336 413 1400 lieri?
458 1337 615 1410 Quomodo
636 1335 733 1416 pulvis
756 1346 852 1399 terrae
873 1337 972 1418 potuit
993 1338 1068 1399 effici
1090 1339 1181 1401 homo
1203 1358 1254 1400 re-

30 1442 111 1502 tione
133 1438 309 1520 praeditus?
354 1439 512 1512 Quomodo
541 1438 620 1518 quod
650 1439 835 1518 corruptioni
865 1437 1030 1500 subiectum
1058 1449 1119 1515 est,
1153 1439 1255 1502 incor-
1304 1451 1308 1462 '

28 1549 150 1620 ruptum
173 1542 236 1604 fieri
258 1539 383 1620 potest?
428 1541 586 1613 Quomodo
601 1547 679 1602 terra
701 1558 793 1618 super
815 1523 906 1600 maria
928 1539 1048 1601 lundata
1071 1550 1126 1616 est,
1150 1549 1180 1603 et
1201 1561 1254 1604 su-

28 1661 84 1722 per
112 1641 233 1704 uomina
268 1642 453 1722 praepararit
485 1660 549 1703 eam
578 1638 684 1702 lleusi
727 1639 860 1719 lienique
891 1640 966 1702 nihil
997 1640 1074 1702 eliud
1107 1651 1255 1722 superest,

29 1763 118 1824 quarn
141 1751 174 1806 ut
195 1743 254 1824 ipsi
277 1744 335 1806 sihi
358 1743 470 1804 dicant:
499 1742 712 1818 Manducemus
735 1752 763 1803 et
785 1742 929 1813 bidumos,
954 1761 1023 1804 cros
1045 1746 1123 1804 caim
1143 1749 1258 1806 morie-

28 1865 109 1918 mur,
132 1853 165 1906 ut
185 1845 320 1908 videlieet
341 1845 489 1924 corruptis
511 1843 568 1904 illis
591 1842 679 1904 simul
702 1853 908 1924 corrumpatur
930 1844 1034 1906 insana
1056 1863 1161 1906 eorum
1182 1846 1256 1907 hae-

28 1946 117 2008 resis.
411 2016 420 2026 ,

115 2051 147 2112 2.
191 2047 269 2109 Nihil
292 2049 381 2127 igitur
403 2046 462 2107 nisi
484 2043 608 2106 mortale
631 2051 669 2104 et
690 2053 862 2123 corruptum
885 2054 931 2107 est
952 2047 984 2107 in
1005 2046 1061 2107 hac
1080 2045 1258 2109 Arianos-um

29 2149 188 2210 sententia.
231 2150 269 2208 nt
289 2147 422 2210 veritatis
445 2163 557 2217 sermo,
580 2162 667 2222 quem
690 2144 791 2222 utique
810 2137 878 2206 illos
894 2146 1030 2206 meditari
1045 2141 1176 2218 decebat,
1199 2147 1257 2206 hu·
1343 2147 1347 2158 ¹

29 2249 162 2311 iusmodi
185 2257 245 2310 est:
270 2248 302 2309 Si
324 2250 402 2319 lons,
425 2246 451 2306 si
473 2245 533 2318 lux,
556 2244 579 2304 si
602 2251 686 2322 pater
708 2252 755 2305 est
775 2245 865 2318 Deus,
893 2246 976 2305 nelas
999 2253 1079 2306 certe
1101 2245 1181 2307 dictu
1203 2255 1258 2320 est,

29 2350 76 2411 vel
98 2353 211 2412 lentem
234 2348 348 2408 aridum
371 2347 416 2407 rel
437 2346 533 2408 lucern
556 2343 621 2406 sine
644 2342 804 2424 splendore
825 2344 870 2406 rel
889 2344 982 2406 Deum
1005 2345 1069 2407 sine
1084 2347 1181 2409 Verbo
1197 2347 1260 2409 sire

30 2450 147 2510 ratione
170 2467 249 2522 esse,
272 2467 310 2510 ne
332 2446 467 2510 videlicet
489 2437 660 2525 sapientiae,
685 2443 809 2512 rationis
833 2452 864 2508 et
884 2444 1053 2525 splendoris
1069 2466 1175 2528 expers
1192 2467 1258 2510 ore-

31 2550 120 2612 datur
140 2539 230 2612 lieus'.
275 2551 377 2630 ltaque
399 2549 468 2630 quia
490 2555 630 2640 aeternus
653 2553 701 2607 est
722 2546 827 2620 Pater,
850 2565 975 2610 necesse
996 2557 1043 2610 est
1064 2549 1169 2611 Filium
1190 2567 1259 2612 esse

32 2661 152 2732 quoque
174 2660 338 2714 aeternum.
384 2651 584 2728 Quaecunque
606 2647 685 2709 enim
703 2645 734 2708 iu
749 2647 835 2708 Patre
851 2667 918 2710 esse
933 2648 1176 2725 intellexerimus,
1198 2669 1260 2712 non
1328 2717 1331 2722 ,

32 2761 81 2814 est
102 2753 297 2816 dubitandum
319 2754 390 2833 quin
413 2753 487 2814 haec
509 2751 610 2813 eadem
634 2749 745 2810 sintin
769 2748 854 2824 Filio,
878 2769 944 2813 cum
967 2750 1189 2830 ipse-domiuus
1212 2751 1259 2814 di-

33 2861 95 2914 cat:
121 2855 238 2929 Omnia,
261 2849 452 2936 quaecunque
475 2853 563 2916 dotet
584 2851 685 2922 Peter,
707 2843 773 2912 meo
794 2862 881 2924 sunt,
905 2860 935 2913 et
956 2871 1021 2914 meu
1043 2853 1142 2916 omnia
1163 2853 1345 2916 Patrisume
1451 2888 1460 2902 ·

35 2960 115 3014 sunt.
158 2954 261 3032 ltaque
282 2960 419 3015 aeternus
443 2961 490 3015 est
509 2954 613 3028 Pater:
643 2960 783 3014 aeternus
811 2954 883 3014 item
905 2961 952 3016 est
972 2953 1083 3028 Filius,
1115 2954 1262 3034 siquidem

34 3071 89 3133 per
111 3053 192 3115 illum
214 3054 288 3116 lacta
312 3062 382 3116 sunt
404 3054 529 3118 seecrde.
574 3053 649 3119 Vere
671 3061 716 3115 est
733 3053 836 3130 Pater:
858 3074 928 3116 rere
949 3074 1069 3135 quoque
1091 3056 1261 3118 necessario

34 3163 82 3218 ert
102 3155 206 3229 Filius,
229 3161 281 3238 qut
300 3167 348 3219 est
368 3173 461 3237 super
484 3160 584 3219 marem
604 3149 688 3216 Deu‘s
710 3155 880 3218 benedictus
903 3161 936 3218 a'u
957 3156 1088 3228 soeculo,
1111 3175 1207 3229 omen,
1229 3165 1264 3230 ut

33 3257 75 3318 ait
95 3255 215 3318 Paulus.
259 3257 326 3318 Nou
347 3257 474 3319 licet'de
495 3257 583 3318 Patre
604 3255 717 3318 dicere:
740 3257 795 3318 luit
815 3256 973 3336 aliquando
995 3276 1062 3320 cum
1084 3276 1145 3320 uon
1167 3266 1263 3332 esset:

33 3360 118 3420 netas
141 3356 277 3421 similiter
300 3366 347 3420 est
367 3358 405 3420 de
419 3357 494 3420 Filio
517 3358 631 3420 dicere:
653 3358 709 3419 luit
723 3357 881 3438 aliquando
897 3377 963 3420 cum
979 3377 1039 3421 non
1063 3369 1156 3446 seseq
1188 3361 1262 3422 Om·
1291 3353 1293 3358 ’

34 3460 176 3540 nipotens
199 3468 247 3522 est
267 3460 371 3534 Pater:
394 3459 585 3540 omnipotens
607 3459 695 3522 etiam
718 3468 765 3522 est
786 3459 888 3535 Filius,
912 3460 1024 3523 loanne
1046 3462 1178 3524 dicente:
1203 3461 1267 3535 Qui

75 3648 91 3694 l.
112 3647 176 3696 llaec
193 3645 264 3694 rerba
289 3637 428 3710 inuade„
457 3639 626 3712 ἀνάγκηκαὶ
676 3645 733 3696 editi
752 3647 851 3698 addant.
886 3647 938 3697 llox
962 3647 1019 3698 item
1043 3647 1100 3710 lter.
1124 3646 1264 3708 Segnerian.

34 3707 49 3762 d
68 3707 140 3768 υἱὸς,
169 3705 183 3759 ὃ
203 3704 243 3759 ὤν
260 3711 347 3761 desunt
365 3715 387 3762 in
407 3715 464 3778 lieq.
483 3725 506 3765 et
524 3716 624 3777 Seguer.
676 3714 774 3765 Gobler.
794 3714 966 3765 etFelclrm.l.
986 3715 1098 3765 omittunt
1116 3717 1186 3764 rerba
1201 3703 1266 3762 ouidi

34 3783 127 3832 ibidem
151 3781 174 3830 in
194 3781 250 3842 lleg.
269 3781 368 3840 Seguer.
393 3795 421 3830 ac
444 3779 513 3832 edida
537 3783 625 3833 scribi·
676 3773 721 3830 tut
737 3774 809 3837 vtae,
828 3797 890 3846 quse
908 3784 932 3832 in
950 3782 1004 3832 aliis
1021 3791 1045 3833 et
1062 3782 1132 3832 editis
1147 3781 1266 3832 habentur

36 3835 129 3901 turcia
146 3841 221 3904 ἔστι,
241 3847 285 3897 sed
303 3847 415 3896 mendum
441 3857 491 3910 est,
516 3858 542 3900 ut
559 3852 625 3902 ude·
676 3855 733 3912 poet
760 3843 806 3898 tut
827 3842 938 3918 πατρός.
984 3851 1050 3909 Quae
1068 3859 1202 3914 sequuntur
1219 3849 1266 3900 ibi·

35 3927 90 3978 tur,
114 3916 317 3979 scribendumque
341 3905 380 3961 eir
397 3907 472 3963 ἐστιν
490 3908 505 3964 d
522 3909 624 3983 πατήρ,
677 3918 732 3966 dem
751 3907 886 3982 ἀθέμιτον
903 3909 989 3966 εἰπεῖν
997 3909 1043 3966 tut
1056 3910 1127 3974 aiod,
1146 3903 1265 3977 ἢνποτε,

36 3993 64 4035 ut
87 3985 157 4047 erigit
180 3997 276 4034 sensus.
317 3977 457 4047 [Praetores
484 3985 514 4034 sd
542 3999 625 4036 rocem
677 3971 725 4032 ὅτε
741 3975 790 4032 oria
807 3969 842 4044 ἦν
859 4000 887 4054 er
906 4001 964 4036 mss.
982 3986 1056 4048 Regio
1074 3986 1232 4038 restituimus.

37 4044 141 4130 ἀνάγκη
160 4053 184 4101 in
203 4051 311 4113 margine
329 4050 469 4102 adnotatam
488 4059 538 4101 est:
564 4053 626 4102 torte
712 4067 734 4115 q.
750 4047 799 4100 aral
815 4053 883 4103 deest
901 4055 924 4103 in
943 4053 1000 4115 neg.
1015 4055 1115 4116 Saguer.
1126 4055 1225 4106 Gobler.
1243 4059 1268 4104 et

37 4112 162 4186 simp]
198 4119 250 4169 ttox
274 4119 330 4181 lter.
354 4117 454 4168 Seuer.
479 4119 576 4170 Gobler.
603 4127 628 4170 et
677 4120 783 4172 Felclm.
795 4120 817 4170 1.
848 4121 944 4174 ibidem
963 4121 1062 4172 Gobler.
1080 4130 1104 4172 et
1121 4122 1226 4173 Felclm.
1243 4121 1267 4171 1.

37 4188 143 4246 Felclor.
164 4187 186 4236 l.
211 4187 301 4237 habeut
323 4177 359 4238 dc
382 4131 457 4236 dnae
479 4179 494 4234 d
513 4183 626 4240 Παῦλος.
676 4183 805 4253 λέγοντος
821 4180 1029 4244 cotidianarum,
1050 4181 1064 4236 d
1084 4181 1124 4236 ὧν
1141 4197 1186 4239 ete.
1221 4188 1267 4241 nui

37 4255 82 4304 etti
101 4263 125 4304 et
142 4255 199 4305 editi
216 4245 253 4308 otc
270 4241 343 4303 einer
358 4245 542 4309 tentantes.
577 4256 626 4306 lbi·
678 4251 873 4319 mesliynrror
890 4255 940 4305 τοῦ
954 4249 1092 4312 Ἰωάννου,
1111 4249 1176 4304 τάδε
1184 4252 1267 4324 λέγει,

38 4323 94 4370 dem
118 4329 174 4384 post
196 4317 277 4387 θέμις
293 4323 349 4384 llos.
368 4324 469 4385 Sequor.
488 4325 626 4376 Goblerleu.
679 4314 752 4371 duir
770 4331 815 4374 etc.
849 4325 912 4374 Editi
929 4315 1267 4390 urorrosrori'lonirreu,

41 4395 66 4436 et
88 4387 193 4438 Felsina.
214 4389 235 4440 l.
260 4374 309 4438 edu
333 4391 461 4452 omittunt,
488 4399 512 4442 et
540 4391 581 4442 elii
604 4398 628 4443 et
677 4384 742 4442 τόδε
757 4386 837 4455 Myer,
857 4385 872 4440 d
891 4384 931 4440 ὤν
948 4402 993 4444 etc.
