3216 5048
551 311 660 356 naono
676 311 708 355 u.
725 311 840 356 coam
850 311 991 388 ‘munos
1324 299 1386 366 285

153 467 381 544 oonflrmernuo,
412 473 476 526 tum
505 469 540 523 ut
560 461 628 523 illos
649 479 686 524 ex
708 461 834 544 singulis
856 463 905 526 bis
926 463 1001 528 loeis
1024 464 1219 528 ostendamus
1243 463 1473 532 consus-auo.

150 571 243 636 nismi
265 570 386 651 ignaros
408 563 530 646 penitus
553 581 632 638 esee,
656 581 747 644 quem
769 565 795 628 si
817 577 1041 646 cognoscerent,
1064 588 1134 630 sese
1156 568 1188 630 io
1209 566 1389 632 Indaeorum

151 681 275 737 nostrae
304 667 410 732 aetatis
439 665 612 728 infidelitate
645 683 833 746 nequaquam
859 667 1093 746 concluderent,
1117 670 1171 733 sed
1207 667 1389 732 sciscitando

152 775 316 844 disoereot,
339 769 420 848 quod
442 767 480 830 Ia
498 770 654 848 principio
670 778 741 830 erut
758 767 895 839 Verbum,
917 779 947 832 et
962 769 1087 834 Verbum
1102 783 1172 836 erut
1185 773 1267 854 opud
1281 769 1387 844 Deum,

155 885 184 939 et
205 875 289 936 Deae
312 880 380 933 mot
405 868 540 940 Verbum,
563 885 630 930 mm
652 878 751 930 autem
772 867 891 928 volente
911 867 1000 930 Patre
1020 869 1119 950 ipsum
1141 873 1270 938 Verbum
1295 872 1387 936 bonro

156 974 332 1044 estractus,
354 979 425 1034 tune
445 970 509 1032 iure
531 968 638 1032 merito
662 969 699 1031 de
720 968 771 1030 illo
794 967 905 1030 dietum
928 976 977 1030 est
997 968 1139 1044 olopnue
1153 973 1287 1050 quidem:
1314 973 1388 1038 Ver·

158 1073 229 1138 boor
250 1091 321 1136 earo
343 1073 536 1152 factumest,
559 1080 589 1133 et
611 1091 628 1132 a
649 1071 755 1133 Petro:
785 1071 951 1135 Dominum
978 1079 1007 1133 et
1031 1069 1184 1132 Uiriatum
1211 1093 1278 1136 eum
1304 1077 1387 1156 feeit,

158 1185 188 1240 et
207 1193 263 1258 per
284 1174 478 1236 Salomonem
499 1173 579 1234 velut
602 1193 636 1234 ex
659 1173 756 1253 ipsios
778 1171 898 1235 Domini
918 1189 1067 1254 persono:
1097 1170 1246 1236 romanos
1276 1179 1389 1240 oreooit

154 1297 202 1341 me
222 1281 343 1340 initium
365 1280 488 1337 viarum
509 1293 638 1338 suorum
659 1279 693 1336 ia
716 1292 811 1356 opero
833 1293 898 1346 sua,
921 1273 992 1336 item
1007 1292 1033 1340 ‚a
1054 1273 1163 1334 Paulo:
1189 1273 1283 1337 Tanto
1296 1297 1390 1358 praa·

154 1381 291 1444 stantior
312 1377 414 1456 [aetus
432 1375 562 1457 lapella,
586 1383 616 1436 et
637 1373 723 1438 alibi:
745 1375 845 1438 Samot
866 1379 966 1458 ipsum
989 1379 1167 1452 eorr'aoarbit,
1189 1377 1295 1456 sonno
1310 1385 1395 1442 servi

154 1489 301 1550 assumto,
325 1485 356 1540 et
376 1495 495 1541 rursus:
523 1475 614 1548 Unde,
636 1478 759 1557 fratrea
781 1482 890 1550 eonati,
913 1481 1083 1541 notationis
1105 1477 1241 1542 eoelestia
1259 1483 1393 1560 portici-

66 1604 70 1625 ·
150 1601 216 1665 pes,
241 1579 431 1644 ooaaa'clerate
451 1577 633 1660 Apostolum
654 1587 683 1640 et
705 1577 883 1658 Pontificem
904 1579 1106 1658 consessionis
1132 1591 1259 1643 nostroe
1280 1581 1391 1654 lesum,

153 1689 207 1768 pua·
224 1681 325 1766 fidelia
348 1689 394 1742 est
416 1683 446 1742 ei
465 1683 518 1762 qui
537 1681 611 1760 serit
631 1679 731 1742 illum.
776 1678 857 1740 liaeo
879 1679 958 1742 enim
981 1689 1012 1742 et
1032 1681 1138 1744 similia
1159 1681 1236 1744 dioto
1265 1682 1389 1746 eandem

151 1785 211 1848 rim
235 1779 542 1863 significationemque
564 1780 684 1855 hebent,
707 1799 782 1860 quae
805 1789 835 1842 et
854 1781 959 1861 pietati
975 1789 1022 1844 est
1039 1791 1239 1846 consentanea
1254 1793 1284 1846 et
1299 1785 1387 1848 Verbi

153 1885 338 1949 diunitatem
360 1883 506 1958 ostendit,
529 1882 660 1962 itemque
682 1900 727 1956 ea,
753 1901 827 1962 quae
850 1883 981 1945 humano
1003 1902 1087 1946 more
1109 1884 1151 1946 illi
1173 1885 1385 1962 attribuuntur,

155 1987 233 2049 diota
254 2004 323 2049 esse
345 1992 489 2066 quatenus
511 1984 577 2065 ipse
599 1983 677 2046 lilius
700 2003 819 2064 quoque
841 1984 971 2048 bominis
994 1985 1088 2048 laetus
1111 1997 1166 2050 est.
1203 1988 1286 2061 Quae
1308 1997 1385 2052 mm·

153 2088 211 2150 etsi
232 2087 306 2150 satis
331 2095 401 2148 suot
422 2088 459 2150 ad
481 2086 549 2148 illos
571 2085 692 2165 penitus
715 2085 907 2160 refellendos,
930 2095 1029 2150 tamen
1051 2089 1290 2166 quandoquidem
1306 2091 1386 2169 quod

152 2189 263 2252 dictum
285 2189 322 2250 ab
336 2188 482 2270 Apostolo
506 2195 563 2262 est,
587 2195 620 2250 ut
640 2185 730 2248 buius
745 2187 873 2266 primum
890 2188 1087 2261 meminerim,
1109 2205 1171 2250 noo
1189 2187 1387 2266 intelligentes

151 2289 351 2363 arbitrantur,
378 2289 433 2350 Dei
455 2288 585 2349 Verbum
612 2307 705 2349 unum
738 2305 773 2348 ex
797 2289 938 2367 operibus
962 2297 992 2348 et
1013 2288 1103 2349 rebus
1126 2287 1211 2350 laetis
1234 2305 1319 2362 esse,
1349 2287 1388 2349 ob

151 2391 226 2451 baso
255 2407 364 2467 nempe
385 2386 494 2448 rerba:
525 2387 588 2458 Qua·
614 2387 715 2467 fidelis
745 2398 793 2449 eat
820 2393 848 2450 ea·
874 2391 927 2468 poi
952 2387 1025 2466 seea't
1053 2387 1155 2460 illum,
1183 2387 1388 2452 neeessariam

153 2488 241 2562 (luxi,
270 2485 478 2566 propositione
500 2485 619 2549 illorum
640 2495 787 2563 assumta,
817 2496 850 2550 ut
872 2496 957 2552 antea
986 2488 1117 2570 egimus,
1147 2507 1251 2554 eorum
1278 2489 1387 2554 iterum

96 2613 98 2627 ·
154 2591 309 2654 motutare
331 2587 522 2666 impietatem.

241 2995 271 3054 2.
315 2990 420 3070 Itaque
442 2991 468 3052 si
490 2975 553 3053 non
574 2999 622 3053 est
641 2991 745 3065 Filius,
768 3010 844 3072 opus
866 2993 1040 3074 appelletur,
1063 3004 1093 3057 et
1114 2995 1229 3070 omnia,
1252 3013 1328 3075 quae
1350 2995 1388 3058 (le

155 3090 299 3174 operibus
321 3091 471 3167 dicuntur,
494 3091 630 3156 dieantur
651 3092 690 3155 (le
711 3092 779 3168 illo;
805 3111 861 3155 neo
883 3093 953 3156 item
977 3094 1061 3158 solus
1084 3095 1198 3157 dicatur
1218 3095 1311 3156 Vilius
1333 3111 1388 3156 neo

152 3193 282 3257 Verbum
297 3213 354 3256 neo
367 3193 529 3276 Sapientia,
553 3213 608 3258 neo
629 3197 695 3276 ipso
717 3213 837 3276 quoque
850 3193 931 3258 lleus
947 3195 1061 3259 dicatur
1076 3197 1173 3270 Pater,
1197 3195 1250 3258 sed
1272 3193 1386 3257 solum-

151 3295 243 3358 modo
266 3295 365 3376 opiter
388 3305 418 3358 et
439 3305 558 3360 creator
578 3315 680 3360 rerum
709 3315 782 3377 quas
810 3296 961 3377 produxit.
1007 3297 1053 3361 Sit
1081 3297 1170 3361 etiam
1198 3315 1248 3360 res
1278 3303 1385 3372 ereata,

152 3397 249 3478 imago
272 3405 302 3459 et
323 3398 419 3479 llgrua
438 3399 595 3463 elleotriois
618 3397 683 3463 eius
705 3398 876 3474 voluntatis,
898 3418 954 3492 neo
975 3399 1040 3481 ipse
1061 3399 1224 3464 seeundum
1246 3398 1315 3462 illos
1331 3415 1386 3479 ge·

152 3497 274 3562 nitalem
296 3499 403 3564 hebeat
424 3487 586 3578 naturam,
602 3503 644 3564 ita
676 3509 710 3564 ut
730 3519 787 3564 neo
808 3500 938 3565 Verbum
960 3521 1016 3566 nee
1038 3501 1190 3584 Sapientia
1211 3519 1267 3564 nee
1287 3500 1384 3582 imago

151 3599 211 3664 ulla
232 3601 273 3665 sit
292 3603 431 3684 propriae
453 3605 518 3668 eius
539 3613 672 3667 naturae.
716 3603 790 3667 Nam
814 3603 952 3666 sibillos
975 3613 1115 3679 nonest,
1138 3621 1194 3668 neo
1216 3603 1313 3684 imago
1329 3611 1468 3670 estona

186 3787 211 3840 d·
228 3781 262 3838 τό
280 3789 349 3840 abeat
366 3804 380 3840 a
397 3789 555 3854 Segoeriruo.
826 3792 850 3842 b.
869 3791 910 3842 Sio
933 3791 1034 3854 Sepuer.
1069 3791 1098 3838 lt
1120 3788 1161 3840 alii
1184 3798 1208 3841 et
1231 3788 1289 3840 editi
1311 3783 1383 3853 rot·

186 3886 207 3924 e.
226 3873 283 3935 Res.
303 3873 448 3924 Vetekm,2
475 3881 499 3926 ει
522 3875 595 3926 ,diuo
622 3875 740 3928 ρωποι,
793 3857 863 3908 σθαι
881 3850 966 3908 αὐτὸν
982 3851 1043 3906 υἱὸν
1062 3845 1222 3922 ἀνθρώπου,
1242 3849 1267 3906 el
1282 3852 1336 3908 καί.

151 3933 325 4007 Σαλομιιῑνος.
827 3928 843 3976 i.
868 3925 1011 3976 Fuluiani.
1037 3915 1190 3990 ἀναγκαῖον
1207 3909 1263 3974 ab.

185 4033 197 4084 ἰ
222 4033 246 4084 s.
280 4033 297 4083 s
828 3994 850 4042 t.
869 3993 909 4042 Sio
927 3993 1026 4056 Segner.
1044 3993 1117 4042 basil.
1145 3991 1323 4043 solelebat.
1355 3990 1386 4042 At

196 4069 203 4083 ⁸
241 4049 263 4083 '⁶
298 4045 380 4095 ΕΜ·
399 4032 496 4084 G⁰b¹⁶¹'
516 4041 539 4082 ⁸²
556 4031 696 4084 mam·
716 4033 741 4086 ¹¹·
792 4059 833 4110 alii
852 4068 876 4109 et
893 4061 967 4110 editio
986 4059 1103 4110 Commel.
1122 4051 1319 4126 λαμβάνοντας.

152 4108 175 4152 ⁰²
192 4100 216 4152 5·
251 4099 297 4151 ⁸¹³5
315 4115 371 4150 '⁸¹⁰
390 4107 414 4150 ⁰²
432 4099 489 4150 “mi
505 4092 597 4151 πάλιν·
828 4126 844 4176 l.
863 4111 914 4175 ab»
930 4127 999 4178 deest
1016 4127 1040 4177 in
1052 4127 1209 4190 Seoueriane.
1235 4127 1309 4176 Panlo
1327 4132 1385 4191 post

184 4207 208 4256 g.
226 4193 268 4244 Sic
284 4193 384 4254 Segoer.
403 4191 493 4256 lnglie.
512 4201 537 4244 et
552 4191 690 4243 beloiuml.
714 4192 741 4244 ln
793 4195 857 4245 idom
876 4203 900 4243 et
917 4193 1008 4256 logne
1028 4195 1194 4259 Rea-Gobler.
1207 4203 1231 4245 et
1242 4193 1380 4244 reterns.

150 4259 206 4310 aliis
215 4261 289 4311 deest
297 4249 411 4319 Ἰησοῦν.
435 4259 510 4310 Panlo
524 4260 643 4324 postlieg.
654 4261 743 4312 omittit
792 4255 1009 4328 :arey-potore.
1047 4263 1109 4315 satri
1123 4273 1147 4314 et
1168 4264 1209 4315 alii
1226 4254 1384 4328 marapet-

150 4319 271 4396 δῦναμιν
285 4323 342 4384 καί,
361 4342 423 4394 quae
441 4327 627 4392 inSapueriaoo
644 4329 741 4394 ponetis
793 4329 916 4381 eburone.
953 4332 1044 4382 ibidem
1068 4332 1211 4396 Segneriau.
1235 4329 1333 4381 Gobler.
1360 4333 1385 4376 et

150 4403 177 4448 nt
195 4396 352 4462 expungenda
369 4403 484 4446 notantur
501 4397 635 4462 desuntque
654 4399 676 4448 in
689 4396 741 4446 edi·
793 4397 899 4450 Velobm.
912 4399 935 4449 l.
954 4407 977 4450 et
995 4400 1020 4450 l.
1038 4395 1084 4448 sol
1099 4392 1196 4467 μόνον.

150 4463 216 4516 tione
235 4464 354 4514 Commel.
373 4463 416 4514 secl
434 4462 547 4526 leguntur
564 4465 589 4514 in
605 4464 704 4516 Goblar.
719 4470 744 4515 et
826 4479 859 4516 ro.
877 4467 918 4517 Sio
936 4467 1078 4530 Sepuerian.
1113 4469 1143 4517 ot
1160 4467 1184 4516 iu
1202 4463 1258 4515 aliia
1276 4467 1300 4510 et
1312 4457 1384 4509 editio

149 4531 256 4584 Velekm.
272 4531 293 4584 l.
312 4545 388 4598 eaque
405 4533 475 4584 uertit
492 4532 608 4584 ltauuina.
794 4533 863 4586 deest
880 4523 974 4586 αὗτοῦ.
