3102 5042
456 221 458 226 ’
498 221 641 266 rarsrocc
657 223 677 265 1.
692 223 728 266 an
744 223 939 267 sucurrones.
1267 217 1328 280 679

104 377 190 450 Filii,
219 374 344 469 dicentis
366 372 492 436 scilicet:
523 373 584 454 llpo
607 351 674 436 eum
696 380 825 447 veritos,
854 384 888 437 ut
914 395 968 436 vos
997 379 1074 440 nuda
1101 399 1172 442 voca
1201 388 1413 464 spiritusccso.

105 479 205 542 audita
233 485 369 538 sanctum
392 473 537 556 Spiritum
565 493 633 536 esse
661 475 911 556 suspicaremini?
954 477 997 540 Ex
1025 479 1079 540 bac
1108 487 1204 543 umen
1230 484 1329 564 regule

107 599 161 643 eos
184 579 270 640 velim
293 578 406 657 excipi,
431 576 480 656 qui
503 595 568 674 cupi
592 576 735 656 Spiritum
758 588 891 640 sanetum
913 579 971 640 iam
994 581 1193 661 accepissent,
1216 585 1251 646 de
1272 585 1328 646 iis-

106 683 176 746 dem
197 683 230 744 llt
250 689 357 760 postea
379 679 486 741 iterum
509 677 631 752 mentio,
655 680 699 740 rel
714 681 763 758 qui
785 698 850 742 cum
865 681 947 760 prius
964 681 1034 762 quid
1049 683 1086 744 de
1101 685 1213 764 Spiritu
1228 694 1412 750 sanctonus.

106 783 287 848 eredendum
315 781 354 843 sit
381 780 554 853 didicerint,
588 780 695 842 deinde
721 783 907 861 repetitionis
936 792 967 844 et
997 787 1237 850 commonitionis
1259 805 1329 867 ergo

38 913 41 922 Α
105 903 191 950 mera
219 901 289 946 voce
316 886 445 964 spirituc
474 882 589 961 prolata
618 882 683 962 quis
711 883 759 944 ille
788 884 994 964 intelligendus
1028 888 1069 948 sit
1095 907 1155 949 non
1183 889 1330 968 ignorant,

106 986 236 1050 maxime
268 986 334 1063 quia
357 985 402 1046 sic
424 984 512 1044 etiam
534 983 745 1046 camarderio
769 986 957 1065 exprimatur.
1001 983 1134 1068 Denique
1163 991 1228 1052 sine
1256 993 1330 1054 arti-
1364 1051 1366 1058 ,

110 1090 178 1152 carlo
199 1087 244 1149 vel
263 1087 415 1166 praedicto
446 1085 645 1148 additamento
667 1105 817 1168 nunquam
839 1087 980 1168 Spiritum
1010 1098 1142 1152 sanctum
1171 1092 1330 1172 significari

108 1188 289 1252 inveneritis.
333 1187 512 1250 Huiusmodi
535 1197 606 1249 sunt
629 1207 672 1262 ea,
695 1207 770 1268 quae
792 1187 900 1250 Paulus
921 1190 957 1251 ad
980 1189 1095 1253 Galatas
1118 1191 1237 1254 scribit:
1264 1191 1330 1258 Hoc

107 1293 208 1358 solum
230 1309 250 1352 o
271 1291 353 1354 vobis
376 1289 445 1351 uolo
469 1289 602 1351 discere:
624 1289 673 1352 dm
695 1291 834 1371 operibus
858 1290 928 1371 lepis
945 1292 1092 1372 Spiritum
1111 1300 1265 1376 accepistis
1288 1315 1329 1358 cu

109 1415 147 1457 ea:
169 1395 276 1456 auditu
296 1388 391 1472 fidei?
414 1389 530 1463 *Quem
559 1409 629 1451 vero
652 1390 740 1452 alium
762 1401 949 1472 acceperant,
983 1411 1069 1473 quarn
1093 1393 1235 1473 Spiritum
1256 1415 1329 1457 san·

110 1505 198 1566 etum,
220 1473 268 1575 qui
290 1491 478 1554 credentibus
501 1500 530 1552 ot
551 1509 605 1571 per
627 1492 1020 1571 regenerationislavacrum
1035 1497 1257 1558 renascentibus
1273 1497 1327 1558 da-

111 1593 183 1660 tur‘l
224 1596 266 1658 td
288 1593 572 1656 Thessalonicenses
595 1603 693 1654 autom
715 1594 831 1657 scribit:
857 1595 1004 1676 Spiritum
1025 1597 1119 1660 nolite
1140 1601 1326 1677 eutiupuere.

108 1699 221 1778 Nempe
243 1717 312 1771 eos,
336 1696 508 1776 quietique
532 1705 677 1757 noverant
697 1714 783 1776 quem
807 1706 981 1776 acceperant
1001 1699 1159 1777 Spiritum,
1183 1699 1326 1760 admone-

105 1801 166 1877 bat,
189 1819 227 1862 ne
249 1815 402 1861 accensam
425 1797 454 1858 in
477 1797 551 1876 ipsis
567 1797 697 1877 Spiritus
720 1799 841 1878 gratiam
864 1818 899 1860 ex
921 1799 1095 1880 negligentia
1111 1801 1325 1878 extinguerent.

105 1904 194 1978 Quod
217 1903 243 1963 si
265 1900 465 1980 Evangelistae
488 1901 517 1988 ia
539 1899 705 1980 Evangeliis
728 1901 764 1962 de
775 1901 931 1964 ‘Salvatore
949 1901 1078 1966 bumaao
1100 1921 1184 1964 more
1204 1910 1328 1982 propter

103 2021 226 2068 carnem
248 2003 284 2064 ab
305 2021 341 2064 eo
364 2009 525 2064 assumtam
549 2003 621 2062 baec
642 2002 766 2064 babent:
789 2003 874 2065 lesus
897 2015 995 2065 cutem
1012 2003 1121 2083 plenus
1137 2003 1258 2084 Spiritu
1273 2022 1325 2065 re-

101 2125 230 2188 pressus
252 2125 270 2166 a
292 2105 438 2174 Iordane,
473 2112 502 2163 et
527 2102 607 2164 Tune
629 2103 714 2165 lesus
737 2105 843 2166 ductam
866 2116 908 2166 est
929 2109 962 2166 in
984 2087 1134 2168 desertum
1156 2123 1174 2166 o
1195 2104 1324 2186 Spiritu,

101 2209 184 2270 ide'm
212 2225 329 2286 quoque
360 2213 468 2266 'sensus
498 2205 546 2265 bic
575 2204 776 2266 observandus
806 2214 861 2264 est.
912 2203 1061 2283 Siquidem
1089 2207 1172 2283 prius
1201 2223 1217 2266 a
1245 2205 1324 2266 Luca

103 2312 217 2373 dictum
239 2311 347 2369 luerat:
376 2307 500 2370 Factum
521 2319 565 2368 est
588 2318 700 2378 oeten,
731 2325 795 2367 cum
820 2308 1035 2394 poptizoretur
1062 2311 1157 2368 omnis
1176 2305 1321 2386 populus,

104 2423 134 2474 et
158 2411 231 2492 lesu
253 2411 405 2488 baptizato
427 2419 457 2470 et
478 2419 593 2479 oronte,
617 2418 755 2487 opertum
776 2418 821 2469 est
844 2403 970 2482 caelum,
999 2417 1028 2468 et
1051 2408 1201 2471 descendit
1221 2407 1323 2489 Spiri-

107 2524 159 2574 tus
183 2522 306 2574 sauctus
330 2510 485 2590 corporali
505 2513 600 2590 specie
624 2513 701 2570 siuet
724 2509 860 2572 columbo
881 2513 913 2569 iu
933 2513 1040 2589 ipsam.
1063 2501 1219 2582 ¹Quocirca
1234 2516 1323 2590 patet,

105 2613 208 2692 ipsum
230 2609 370 2691 Spiritum
401 2619 533 2672 sanetum
563 2609 691 2690 Spiritus
719 2609 859 2671 vocabulo
887 2609 946 2672 illic
973 2603 1138 2690 significari.
1183 2611 1324 2673 Similiter

102 2713 183 2794 apud
206 2731 280 2792 quos
302 2721 348 2774 est
368 2711 496 2792 Spiritus
520 2719 656 2784 sanetuS,
685 2713 753 2774 licet
780 2712 844 2773 sine
872 2712 1069 2777 additamento
1091 2713 1220 2792 Spiritus
1253 2721 1323 2794 tan-¹

77 2826 165 2892 ,tum
189 2815 317 2889 dicatur,
346 2833 408 2875 non
430 2813 621 2876 dubitandum
649 2822 746 2875 umen
775 2821 820 2874 est
841 2814 910 2893 quin
934 2813 1061 2892 Spiritus
1084 2821 1203 2874 sanctus
1226 2814 1321 2875 deno-

106 2926 195 2989 tetur,
214 2916 389 2996 praesertim
412 2916 437 2979 si
461 2915 538 2976 adsit
560 2915 708 2976 articulus.

172 3225 221 3292 ,5.
264 3221 324 3280 Vos
347 3230 442 3280 autem
467 3219 623 3288 ostendite,
646 3217 724 3296 quod
748 3215 829 3278 cobis
852 3215 1073 3294 proposuimus,
1096 3215 1121 3276 si
1143 3233 1249 3294 nempe
1264 3214 1318 3276 ali-

105 3320 173 3382 cubi
196 3319 226 3381 in
249 3319 399 3404 Scriptura
422 3321 516 3382 divina
540 3320 681 3400 Spiritum
705 3324 836 3379 sanctum
859 3316 1013 3378 invenistis
1032 3317 1233 3379 tantummodo
1249 3315 1318 3398 Spi-

101 3422 194 3482 ritum
217 3421 354 3500 appellari
378 3421 442 3482 siae
465 3423 613 3502 praedicto
635 3420 831 3482 additamento
854 3428 883 3480 et
905 3418 1121 3492 observatione,
1147 3419 1230 3481 cuius
1253 3439 1318 3480 me-

101 3523 255 3585 minimus.
300 3523 331 3583 ld
353 3534 432 3584 certe
455 3543 600 3603 utinquam
623 3530 771 3602 praestare
794 3522 959 3600 potueritis.
1004 3521 1153 3601 Siquidem
1168 3539 1318 3602 nunquam
1385 3523 1389 3534 '

99 3707 178 3774 patet.
215 3707 267 3758 llox
284 3709 338 3758 ibid.
359 3710 423 3770 llegii
442 3719 464 3759 et
481 3711 580 3774 Segusa.
599 3710 685 3758 babent
737 3707 947 3772 Felclrtnprlmns.
983 3707 1159 3757 Celerlatediti
1176 3699 1314 3770 κᾷνδταν.

100 3772 133 3825 eb
164 3770 232 3825 τότε.
276 3777 371 3826 Gobler.
398 3785 420 3826 et
438 3778 541 3827 Falelcm.
566 3779 584 3828 l.
608 3770 685 3825 eall
737 3769 1130 3837 bicallemlssetb'eguersriclr
1147 3766 1222 3840 αὐτῷ
1238 3787 1319 3841 προς-

95 3837 211 3904 ’1ησοῦς.
246 3843 289 3894 llii
313 3853 336 3893 et
353 3844 409 3894 editi
426 3839 471 3892 sal
488 3837 535 3900 τό,
563 3858 598 3894 τε.
635 3845 686 3894 llox
734 3837 825 3903 θήκης.
862 3843 934 3892 Patala
951 3843 1225 3906 postlaglicuuacit.
1243 3835 1315 3909 ἕχον.

99 3917 161 3962 item
180 3911 245 3973 liegii
264 3920 287 3961 et
304 3913 402 3974 Segder.
426 3913 514 3964 babeat
530 3908 685 3978 προείρητο,
736 3913 812 3964 Ceteri
825 3918 848 3960 et
863 3911 918 3960 editi
935 3903 1013 3977 ἔχων.

99 3989 125 4029 ut
154 3987 177 4027 et
194 3978 284 4040 anglic.
307 3980 451 4030 Goblerlan.‘
468 3989 490 4029 et
508 3981 610 4030 Fslclm.
625 3981 645 4029 l.
665 3988 688 4030 et

100 4047 186 4097 ottob.
223 4047 266 4095 ‚llil
285 4061 338 4096 rere
356 4043 523 4114 προείρηται.
561 4049 618 4098 luem
629 4046 685 4096 ibid.

100 4117 162 4176 Rea.
178 4114 198 4162 l.
219 4115 349 4176 etSeguer.
368 4109 411 4162 lire
428 4109 532 4179 tyturo
551 4108 580 4162 di
598 4124 642 4164 etc.

137 4197 161 4243 g.
180 4181 236 4243 fleg.
252 4183 309 4232 l.et
321 4183 390 4262 Seps.
410 4177 453 4237 uls.
489 4184 548 4234 lbid.
568 4197 627 4247 qrree
646 4195 686 4231 se·

100 4259 209 4316 quantur
231 4251 301 4299 rerba
325 4263 370 4297 και
394 4245 477 4310 δῆλον
500 4265 575 4316 usqae
594 4251 622 4299 ad
641 4260 686 4308 ap·

99 4309 272 4384 patrimon
289 4318 376 4368 absunt
401 4321 486 4382 alleg.
507 4319 530 4369 2.
550 4319 645 4370 Gobler,
665 4325 688 4366 et

49 4391 53 4402 ¹
99 4387 208 4435 sarcum.
220 4386 239 4434 1.
251 4385 341 4448 englis.
360 4372 394 4445 ἦν
411 4389 466 4436 atem
485 4388 552 4438 retu
564 4389 586 4436 u
598 4387 651 4449 aaa.
665 4386 686 4434 ι,

136 4455 160 4504 b.
179 4453 219 4502 Sic
238 4454 292 4516 lleg.
314 4455 335 4504 l.
354 4455 494 4517 Seguerian.
512 4455 646 4506 Gobleriaa.
665 4459 688 4502 et

770 4013 784 4060 i.
803 4013 940 4074 Seguerian.
956 4007 1101 4078 npoauddv.
1126 4013 1183 4070 Rea.
1199 4013 1220 4064 l.
1238 4027 1317 4079 προς-

737 4075 827 4128 ταθέν.
870 4081 924 4142 lleg.
944 4079 966 4130 l.
984 4076 1125 4144 upotedlr.
1153 4081 1198 4132 lui
1219 4091 1242 4130 et
1261 4083 1317 4131 aditi

735 4143 888 4212 apofereta.
909 4149 958 4198 blot
977 4149 1032 4210 lleg.
1045 4139 1316 4216 1.eeseguer.qdpcrs.

736 4215 823 4278 liepl.
839 4209 893 4280 γὰρ
913 4207 1020 4280 pbpure,
1040 4219 1094 4265 ilem
1114 4217 1202 4278 daglie.
1214 4217 1315 4264 etllasil.

737 4284 779 4332 sed
796 4284 848 4332 sine
857 4285 940 4346 portic.
950 4277 1013 4350 γάρ.
1050 4285 1123 4334 l'aalo
1134 4293 1189 4348 post
1198 4274 1236 4330 ἔπ’
1249 4283 1316 4332 deest

737 4351 760 4400 ln
780 4351 834 4412 lleg.
853 4351 876 4406 Ἰ,
896 4343 964 4410 πλήν
982 4368 994 4400 e
1013 4353 1110 4402 Gobler.
1130 4361 1152 4402 et
1170 4350 1272 4398 Felcltm.
1293 4346 1313 4394 1.

738 4427 761 4467 et
776 4430 808 4482 γε
825 4434 837 4467 a
856 4419 911 4482 fleg.
934 4421 954 4468 l.
974 4429 996 4470 et
1014 4421 1113 4480 Seguer.
