3174 5082
420 241 564 285 sersaoni
580 241 618 284 oe
634 241 776 288 osannam
793 243 935 286 nicaeum
952 245 1070 289 annom.
1317 234 1358 296 27

130 394 256 475 amphus
287 411 304 454 a
332 392 420 454 nohis
450 401 533 456 esset
561 392 725 456 addendum
748 395 793 456 vel
814 394 850 456 ad
873 393 921 457 illa
943 395 1128 458 defendenda
1149 398 1195 460 vel
1219 399 1255 461 ad
1277 400 1443 462 vanienm.

128 513 236 558 eorum
258 493 423 556 rationibus
446 493 701 572 respondendum,
724 514 779 556 nec
801 494 839 556 illi
863 514 981 576 quoque
1002 497 1097 560 adhuc
1119 496 1263 562 deberent
1285 493 1358 562 con-

127 597 262 668 tendere,
286 595 339 657 sed
361 594 462 674 potius
485 594 530 656 his
552 596 707 670 assentiri,
731 597 838 676 quihus
861 615 931 659 suae
954 598 1087 661 haeresis
1109 599 1199 662 duces
1222 601 1358 663 sidrscri·

126 717 235 778 psere,
260 704 294 758 ut
314 703 385 775 pote
407 694 458 776 qui
480 697 717 775 euphanorem,
749 715 813 758 eam
836 717 909 776 quae
931 709 1030 760 secuta
1052 708 1099 762 est
1119 701 1358 764 Eusebianorum

129 798 326 860 mutationem
350 805 518 874 suspectam
541 815 576 858 ac
597 797 811 858 fraudulentam
835 815 912 860 osse.
958 799 1043 871 Quod
1072 801 1150 864 enim
1166 803 1356 884 subscripse-

131 899 194 958 rint
214 905 373 977 postquam
396 897 501 958 saltem
523 916 556 959 se
579 897 708 959 breviter
724 905 886 977 potuerunt
900 899 1066 972 defendere,
1088 904 1145 965 hoc
1158 903 1254 984 ipsum
1269 907 1356 985 plane

133 1005 277 1069 testatur,
308 1013 394 1078 quam
423 997 511 1078 impia
534 997 574 1060 sit
593 997 701 1060 Ariana
724 999 869 1060 haeresis.
915 999 977 1061 Nec
998 1000 1077 1062 enim
1099 1003 1355 1085 subseripsisseut,

132 1101 192 1161 nisi
214 1100 296 1180 prius
318 1099 397 1160 illam
418 1101 566 1162 haeresim
589 1098 858 1176 condemnassent;
880 1116 937 1164 uec
952 1100 1209 1178 condemnassent,
1231 1108 1287 1169 nisi
1303 1127 1355 1168 eos

132 1200 263 1280 undique
284 1199 463 1264 haesitantes
486 1201 583 1281 pudor
604 1202 639 1264 ad
662 1202 692 1262 id
715 1203 862 1281 agendum
884 1203 1042 1282 coegisset.
1075 1204 1221 1278 Quocirca
1240 1205 1358 1268 illorum

133 1302 322 1363 commutatio
352 1303 471 1364 evidens
501 1311 546 1363 ost
573 1302 714 1364 indicium
737 1322 809 1364 suae
831 1303 862 1364 iu
885 1304 1037 1384 impietate
1060 1304 1242 1368 ostendenda
1264 1307 1358 1387 perti·

132 1401 244 1464 naoiae.
287 1403 357 1464 lllos
385 1403 491 1482 igitur,
525 1403 612 1465 sicuti
639 1403 834 1478 dictumest,
862 1403 1034 1484 ‘praestaret
1056 1407 1226 1485 quiescere:
1259 1426 1360 1470 verum

131 1503 368 1583 quandoquidem
391 1504 502 1583 insigni
524 1513 595 1566 suot
618 1505 798 1585 impudentia
813 1506 949 1585 praediti,
972 1507 1256 1588 arbitrantur'quese
1267 1527 1359 1587 posse

128 1603 243 1666 felicius
266 1623 353 1684 quam
376 1604 444 1666 illos
467 1605 641 1668 diabolicam
662 1607 737 1668 hanc
758 1607 938 1686 impietatem
961 1625 1166 1688 propugnare:
1189 1609 1305 1670 etiamsi
1327 1607 1358 1669 in

125 1705 228 1786 priore
250 1706 399 1786 Epistola,
423 1725 512 1786 qnam
535 1709 570 1768 ad
594 1715 622 1768 te
644 1707 723 1781 misi,
745 1709 839 1770 lusius
862 1718 965 1770 contra
988 1727 1040 1770 eos
1063 1709 1254 1789 disputarim,
1277 1711 1356 1771 isto·

126 1827 196 1868 rum
224 1815 321 1870 tamen
351 1816 383 1870 ιιι
412 1817 497 1870 autea
524 1808 644 1870 illorum
671 1809 747 1870 dicta
776 1809 890 1888 singula
919 1808 1086 1872 examinare
1113 1829 1174 1872 non
1202 1809 1355 1890 gravabor.

128 1910 225 1989 Spero
250 1909 327 1971 enim
349 1929 411 1970 non
433 1910 532 1970 minus
554 1911 719 1972 nuncluce
741 1911 949 1990 perspicuum,
980 1930 1084 1974 eorum
1106 1912 1254 1974 haeresim
1276 1911 1355 1974 haud
1365 1933 1441 1977 erra.

127 2029 245 2084 sanant,
268 2011 319 2072 sod
344 2019 433 2072 totam
456 2010 659 2072 daemonicam
683 2029 761 2072 esse.

212 2218 242 2279 li.
287 2215 376 2276 Aiunt
406 2214 521 2294 itaque,
552 2213 798 2293 quaemadmodum
830 2225 859 2276 ot
887 2214 927 2276 illi
957 2214 1054 2276 dicere
1083 2213 1245 2275 audehaut:
1269 2216 1357 2288 „Non

128 2335 279 2396 „sempor
287 2316 386 2389 Pater,
409 2335 471 2376 uon
494 2333 613 2394 semper
628 2315 739 2388 Filius3
761 2333 829 2376 nam
843 2333 904 2376 non
920 2321 983 2375 orat
997 2314 1089 2374 lilius
1106 2323 1262 2392 antequam
1278 2323 1360 2378 esset

130 2459 150 2486 „
159 2416 288 2493 genitus,
312 2417 364 2478 sed
386 2417 450 2496 ipso
473 2435 591 2496 quoque
607 2434 643 2477 ex
658 2409 750 2478 nihilo
767 2415 821 2478 luit
836 2417 939 2478 laetus.
976 2415 1054 2476 Hinc
1068 2432 1128 2476 uon
1145 2433 1264 2495 semper
1277 2415 1357 2478 Deus

131 2515 404 2592 „luitFiliiPater;
427 2519 479 2581 s'ed
503 2537 567 2580 cum
591 2518 687 2580 iactus
712 2527 740 2578 ut
762 2525 877 2580 creatus
900 2527 947 2579 cst
962 2517 1063 2590 Filius,
1089 2525 1158 2578 tune
1173 2517 1260 2578 etiam
1276 2517 1356 2580 lleus

131 2617 222 2692 „eius
250 2617 335 2680 Pater
366 2629 411 2682 est
439 2620 611 2700 appehatus.
655 2619 788 2699 Namque
809 2637 858 2682 res
881 2629 978 2681 creata
1000 2628 1029 2681 ut
1050 2621 1125 2681 lacta
1149 2625 1195 2680 est
1215 2619 1354 2692 Verbum,

132 2720 239 2795 „quod
262 2729 291 2780 et
311 2721 476 2782 substancia
492 2721 572 2782 Patri
594 2719 736 2782 dissimile
758 2729 805 2782 est
826 2739 859 2782 ac
881 2731 1046 2783 externum.
1090 2720 1156 2780 Non
1179 2729 1276 2782 autem
1300 2739 1355 2782 ua·

134 2827 228 2888 „tura
250 2829 300 2878 aut
320 2839 406 2880 rurus
423 2829 469 2881 est
479 2820 575 2882 Patris
586 2819 690 2892 Filius,
713 2839 808 2898 neque
830 2821 893 2882 sola
916 2832 946 2882 et
966 2839 1034 2882 vera
1052 2821 1118 2881 eius
1135 2829 1181 2882 est
1195 2820 1355 2900 Sapientia,

138 2961 156 2987 „
168 2915 221 2974 eod
243 2925 371 2977 creatum
395 2925 442 2977 est
464 2926 493 2978 et
513 2935 570 2978 una
586 2936 622 2977 ex
636 2917 727 2976 relius
743 2919 859 2991 creatis,
880 2919 1066 3000 l'erhpmque
1081 2929 1111 2980 et
1125 2920 1274 2998 Sapientia
1296 2939 1357 2980 uon

139 3013 225 3086 „nisi
241 3013 382 3077 abusione
397 3015 514 3077 dicitur.
557 3016 615 3076 Per
629 3015 757 3077 ternum
781 3015 869 3088 enim,
892 3018 969 3094 qnod
986 3023 1032 3076 est
1046 3019 1075 3078 iu
1088 3017 1187 3089 Patre,
1210 3027 1241 3078 et
1262 3019 1359 3096 ipsum

138 3134 287 3195 „quoque
307 3118 413 3178 laetum
437 3125 492 3191 est,
518 3125 549 3177 ut
571 3125 600 3177 et
623 3123 738 3178 caetera
760 3116 868 3190 omnia,
892 3135 926 3177 ac
947 3116 1072 3196 proinde
1093 3117 1249 3180 necFilius
1272 3135 1359 3178 verus

135 3225 209 3290 „est
230 3217 341 3280 Deus.“
384 3219 448 3298 Ego
470 3237 540 3280 aero
562 3217 621 3280 hoc
642 3215 771 3298 primum
794 3217 830 3279 ah
854 3216 911 3280 illis
935 3217 1021 3280 velim
1044 3219 1197 3292 sciscitari,
1220 3218 1359 3299 quidnam

131 3338 256 3399 prorsus
288 3319 327 3382 sit
346 3319 453 3392 Filius,
482 3319 589 3400 quidve
617 3337 654 3380 eo
682 3318 803 3380 nomine
825 3319 1023 3398 significetur,
1058 3327 1091 3382 ut
1112 3319 1170 3382 hoc
1189 3330 1276 3401 paeto
1299 3319 1357 3400 ipsi

133 3421 201 3499 quid
224 3421 321 3482 dicant
341 3421 458 3502 possint
479 3419 654 3501 intelligere.
699 3419 841 3499 Equidem
865 3441 900 3482 ex
923 3420 1018 3484 divina
1036 3421 1189 3502 Scriptura
1201 3422 1354 3495 discimus,

133 3521 278 3600 duplicem
305 3522 549 3584 huiusuoririnis
573 3541 641 3584 esse
665 3521 925 3600 significationem,
948 3541 1053 3596 unam,
1077 3523 1160 3586 cuius
1183 3523 1300 3602 llopses
1323 3522 1354 3584 in

132 3622 195 3702 lege
217 3623 363 3686 meminit:
387 3623 612 3696 dinumeratis,
635 3623 739 3702 inquit,
764 3643 865 3687 uocem
886 3624 1011 3687 Domini
1031 3625 1089 3687 Dei
1109 3629 1219 3695 vestri,
1243 3635 1277 3686 ut
1300 3643 1355 3686 cu-

131 3725 269 3790 stodiatis
293 3730 393 3788 omnia
414 3725 556 3788 marrdato
578 3729 651 3796 erus,
674 3743 749 3806 quoe
771 3743 822 3806 epo
843 3729 999 3806 praecipio
1022 3727 1078 3788 tihi
1091 3726 1185 3796 hodie,
1208 3737 1242 3788 ut
1255 3727 1353 3803 [cu'or

131 3826 240 3888 donum
261 3835 290 3889 et
311 3828 391 3908 quod
412 3837 565 3906 acceptum
588 3837 634 3888 est
657 3825 785 3888 Domino
807 3825 869 3888 Deo
893 3837 961 3900 trro,·
985 3825 1047 3906 fih‘r'
1066 3829 1138 3890 estis
1161 3825 1285 3888 Domina·
1297 3825 1356 3888 Dei

128 3931 236 3988 nostri.
283 3927 349 4000 Quo
380 3927 468 3989 etiam
497 3944 589 3988 sensu
611 3926 738 3989 loannes
767 3926 797 3987 in
819 3927 968 4006 evangelio
992 3926 1045 3987 ait:
1078 3926 1233 4007 Quotquot
1255 3937 1354 3990 nutem

127 4105 174 4158 τὸν
197 4108 264 4162 osta
286 4110 331 4164 arai
353 4107 429 4164 πιττέ

143 4171 167 4227 Γ
430 4125 481 4231 5⁶·
505 4107 575 4193 μίαν
597 4107 650 4192 elif
667 4105 717 4192 τὸ]
769 4115 799 4164 sit
816 4115 842 4192 ιιι
859 4127 902 4164 rac
920 4114 1063 4175 attractata,
1090 4113 1215 4164 seeundum
1232 4127 1301 4176 quom
1320 4115 1352 4158 est

126 4175 518 4315 triturantur
546 4174 716 4300 ιιιιι
1044 4247 1072 4297 r
1161 4254 1184 4297 a

130 4315 182 4366 haec
205 4319 236 4368 ad
258 4321 312 4372 ilica
336 4337 389 4372 erre
406 4321 484 4380 dicto,
510 4319 550 4382 qui
568 4319 714 4368 etiamnunc
766 4318 886 4368 omittunt.

129 4381 322 4440 tenerrrima
340 4391 399 4440 deor
419 4387 547 4452 ιιιριιιιιιιι
565 4387 714 4436 latescen-
801 4385 824 4434 h.
843 4385 883 4435 Sic
901 4383 957 4446 ileu
977 4390 1004 4432 ut
1021 4389 1045 4432 et
1062 4381 1140 4432 versio
1157 4379 1223 4430 Lxx.
1259 4373 1354 4428 caetori

131 4453 230 4518 tendunt,
249 4471 318 4508 unam
336 4455 530 4522 quaestuum,
550 4453 645 4504 oltecrn
654 4467 714 4517 pure
768 4459 793 4504 et
809 4451 866 4504 editi
884 4442 915 4500 τό
934 4449 1048 4502 omittunt
1064 4457 1088 4500 et
1105 4461 1150 4512 pro
1168 4436 1294 4495 tuantur
1309 4443 1354 4490 ln·
