3014 5050
232 217 292 281 116
630 231 655 274 ε.
671 229 826 275 numu
840 229 1062 274 εαυτοκειεοονι

145 377 390 458 mandem
409 375 452 444 το
474 375 585 445 πάντα
607 375 640 444 ἐν
663 371 761 464 αύτῷ,
786 375 1043 464 εἰρηνοποιήσας
1068 375 1111 444 τὰ
1140 376 1176 445 ἰν
1206 387 1292 457 τοῖς
1324 373 1477 466 οὐρανοῖς

228 483 282 548 καὶ
305 479 347 547 τὰ
369 478 426 551 ἐπὶ
447 483 506 566 τῆς
525 483 622 566 γῆς’).
1050 539 1061 549 .,

314 589 364 651 32.
409 577 638 668 Συμφιύνως’
608 605 682 702 αρα
696 574 765 646 ἀπὸ
780 583 846 648 τῶν
860 585 965 646 θείων
976 581 1118 668 γραφῶν
1132 580 1318 648 δείκνυται
1333 579 1386 666 μή
1401 577 1471 648 εἶναι

227 690 349 769 κτίσμα
370 683 410 750 το
430 686 577 805 πνεῦμα
582 681 621 748 το
644 677 747 767 ἀγιον,
771 674 856 758 ἀλλὰ
877 680 967 748 ’ίδιον
979 703 1038 746 του
1023 679 1153 767 λόγου
1167 679 1228 747 καὶ
1244 684 1315 768 τῆς
1332 686 1399 748 τοῦ
1414 709 1469 748 ,τα

228 785 318 878 τρος
332 784 509 872 θεότητος·
538 777 624 850 ούτω
650 781 712 870 γάρ
740 785 806 850 τῶν
833 783 893 866 μον
921 775 1070 868 ἀγίιον“
1051 807 1070 868 η
1099 781 1317 850 διδασκαλία
1350 783 1401 862 εἰς
1422 811 1466 850 τη

229 884 325 974 ἀγίαν
346 913 402 954 και
393 881 610 973 ἀδιαίρετον
632 882 752 972 τριάδα
773 883 964 970 συνάγεται,
994 881 1051 950 καὶ
1071 889 1132 967 μία
1153 889 1282 962 πίστις
1305 909 1398 970 αυτη
1420 889 1481 970 α’ςί

227 991 409 1077 καθολικής
431 987 601 1078 ἐκκλησίας
622 985 712 1054 Ιἐστί
720 1006 728 1021 ·
699 988 822 1053 ίτῶν
844 985 880 1053 δέ
906 986 1082 1070 Τροπικῶν
1104 979 1124 1070 ή
1147 979 1342 1070 ἀλόγιστος
1364 993 1461 1070 μοθε

228 1093 376 1160 πλαστία
391 1092 555 1179 διαφωνεῖ
568 1090 628 1174 μὲν
643 1087 729 1174 προς
743 1087 802 1166 τὰς
816 1084 956 1174 γραφάς,
972 1095 1146 1173 συμφωνεῖ
1159 1085 1197 1152 δὲ
1212 1089 1257 1174 τῇ
1274 1090 1352 1156 τῶν
1365 1084 1461 1174 'Apu-

227 1196 394 1279 ομανιτῶν
416 1186 547 1278 ἀλογίᾳ,
577 1191 631 1257 καὶ
654 1187 760 1268 ἐἰκός
782 1182 901 1266 αότοος
922 1183 1028 1278 ούςυις
1050 1181 1311 1274 όποκρίνασθάι
1338 1184 1461 1274 ἀπάτης

227 1297 332 1365 ἕνεκεν
353 1298 419 1361 τῶν
442 1288 612 1380 ἀκεραίων.
657 1285 742 1358 ἀλλὰ
761 1289 857 1375 χάρις
876 1291 924 1376 τῷ
944 1293 1046 1376 κυρίῳ
1071 1283 1133 1368 οτι,
1156 1283 1202 1368 ὥς
1222 1288 1388 1378 γράφεις,
1410 1289 1457 1357 υύτ

228 1399 352 1466 ἐλαθον
368 1402 545 1474 σκέποντες
561 1392 697 1472 ἑαυτοὺς
711 1396 750 1480 τῇ
765 1390 852 1479 π’ρος
867 1389 945 1470 τοὺς
955 1385 1147 1476 ’Λρειανοος
1160 1393 1395 1480 προςποιήτφ
1409 1389 1457 1459 ἀι-

226 1502 372 1587 τιλογίᾳ·
387 1501 441 1566 καὶ
456 1497 517 1584 γορ
531 1499 585 1562 καί
598 1488 675 1582 παρ’
690 1493 820 1580 ἐηείνιυν
837 1490 1055 1580 ἐμισήθησαν,
1072 1487 1143 1558 ”ο’τι
1152 1490 1321 1588 μόνοντὸ
1331 1499 1453 1578 πνεῦμα

226 1604 280 1668 καί
304 1597 374 1684 οόχῖ
396 1602 449 1666 κα1
472 1595 649 1682 τὸνλόγον
669 1601 792 1680 κτίσμα
813 1597 954 1681 λέγουσι,
977 1597 1032 1660 καί
1047 1592 1141 1680 παρὰ
1155 1592 1300 1662 πάντων
1317 1597 1358 1664 δὲ
1371 1623 1453 1662 κατε-

225 1701 424 1787 γνωσθησαν
448 1693 493 1776 υος
514 1701 561 1783 τῷ
584 1695 657 1764 όντι
678 1698 1027 1780 πνευματομαχοοντες
1047 1694 1104 1762 καὶ
1116 1689 1186 1780 μετ’
1212 1691 1334 1783 ὀλίγον
1359 1699 1452 1784 ’γετό

223 1823 319 1884 μενοι
340 1803 457 1884 νεκροί,
482 1798 597 1883 ἐρημοι
617 1800 671 1866 καὶ
693 1797 782 1866 κενοὶ
802 1800 862 1864 τοῦ
884 1796 1072 1882 πνεύματος
1087 1793 1187 1876 οντες.
1221 1799 1313 1866 κατὰ
1326 1800 1448 1886 γὰρτον

223 1893 598 1986 μακάριονάπόοτολον
620 1897 756 1982 ψυχικοί
778 1896 959 1985 ἀνθρωττοι
980 1896 1073 1979 οντες
1094 1892 1151 1966 οόκ
1169 1893 1448 1988 ήδυνήθησανδέ-

224 2002 352 2082 ξασθαι
373 1999 415 2067 τὰ
436 2003 495 2066 τοῦ
516 1998 705 2086 πνεύματος
725 2004 784 2068 τού
799 2005 893 2083 θεοῦ,
918 1997 972 2068 ότι
986 2003 1218 2086 πνευματικῶς
1234 1997 1444 2090 ἀναιρίνοντο,

224 2102 257 2170 οἱ
279 2103 315 2171 δέ
337 2100 379 2170 τὰ
393 2105 452 2188 τῆς
467 2097 629 2191 ἀληθείας
643 2106 843 2192 φρονοῦντος
858 2097 1070 2189 ἀνακρίνουσι
1083 2103 1142 2187 μὲν
1157 2101 1201 2170 τὰ
1216 2103 1346 2196 πάντα,
1362 2101 1443 2172 αι’τοί

190 2201 300 2272 ’δ1“
282 2199 337 2272 υπ’
363 2199 496 2284 οόδενος
518 2199 786 2292 ἀναιιρίνονται’),
811 2204 938 2288 ἔχοντες
959 2203 994 2272 ἐν
1017 2203 1195 2284 ἑαυτοῖς
1161 2229 1222 2271 τον
1237 2206 1357 2294 κόριον
1369 2203 1442 2274 ἀπο-

222 2307 432 2374 καλύπτοντα
459 2302 574 2386 αότοῖς
596 2307 630 2384 ἐν
651 2310 698 2432 τηῖ
720 2305 885 2391 πνεύματι
913 2305 1029 2374 ἑαυτόν
1050 2331 1087 2373 τε
1108 2311 1162 2372 καὶ
1184 2301 1228 2373 δι
1254 2307 1417 2378 ἑαυτού“
1386 2332 1438 2372 τον

222 2413 361 2492 πατέρα.
453 2447 457 2458 .

137 2529 215 2572 1²..oeae
309 2513 358 2574 33.
400 2501 478 2589 Ἐγὼ
506 2509 566 2590 μέν
593 2497 651 2572 ούν
677 2504 796 2595 καίπερ
826 2508 860 2577 ἐν
890 2507 999 2597 ἐρήμῳ
1022 2507 1161 2596 διάγων,
1191 2509 1307 2578 διά’
1275 2537 1300 2599 γ
1321 2504 1376 2580 τόν
1393 2511 1437 2595 τὴν

131 2687 134 2693 ¹
223 2601 391 2674 ἀναίδειαν
419 2609 488 2674 τῶν
514 2606 740 2692 ἐκτραπέντων
762 2603 832 2677 ἀπο
852 2614 910 2698 τής
932 2605 1094 2698 ἀληθείας
1115 2604 1154 2677 οὗ
1177 2621 1372 2699 φροντίσας
1390 2617 1441 2680 τόν

220 2708 318 2796 γελᾷν
340 2706 526 2776 ἐθελόντων
549 2706 664 2776 διὰτὸ
687 2703 832 2790 ἀσθενὲς
848 2710 904 2778 καί
925 2711 1084 2780 ταπεινὸν
1105 2715 1164 2800 τῆς
1185 2707 1245 2781 διὰ
1260 2719 1336 2784 τῶν
1352 2717 1442 2803 λόγων

221 2803 425 2890 ἀποδείξεως
446 2805 488 2878 δι
514 2805 567 2877 όλί
554 2816 632 2897 ίγων
654 2811 786 2898 γράψας
809 2807 1017 2881 ἀπέστειλα
1023 2817 1063 2902 τῇ
1086 2817 1127 2902 σῇ
1148 2810 1320 2906 εόλαβείᾳ,
1344 2819 1443 2886 πολλὰ

220 2912 472 2998 παρακαλῶνβ
456 2907 510 2979 ινα
532 2911 732 2998 ἐντυγχάνων
753 2913 884 2994 τούτοις
905 2913 947 2982 τὰ
966 2917 1026 3037 μὲν
1041 2915 1225 3004 διορθιύση,
1250 2917 1318 2987 ἐπὶ
1332 2923 1444 2997 δοκοῖς

220 3007 372 3095 ἀσθενῶς
388 3014 571 3104 εἰρημένοις
584 3014 815 3104 συγγινιύσκης.ι
846 3015 930 3083 κατὰ
943 3016 1005 3102 γὰρ
1020 3017 1079 3106 τήν
1093 3019 1397 3104 παραδοθεῖσαν’
1379 3034 1442 3111 ημῖν

218 3116 310 3206 παρὰ
332 3121 399 3186 τιον
421 3123 574 3204 πατέρων
597 3113 821 3204 ἀποστολικήν
846 3124 962 3185 πίστιν
985 3119 1170 3206 παρέδωκα,
1192 3121 1301 3208 μηδὲν
1326 3125 1442 3208 ἔξωθεν

216 3209 428 3306 ’ἐπινοήσας
459 3214 573 3288 ἀλλΗ
561 3217 645 3344 όπερ
673 3220 802 3305 ἐμαθον
831 3219 1008 3306 ἐνεχάραξεν
1030 3221 1217 3309 συμφώνως
1237 3235 1321 3304 ταῖς
1342 3223 1441 3314 ἁγίαις

216 3329 370 3406 γραφαῖς.
407 3319 585 3408 σύμφωνον
607 3321 669 3409 γὰρ
690 3321 868 3394 καὶτοῦτο
886 3333 959 3401 τοῖς
973 3321 1353 3412 προαποπὲφασμένοις
1367 3327 1443 3450 προς
1480 3409 1481 3420 η

216 3420 434 3502 βεβαίωσινὲ
435 3425 540 3488 κτῶν
556 3419 658 3506 ἆγίων
674 3427 821 3512 γραφῶν,
843 3427 897 3491 καί
914 3419 971 3491 ούκ
987 3423 1142 3504 ἔξωθεν)
1119 3425 1355 3514 επινενόηταε,
1382 3423 1441 3497 όλο
1480 3423 1481 3504 ζ

217 3513 317 3597 αότος
339 3513 357 3585 ο
379 3520 491 3605 κύριος
508 3517 630 3642 Ἰησοῦς
643 3525 792 3644 Χριστος
810 3522 850 3593 δι’
868 3524 986 3594 ἑαυτοῦ
1003 3525 1053 3594 ἐδί
1054 3525 1201 3595 δαοκε
1167 3553 1267 3614 την
1240 3533 1444 3618 Σαμαρεῖτιν

216 3645 271 3687 και
263 3613 335 3687 “’δι
360 3615 461 3708 αότής
481 3617 569 3744 ημᾶς
589 3621 648 3710 τὴν
669 3627 727 3744 τής
749 3623 844 3712 ἀγίας
870 3627 1006 3713 τριάδος
1033 3627 1223 3716 τελειότητα
1252 3623 1443 3719 ἀδιαίρετα

102 3875 105 3882 ,
214 3824 302 3910 τῇ
276 3825 507 3911 Σαμαρείτιδι·
529 3817 666 3895 πίστευέ
679 3852 747 3914 μοι,
770 3828 874 3916 γύναι,
898 3827 952 3896 ότι
966 3811 1095 3916 ἔρχεται
1111 3828 1182 3919 ύύρα
1196 3835 1251 3898 καὶ
1268 3837 1330 3902 νῦν
1345 3835 1443 3915 ἐοτιν,

216 3919 271 3990 ὅτε
276 3925 321 4027 ὀί
343 3921 499 4014 ἀληθινοὶ
521 3932 739 4016 προςκυνηταί
761 3930 1024 4020 προςκυνήσουσι
1044 3956 1091 4020 τῳ
1107 3957 1211 4020 πατρι
1202 3931 1262 4002 ἐν
1278 3935 1447 4024 πνεύματι

284 4113 308 4172 11
326 4113 380 4165 Col
402 4115 424 4176 1,
440 4113 480 4166 20.
551 4117 693 4177 211.1]οε.
713 4117 737 4179 2,
759 4117 797 4169 11.

173 4267 175 4270 ·
246 4246 377 4312 υ.111ς..1
396 4258 419 4298 τι
437 4250 536 4313 ὃεςοεε.
554 4244 613 4300 ἰστι
630 4251 734 4312 addunt
760 4253 799 4304 ulii
853 4245 1021 4308 ἀλλόσιστος.

213 4333 266 4367 cum
286 4317 355 4368 editis
373 4318 493 4369 omittunt.
540 4320 590 4368 Mox
609 4319 680 4368 iidem
700 4317 756 4381 11η.
777 4321 799 4371 1.
885 4323 908 4370 b
928 4323 1086 4402 81ε11ες.1
1106 4331 1129 4374 ε1
1147 4298 1256 4386 sugunt(
1285 4328 1334 4379 1111
1352 4346 1411 4382 τετε
1429 4339 1451 4382 el

212 4387 351 4464 εῑὸεςοει.
371 4399 481 4435 necnon
500 4384 758 4440 6οοΙοε.ι11ιΙεΙι.ιο
776 4380 1044 4444 1.ε11111εἰτύιως.

210 4452 300 4502 habent
323 4443 473 4517 ἀλόγιστος.
515 4454 593 4503 Generi
616 4465 672 4518 τινα
700 4461 723 4503 ει
741 4451 797 4506 editi
883 4457 1140 4509 ι.11υυε1οεειε“ιιε
1163 4459 1315 4514 restituimus
1341 4479 1371 4516 ex
1390 4481 1448 4517 αιεε.
