3214 5048
494 306 497 314 ,
570 272 678 318 oerrrc
694 273 857 322 neonem
872 275 1006 322 rennos.
1187 247 1191 252 ’
1340 267 1402 348 355

170 427 362 514 inteldgimns
393 423 528 504 omniurn
557 425 710 506 opiticum,
738 423 899 506 Dominum
926 445 961 492 ac
987 429 1081 500 licum
1109 449 1194 509 esse,
1227 421 1351 515 eiusque
1373 433 1493 496 ium.

171 549 223 592 ree
251 548 359 594 omnes
387 525 603 608 providentiam
637 527 840 592 admirabilem
868 537 898 594 et
925 530 1171 611 gubernationem
1203 535 1406 616 agnoscimus.

171 632 218 694 lta
246 629 383 695 similiter
412 647 484 692 oum·
507 647 558 702 ea,
587 647 662 708 mue
689 630 834 694 hactenus
863 631 939 696 dicta
968 641 1052 708 sunt,
1080 635 1170 716 plene
1199 635 1348 698 sufficiant
1369 635 1421 716 ad¹

172 731 240 794 Filii
258 731 453 813 probandam
482 728 681 806 divinitatem,
709 749 835 805 vanum,
863 729 924 794 imo
951 735 1159 800 stultissimum
1182 737 1269 800 luerit
1290 737 1348 800 heo
1363 731 1406 800 'de

170 853 208 896 re
229 833 365 896 dubitare
394 838 483 912 augus
512 831 661 894 haeretice
686 832 889 912 interrogare,
918 835 1068 912 quomodo
1097 837 1189 900 Filius
1217 839 1316 921 potuit
1337 857 1405 902 esse

173 935 212 998 alr
240 933 429 1007 aeternitate,
457 931 504 995 rel
531 931 683 1012 quomodo
713 950 748 994 ex
769 931 868 995 Patris
890 940 937 995 est
957 935 1122 1000 substantia
1142 956 1199 1002 neo
1220 949 1316 1004 temen
1339 940 1404 1004 eius

173 1053 261 1116 pars,
285 1055 352 1098 oum
373 1036 406 1122 id
425 1035 561 1116 quidem,
590 1033 669 1115 quod
691 1053 727 1097 ex
749 1033 848 1115 aliquo
871 1054 941 1098 esse
964 1035 1087 1110 dicitur,
1122 1037 1186 1100 eius
1205 1058 1274 1118 pars
1295 1041 1351 1116 sit,
1374 1039 1404 1104 id
1413 1049 1493 1104 riser.

175 1144 285 1212 autem,
307 1137 388 1218 quud
410 1136 560 1210 dividitur,
583 1137 730 1216 integrum
752 1155 814 1199 non
836 1138 885 1200 sit.
1466 1147 1471 1167 ·

263 1342 315 1404 33.
359 1339 422 1402 llas
455 1348 526 1404 sunt
556 1339 635 1402 enim
664 1338 828 1419 flagitiosae
855 1339 1072 1402 haereticorum
1101 1340 1248 1422 argutiae,
1281 1358 1407 1422 quarum

176 1439 342 1504 futilitatem
373 1441 488 1504 tametsi
511 1459 602 1520 supra
625 1440 857 1516 confutavimus,
887 1441 1080 1504 nihilomiuus
1102 1450 1237 1510 accurata
1259 1442 1407 1506 dictorum

177 1541 296 1604 illorum
318 1526 473 1622 explicatio
495 1551 633 1621 rectaque
656 1542 808 1623 perceptio
831 1542 1033 1622 exemplorum
1054 1543 1185 1606 nefariae
1206 1563 1310 1608 eorum
1333 1550 1406 1606 sen·

136 1683 142 1696 ·
177 1643 286 1706 tentiae
307 1661 411 1706 ranam
433 1643 564 1724 speciem
587 1643 720 1723 repellet.
766 1643 884 1724 Quippe
899 1643 1034 1707 ridemus
1050 1663 1170 1728 semper
1185 1647 1406 1719 eesoVorbum,

174 1763 210 1816 ex
239 1743 349 1826 illoque
378 1763 445 1807 esse
474 1753 504 1808 et
531 1745 597 1808 eius
625 1745 781 1826 proprium
810 1763 878 1808 csse
906 1757 1044 1820 naturae,
1078 1747 1163 1809 cuius
1191 1749 1237 1810 e'st
1264 1747 1405 1823 Verbum,

172 1846 305 1926 nihilque
327 1847 357 1909 in
380 1865 417 1908 eo
439 1847 485 1908 rel
506 1846 653 1928 priusrel
676 1848 828 1927 posterius
851 1867 929 1910 esse.
974 1847 1113 1912 Videmus
1127 1849 1198 1912 item
1213 1850 1405 1930 splendorem

174 1967 210 2010 ex
239 1949 303 2012 eclc
329 1967 398 2010 esso
424 1948 562 2030 illiusque
590 1967 659 2012 esse
687 1950 858 2030 proprium,
892 1969 949 2012 uec
975 1959 1071 2013 tamen
1101 1950 1212 2013 idcirco
1234 1951 1326 2014 dividi
1353 1958 1406 2014 aut

175 2050 270 2114 minui
298 2050 548 2124 odoramentis,
577 2050 631 2113 sed
660 2059 690 2112 et
718 2069 783 2114 eam
812 2051 958 2132 integram
986 2071 1123 2126 manere,
1158 2061 1188 2115 et
1213 2053 1403 2133 splendorem

173 2137 319 2233 integrum
343 2161 373 2215 et
393 2152 557 2233 perlectum
579 2171 664 2226 esse,
685 2171 783 2232 neque
805 2152 842 2214 ab
865 2171 901 2213 eo
923 2151 998 2214 lucis
1020 2161 1155 2215 naturam
1179 2151 1328 2224 imminui,
1352 2152 1405 2237 sed

173 2262 313 2334 tanquam
340 2257 559 2316 rerum-letum
582 2271 618 2312 ex
640 2252 688 2313 illa
711 2271 790 2316 esse.
835 2252 979 2314 Similiter
1000 2252 1193 2330 intelligimus
1214 2251 1322 2313 Filium
1344 2269 1405 2314 non

173 2356 360 2418 extrinsecus
383 2355 437 2416 sod
459 2373 495 2414 ex
516 2353 605 2414 Patre
627 2370 696 2414 sese
718 2352 861 2431 genitum,
884 2351 1030 2430 simulque
1048 2360 1111 2413 tum
1125 2351 1243 2412 Patrem
1259 2352 1406 2430 integrum

174 2473 362 2537 permanere,
387 2462 449 2517 tum
473 2453 656 2520 substantiae
677 2453 801 2533 liguram
819 2471 944 2534 semper
967 2471 1046 2529 esse,
1069 2471 1104 2515 ac
1116 2453 1276 2532 perlectam
1291 2451 1405 2535 absque

174 2557 395 2621 ullararietate
418 2575 483 2620 cum
504 2556 593 2619 Patre
622 2575 742 2620 serrare
771 2556 995 2620 similitudinem
1024 2564 1054 2620 et
1075 2555 1248 2637 imaginem,
1276 2555 1350 2620 adeo
1374 2565 1407 2622 ut

173 2659 226 2740 qui
247 2659 328 2722 hunc
349 2659 464 2734 viderit,
487 2659 517 2722 iu
540 2659 605 2740 ipso
628 2678 746 2740 quoque
767 2667 902 2724 naturam
925 2669 956 2722 et
976 2659 1182 2734 substantium,
1205 2661 1290 2723 cuius
1305 2661 1405 2740 ‘ligura

131 2785 134 2800 ·
176 2771 233 2836 est,
256 2769 438 2826 contueatur.
482 2761 525 2824 Ex
552 2759 707 2825 efficientia
736 2761 806 2824 item
833 2765 945 2842 ligurae
966 2781 1066 2824 reram
1089 2761 1272 2826 substantiae
1294 2761 1403 2825 dirici-

178 2869 268 2924 tatem
301 2864 499 2943 percipimus,
533 2861 782 2940 quemadmodum
811 2863 947 2926 Salvator
980 2863 1054 2942 ipse.
1077 2863 1125 2925 luis
1159 2865 1258 2926 verbis
1286 2863 1405 2926 docuit:

180 2961 244 3036 Quo·
261 2975 362 3025 monet
383 2967 417 3024 in
437 2982 492 3034 me,
515 2966 580 3041 ipsc
600 2964 693 3040 societ
715 2980 810 3042 opero
831 2981 907 3043 quoe
930 2981 981 3042 ego
1003 2965 1096 3041 focio,
1119 2971 1162 3024 et:
1185 2963 1247 3043 Epo
1270 2975 1298 3026 et
1313 2965 1408 3026 Peter

178 3081 275 3126 unum
297 3081 418 3132 sumus,
440 3069 484 3123 ot:
507 3061 568 3141 Ego
591 3065 623 3124 in
645 3061 737 3124 Putre
759 3073 788 3125 et
810 3061 903 3124 Pater
925 3067 957 3124 iu
978 3081 1023 3124 me
1044 3072 1098 3124 est.
1142 3061 1244 3140 ltaque
1267 3061 1355 3140 impia
1378 3071 1410 3124 ot

180 3163 303 3226 Christo
325 3163 442 3226 inimica
464 3163 599 3226 haeresis
620 3161 749 3244 primurn
772 3169 866 3224 tentet
887 3181 936 3224 res
959 3163 1065 3235 lactas,
1088 3161 1216 3241 quaein
1239 3161 1408 3241 exemplum

178 3273 404 3348 proponuntur,
433 3264 581 3340 dividere,
608 3263 776 3328 aedicere:
808 3263 877 3328 Fuit
897 3264 1054 3344 aliquando
1077 3262 1124 3326 sol
1145 3262 1213 3324 sine
1235 3261 1419 3343 splendore,

178 3369 225 3430 rel
245 3367 388 3449 splendor
407 3385 469 3429 non
492 3376 539 3429 est
560 3354 850 3448 proportionatum
877 3366 968 3439 lucis,
997 3365 1041 3426 rel
1073 3363 1216 3445 splendor
1235 3363 1311 3427 lucis
1332 3382 1408 3446 pro-

176 3470 261 3553 prius
283 3469 400 3550 quidem
424 3478 480 3543 est,
503 3469 558 3534 sed
579 3469 728 3532 divisione
749 3486 818 3550 pars
840 3469 906 3550 ipse
928 3474 975 3530 est
995 3465 1080 3542 lucis,
1103 3485 1137 3528 ao
1157 3474 1263 3546 postea
1278 3465 1410 3530 Verbum

175 3572 217 3635 illi
248 3579 402 3652 separent,
430 3572 637 3650 affirmentque
665 3571 795 3634 alienum
822 3589 889 3634 esse
910 3587 927 3632 a
949 3576 1066 3642 mente,
1095 3576 1146 3630 aut
1166 3568 1323 3650 aliquando
1345 3585 1408 3632 non
1518 3603 1523 3608 ·

211 3773 232 3809 e.
250 3759 291 3810 Sic
308 3757 449 3820 Segueriau.
467 3729 608 3808 contenet
624 3759 729 3809 Felclrm.
743 3759 765 3808 l.
817 3755 985 3824 συνορῶμεν.
1021 3755 1083 3822 ¹Editi
1101 3763 1126 3804 et
1143 3747 1220 3810 aldit
1229 3747 1314 3804 orituri
1323 3747 1408 3804 dordr

175 3828 257 3880 Ceteri
275 3841 331 3876 rero
350 3826 441 3875 crediti
458 3817 505 3894 stoi
520 3817 634 3876 πάντων
650 3825 714 3877 τίν.
817 3817 934 3892 δρῶμεν.
972 3825 1048 3874 Paulo
1074 3831 1130 3887 post
1148 3825 1247 3886 Segucr.
1266 3823 1364 3875 Gobler.
1383 3830 1409 3874 et

211 3913 228 3961 i.
247 3911 287 3961 Sic
305 3912 362 3968 ling.
381 3907 454 3958 need.
472 3909 569 3959 contet.
588 3911 693 3959 deicitur.
709 3911 764 3960 id.
816 3893 923 3943 mistim·
937 3893 956 3942 ¹·
974 3887 1095 3958 dmm
1112 3883 1163 3938 ’ὃν
1178 3885 1291 3958 ''mini-
1327 3891 1407 3942 Gemi

82 4003 90 4014 ·
175 3987 202 4030 ει
218 3979 242 4028 5,
278 3981 306 4028 m
327 3978 467 4038 sapuerim,
488 3960 520 4023 ed
537 3971 583 4024 καὶ
599 3970 658 4024 ῖσμ
675 3969 762 4041 λόγος,
817 3967 841 4009 ει
860 3963 915 4010 editi
939 3955 992 4036 petr
1009 3954 1077 4008 ὄντα
1095 3951 1144 4004 τὸν
1160 3955 1274 4024 πατέρα.
1314 3959 1407 4010 ibidem

176 4047 255 4097 Editio
274 4047 392 4097 commod.
411 4058 444 4092 cc
460 4036 537 4092 toro
555 4035 570 4090 ὅ
587 4037 676 4107 λόγος.
763 4068 777 4089 .
817 4026 917 4089 Serum.
935 4041 986 4075 zor
1003 4039 1031 4106 ge
1045 4023 1214 4104 ζαρακτῆρω.

373 4132 387 4152 .
544 4135 548 4148 .
667 4137 671 4146 .
852 4097 867 4144 1.
886 4097 986 4157 Seguer.
1005 4105 1123 4158 opusne.

211 4155 233 4202 g.
252 4139 351 4199 Segner.
371 4152 445 4188 οντα.
482 4137 606 4210 dlor'rdern
618 4137 683 4186 eddrt
694 4129 765 4201 μηδὲ
850 4163 872 4213 k·
891 4164 931 4213 sic
949 4165 1049 4222 Semper·
1068 4161 1127 4233 Β..
1144 4160 1242 4212 comer·
1261 4160 1367 4212 Mem
1383 4162 1407 4208 ¹,

177 4203 350 4274 μεωυμιψ·
386 4209 474 4285 mim
498 4221 554 4286 ΨΟ
577 4199 624 4253 κ”ἰ
639 4200 764 4284 μεὀυμᾼ
816 4239 839 4280 et
856 4231 880 4280 4.
917 4230 996 4280 Ceteri
1013 4235 1092 4279 sutem
1111 4238 1135 4280 et
1152 4231 1210 4281 editi
1226 4221 1310 4294 regirari.

178 4287 239 4335 egr,
259 4291 320 4340 quae
338 4275 424 4326 desunt
442 4291 465 4325 ro
484 4276 539 4324 alus
558 4281 581 4324 et
598 4274 678 4324 edrtrs.
849 4298 865 4347 p
884 4297 984 4360 Sagun·
1003 4298 1060 4360 Μ,
1079 4306 1103 4349 ,p
1120 4299 1227 4349 ΗΜ,
1240 4299 1264 4348 4,
1282 4290 1312 4346 g,
1328 4307 1408 4358 Wl-

214 4367 237 4416 lt.
255 4367 296 4417 Sic
313 4369 412 4430 Seguer.
431 4368 523 4430 dnglic.
541 4367 638 4418 Gobler.
658 4367 762 4416 Feleiru.
813 4363 879 4418 eote.
918 4363 970 4415 lior
988 4365 1087 4427 Seguer.
1107 4367 1204 4416 Gobler.
1224 4367 1280 4426 lleg.
1300 4361 1406 4412 Feloim.

180 4433 203 4483 ι.
221 4434 286 4485 nt.
322 4435 412 4485 acero
436 4443 460 4485 er
483 4427 763 4492 teneraetenerae.
814 4433 837 4482 s.
856 4433 920 4483 ns.
940 4418 1185 4492 deuersorium.
1221 4431 1266 4481 nn
1285 4436 1308 4479 n
1326 4425 1407 4490 erroro,

178 4499 270 4552 llridcm
288 4499 387 4564 Seguer.
405 4503 504 4555 Gobler.
523 4504 627 4554 deletum.
640 4503 763 4555 l.t.et5.
815 4499 933 4552 Commii.
953 4493 981 4552 ri
994 4513 1061 4550 nora
1078 4493 1093 4549 d
1111 4493 1193 4560 ἥλιος.

1148 4581 1203 4632 22*
