3216 5048
577 251 687 298 orario
703 252 724 295 r.
741 249 857 296 eoem
870 225 1009 298 enunos.'
1339 245 1400 313 231

179 409 240 472 atri
258 405 531 488 moqnifiaobiamr.
575 399 650 466 Eum
678 417 750 481 erqo
777 400 964 498 Patriarobae
991 401 1162 467 adorabant.
1212 406 1255 469 lte
1285 407 1488 490 depulissent.

177 505 462 588 quoquesoriptum
484 509 546 566 est:
569 501 608 564 lit
630 499 846 568 moresensi
868 523 970 567 omnes
992 505 1100 586 lopati
1118 505 1185 572 llei.
1273 499 1276 504 ’

262 913 315 972 41.
360 907 507 981 Quodsi,
530 915 563 968 ut
584 905 673 970 etiarn
696 905 775 982 osuit
794 904 885 970 David
908 910 1127 987 septuagesimo
1151 913 1249 992 primu
1271 915 1403 992 Psalmo,

177 1013 254 1074 Ante
276 1009 370 1072 sulem
387 1022 547 1090 pemnunet
567 1027 677 1072 noman
698 1013 779 1080 arbe,
802 1017 832 1070 et
853 1019 924 1071 onte
946 1008 1050 1072 lunam
1071 1013 1104 1074 in
1124 1021 1330 1094 generationes
1351 1037 1404 1098 pe·

177 1115 379 1186 sermionem,
403 1109 553 1192 quomodo
575 1110 688 1190 aceepit
709 1109 788 1191 quod
811 1127 931 1190 semper
952 1109 1064 1184 babuit,
1087 1130 1121 1174 eo
1135 1112 1306 1194 priusquam
1326 1137 1405 1183 nuno

176 1203 252 1274 ittnd
270 1212 369 1292 ipsum
392 1210 562 1292 acciperet?
606 1211 658 1274 Vel
678 1211 830 1292 quomodo
853 1211 997 1274 exaltatur
1019 1211 1055 1286 is,
1078 1213 1129 1294 qui
1145 1225 1302 1292 antequam
1322 1219 1402 1281 eral-

177 1316 288 1376 taretur
310 1321 373 1376 eret
394 1310 580 1375 altissimus?
623 1313 681 1375 but
701 1313 853 1392 quomodo
876 1313 976 1375 datum
999 1314 1119 1388 estilli,
1143 1324 1177 1378 ut
1196 1315 1233 1378 ab
1249 1315 1314 1378 aliis
1329 1317 1404 1378 ado·

174 1421 309 1489 raretur,
331 1415 381 1495 qui
403 1414 490 1477 etiarn
512 1423 668 1494 antequam
690 1415 771 1476 buno
791 1414 937 1477 bonorem
961 1433 1041 1478 nune
1062 1419 1306 1496 consequeretur,
1329 1417 1405 1479 ado·

173 1523 256 1578 ratus
284 1534 403 1596 semper
431 1513 502 1578 est?
549 1515 615 1578 Non
647 1523 694 1578 est
722 1515 873 1594 aenigma,
905 1515 957 1577 sed
986 1515 1160 1597 mysterium
1189 1517 1338 1580 divinum:
1366 1517 1406 1581 ln

170 1621 415 1700 pra'nea'pioerot
441 1616 582 1688 Verbum,
612 1627 640 1678 et
666 1615 791 1678 Verbum
818 1627 885 1679 erut
912 1617 995 1698 opud
1024 1615 1132 1690 deum,
1168 1628 1196 1681 et
1224 1618 1307 1682 Deus
1338 1629 1406 1684 erat

176 1718 317 1806 Verbum;
340 1718 420 1799 quod
442 1718 520 1780 idem
537 1716 665 1780 Verbum
680 1726 784 1797 postea
807 1717 903 1780 nostri
924 1735 1014 1780 eausa
1037 1737 1106 1780 aare
1128 1719 1308 1782 factumest.
1341 1721 1402 1782 lte·

95 1895 100 1900 ι
174 1837 230 1900 que
251 1821 307 1882 ista
329 1819 419 1883 diotio
442 1819 590 1884 multavit
613 1835 673 1879 non
697 1818 852 1898 signifieat,
875 1827 1011 1881 naturam
1020 1820 1109 1881 Verbi
1128 1821 1282 1884 exaltatam
1297 1819 1403 1892 luisse,

173 1939 242 1984 uam
263 1939 382 2001 semper
404 1929 434 1982 et
453 1920 510 1984 fuit
531 1930 560 1982 et
582 1927 629 1982 est
650 1920 781 2000 aequalis
804 1918 884 1994 lleo;
912 1920 965 1982 sed
994 1921 1140 1984 humanae
1167 1930 1291 1985 naturae
1319 1923 1400 1984 eral-

173 2022 315 2085 tationem
337 2022 456 2086 indicat.
500 2022 594 2102 lgitnr
615 2022 671 2084 ista
693 2041 754 2084 non
777 2031 844 2084 ante
867 2022 942 2084 diota
970 2033 1055 2098 sunt,
1085 2043 1172 2104 quam
1198 2024 1250 2086 ubi
1271 2025 1401 2087 Verbum

174 2141 241 2186 earo
263 2125 371 2188 laetum
393 2132 454 2198 est,
483 2131 516 2185 ut
544 2122 667 2186 evidens
690 2132 788 2197 esset,
817 2122 871 2186 bas
899 2141 987 2185 voees
1011 2125 1181 2188 bumiliooit
1204 2135 1234 2186 et
1255 2124 1403 2190 enoltooit

173 2224 210 2288 de
233 2227 297 2287 sola
318 2225 442 2305 intelligi
463 2225 655 2288 humanitate.
700 2225 833 2304 Namque
856 2225 884 2289 id
901 2225 1009 2298 solum,
1033 2227 1112 2306 quod
1135 2225 1245 2287 humile
1267 2233 1324 2298 est,
1347 2244 1401 2286 ex-

172 2325 236 2386 tolli
257 2334 373 2404 potest.¹
412 2325 600 2404 Quapropter
621 2326 647 2386 si
671 2325 709 2386 ob
731 2335 914 2406 assumptam
937 2345 1054 2416 earnem
1079 2325 1222 2405 seriptum
1245 2335 1290 2388 est
1305 2325 1404 2388 bumi-

176 2425 271 2496 le'uott,
295 2426 404 2486 clarum
427 2433 474 2486 est
495 2444 597 2488 vooem
621 2427 768 2492 exultauit
790 2428 826 2489 de
849 2429 952 2490 eadem
975 2446 1042 2489 esse
1067 2427 1295 2507 intelligendam.
1340 2425 1405 2490 lloo

176 2523 255 2586 anim
277 2525 390 2586 bonore
412 2523 561 2604 indigebat
592 2527 682 2590 bomo
705 2547 793 2592 earne
815 2539 845 2592 et
867 2538 962 2592 morte
983 2529 1114 2592 humilis.
1160 2528 1308 2602 Quoniam
1330 2545 1402 2607 ergo

174 2625 233 2699 ille,
255 2626 305 2705 qni
325 2627 423 2689 Patris
446 2627 542 2706 imago
565 2639 596 2690 et
616 2630 783 2692 immortale
806 2631 933 2694 Verbum
956 2640 1035 2702 eret.
1059 2630 1138 2694 servi
1160 2631 1285 2693 lormam
1307 2629 1403 2690 induit

173 2745 208 2790 ao
230 2735 356 2790 mortem
377 2729 408 2790 in
431 2746 486 2790 sua
507 2747 594 2792 carne
622 2740 655 2794 ut
682 2731 773 2793 bomo
803 2741 927 2812 propter
949 2751 1005 2794 noe
1028 2731 1181 2804 tolerarit,
1210 2739 1242 2793 ut
1269 2729 1402 2810 seipsum

174 2829 232 2890 boo
253 2838 339 2908 pacto
360 2848 416 2909 pro
439 2829 622 2896 nobiel’atri
639 2850 694 2910 per
715 2840 842 2892 mortem
865 2834 1004 2906 offerrem
1026 2832 1096 2894 bino
1117 2850 1234 2910 quoque
1257 2839 1290 2893 ut
1310 2832 1401 2892 bomo

174 2938 308 3010 propter,
320 2949 376 2992 nos
400 2940 430 2992 et
449 2950 505 3011 pru
527 2931 616 2993 nobie
639 2931 746 2992 dicitur
760 2932 890 3004 exaltari,
914 2941 947 2992 ut
960 2929 1208 3010 quemadmodum
1225 2932 1290 2992 eius
1306 2939 1403 2992 morte

122 3073 125 3078 ,
174 3049 280 3094 omnes
303 3032 332 3094 in
356 3032 476 3096 Cbristu
499 3032 609 3094 mortui
632 3050 754 3102 sumus,
784 3033 825 3093 ita
846 3031 877 3094 in
900 3032 966 3111 ipso
989 3031 1107 3092 Christo
1128 3049 1234 3094 rursus
1258 3029 1403 3098 exaltare·

173 3151 251 3206 mur,
274 3153 339 3208 oum
362 3133 503 3197 nimirum
525 3153 541 3196 a
563 3133 691 3196 mortuis
714 3132 830 3196 excitati
848 3133 880 3194 in
895 3132 993 3194 caelos
1009 3131 1215 3206 ascendemus,
1239 3148 1297 3213 quo
1311 3145 1404 3210 prue-
1514 3133 1520 3140 “

152 3249 286 3300 ‘cursor
304 3255 365 3318 pro
388 3237 474 3300 noba'a
498 3233 765 3309 intremuissem
795 3253 858 3298 arn
886 3238 963 3298 enim
985 3237 1017 3296 tn
1040 3231 1229 3312 exemplario
1251 3247 1405 3300 verorum.

173 3337 226 3400 red
248 3343 280 3402 in
306 3342 406 3420 abanan
435 3338 563 3410 melam,
592 3349 628 3400 ut
655 3346 804 3420 opponent
830 3355 912 3400 nuno
940 3336 1043 3398 battua·
1062 3333 1121 3396 Vei
1141 3352 1201 3414 pro
1231 3333 1327 3414 nobis.
1372 3331 1405 3394 Si

172 3455 264 3516 porro
285 3457 364 3507 nuno
386 3457 441 3518 pro
464 3438 552 3502 nobis
574 3438 604 3500 in
627 3439 725 3519 ipsum
749 3439 862 3500 eaelum
883 3439 1038 3517 ingressus
1062 3444 1107 3498 est
1128 3435 1275 3508 Christus,
1298 3453 1403 3521 quarn-

172 3537 219 3612 ris
247 3539 334 3602 etiam
361 3547 447 3602 antea
475 3552 505 3604 et
533 3559 651 3621 semper
673 3541 818 3605 nominos
848 3547 878 3602 et
899 3539 998 3619 opiter
1020 3546 1100 3602 esset
1122 3538 1288 3613 caelorum3
1314 3535 1405 3616 igitur

173 3657 253 3704 nuno
275 3659 392 3720 qnoque
414 3661 483 3704 eum
504 3661 559 3722 pro
582 3641 671 3704 nobis
695 3641 816 3704 exaltari
843 3641 987 3722 seriptum
1010 3649 1066 3704 est.
1110 3639 1237 3722 Insuper
1258 3637 1403 3720 quemad-

634 3743 649 3768 0

174 3775 224 3840 adr
239 3783 381 3856 ἐλάμβανε.
419 3793 493 3844 Paulo
514 3802 570 3859 post
587 3793 687 3857 Sequar.
706 3795 762 3858 lteq.
849 3796 865 3845 i.
885 3795 925 3846 Sia
943 3794 1043 3857 Sequar.
1067 3793 1124 3854 llep.
1149 3791 1247 3844 Gobler.
1271 3792 1363 3855 dnqlio.
1381 3797 1405 3841 et

174 3859 272 3912 Gobler.
291 3871 314 3910 et
334 3861 474 3910 tetelml.
494 3854 508 3908 ὁ
531 3855 577 3910 καὶ
599 3857 666 3926 πρὶν
689 3854 763 3923 dmm-
815 3863 919 3924 Veli-lm.
935 3861 954 3912 1.
990 3863 1017 3912 dt
1036 3849 1406 3913 abaliiseteditisabestda

172 3925 266 3988 θῆναι.
303 3929 363 3978 Editi
383 3928 464 3979 etalii
490 3921 589 3996 bnpiv
605 3921 762 4009 &egubinus
815 3921 971 3995 ἅνθρωπος.

174 4066 179 4076 ,
207 3996 231 4047 ‘¹-
249 3997 392 4057 s⁰b¹¹⁰f5⁸ffi
415 3988 446 4044 ἓν
471 3987 541 4062 &aad
558 3989 674 4075 VVV,VQ‘·
690 3997 763 4075 ,ΗΜ
849 4027 871 4076 g,
889 4015 1028 4076 Sequeriam
1053 4006 1161 4076 λέγεται
1184 4002 1403 4075 ὖπερνψοὸσθαι.

172 4064 246 4144 psa,
265 4063 364 4144 fidles
383 4063 525 4143 egestam.
540 4065 559 4113 ¹·
579 4058 608 4112 n
646 4076 717 4145 nep
734 4058 763 4144 {i
814 4081 877 4131 eain
896 4074 1101 4143 statutarum
1121 4072 1168 4128 και
1184 4069 1405 4146 salamonem

171 4143 289 4211 'th
305 4145 386 4185 ’Μ
403 4146 418 4178 ⁰
436 4127 525 4195 λψς·
559 4131 614 4195 ¹³²⁸·
633 4126 662 4180 δ’
694 4145 765 4198 '‘V“
849 4165 872 4214 a.
892 4163 918 4214 tn
944 4163 1014 4212 rasit.
1039 4162 1144 4212 delatura
1168 4169 1205 4212 ao
1229 4151 1405 4230 messapo

171 4181 386 4334 mmm
393 4191 415 4314 ὃὸ
426 4191 516 4333 m
542 4201 587 4250 Am
606 4207 630 4250 ⁰⁸
648 4200 705 4304 ’Ψ
723 4189 762 4248 ἡ,
814 4245 909 4298 proque
924 4245 952 4280 eo
972 4231 1060 4281 iactum
1079 4221 1329 4308 ἰζιοονιοιῆθοηιοεν.Ι

206 4351 230 4386 e·
248 4337 347 4397 Sequar.
367 4337 465 4388 Gobler.
489 4343 513 4386 et
531 4327 765 4386 tetensteten
848 4333 864 4384 i.
889 4333 988 4410 Sequar.
1000 4323 1055 4398 πρὸ
1074 4323 1172 4380 τούτου
1188 4321 1281 4407 adoptat
1296 4318 1342 4380 wi
1359 4319 1405 4384 Vt·

171 4393 361 4482 meritoqu-
387 4403 448 4480 lbid.
467 4404 567 4456 Gobler.
585 4411 608 4460 et
625 4402 764 4460 latetml.
813 4411 898 4468 μιουρ
918 4412 956 4454 ⁰5.
998 4399 1049 4450 nox
1081 4400 1145 4450 idem
1175 4389 1208 4446 rb
1233 4386 1403 4458 onttvfflt

171 4463 216 4522 ine
234 4485 283 4520 reo
301 4469 462 4538 ανθρωπου.
816 4478 887 4532 οογγ
898 4479 1029 4536 γραπται.
1063 4507 1067 4516 .
