2872 5046
340 216 454 260 correi
470 189 686 262 troenrntnrnrr
702 216 788 260 nisan
804 218 823 261 r.
1129 199 1191 267 873

36 371 184 449 nigore,
215 383 291 447 quae
313 366 357 428 rei
381 375 495 430 creatu
517 366 685 428 debeatur?
728 367 803 430 Nam
825 367 950 430 increati
973 367 1060 429 Verbi
1083 383 1276 450 corpusrmo.

26 491 45 532 :r
74 481 143 542 est,
171 468 299 548 seipsi,
322 467 407 532 cuius
430 485 540 548 corpus
563 469 673 530 iactum
695 478 750 542 est,
774 469 978 532 adorationem
1001 469 1122 532 adfertis
1138 455 1191 532 v'e-

33 619 43 634 .
96 571 219 632 Debita
241 587 312 649 ergo
336 578 366 632 et
386 569 484 632 dirius
505 569 678 632 adoratione
700 569 821 646 colitura
843 572 921 635 Deus
944 573 1024 634 enim
1047 579 1094 633 est
1116 572 1191 632 Ver-

26 673 150 735 ¹cuius
178 689 290 752 corpus
313 680 359 732 est
379 671 544 752 proprium,
567 671 676 750 quippe
700 689 766 733 cum
789 681 979 736 accesserunt
1000 675 1139 736 mulieres
1155 674 1192 736 ad

33 794 136 848 num,
163 774 233 835 illes
255 773 303 834 bis
324 773 467 853 probibet
487 772 605 834 verbis:
635 771 708 835 Noli
726 791 772 836 me
794 784 931 854 tongere,
958 777 1093 838 nondum
1115 779 1194 838 enim

26 879 76 938 ,di
98 877 145 938 od
162 875 289 938 Patrem
309 893 416 946 orcum,
440 874 574 936 indicans
597 891 673 953 opus
695 890 763 935 esse
777 874 959 937 decensione
981 885 1011 938 et
1024 895 1112 940 unam
1128 880 1194 942 lore

26 977 194 1062 ¹rsipnem.
238 976 373 1038 Attamen
403 975 575 1038 aecedentes
597 973 664 1036 illae
686 981 847 1036 tenuerunt
867 975 959 1054 pedes
981 976 1045 1038 eius
1068 987 1097 1039 et
1117 981 1193 1042 ado-

33 1085 109 1140 unt.
161 1079 260 1140 Pedes
283 1085 452 1152 tentrerunt,
474 1076 567 1138 Deum
591 1076 798 1142 adoraverunt.
844 1075 940 1138 Pedes
963 1077 1080 1155 quidem
1097 1081 1194 1142 carnis

26 1181 142 1252 seium
170 1185 339 1242 contactum
362 1177 584 1258 praeferebant,
618 1177 672 1238 sed
696 1195 762 1238 cum
783 1176 836 1238 Ilei
859 1187 977 1250 essent,
1007 1179 1099 1240 Deum
1127 1181 1195 1244 illae

33 1288 180 1342 everunt.
225 1281 263 1341 Et
284 1279 352 1341 alibi
375 1298 494 1359 quoqne
514 1278 612 1341 aiebat
633 1275 792 1340 Dominus:
821 1275 948 1358 Pclpcte
966 1297 1013 1342 nte
1035 1291 1064 1342 et
1085 1299 1198 1362 eogno-

37 1403 46 1456 ;
82 1385 161 1462 puio
186 1385 317 1463 spiritns
341 1399 463 1444 corneo
484 1392 515 1443 et
537 1399 607 1443 osso
628 1399 690 1442 noa
714 1381 814 1452 dolet,
843 1383 922 1444 sicat
942 1399 988 1443 me
1010 1381 1118 1445 vidctis
1141 1383 1198 1444 lto-

37 1531 45 1555 ,
72 1501 260 1563 quamquam
282 1483 348 1563 ipse
372 1482 503 1564 Spiritus
526 1483 581 1544 sit:
609 1473 746 1562 Spiritus
768 1485 848 1544 enine
868 1493 914 1544 est
934 1483 1027 1546 Deras.
1070 1483 1197 1548 Etcum

52 1605 88 1646 ea
114 1605 151 1646 se
175 1585 285 1646 babere
307 1583 455 1663 simulque
476 1576 608 1644 ostendit
629 1583 703 1662 ipsa,
727 1599 780 1644 cur
800 1583 856 1644 ait:
879 1583 1016 1664 Spiritus
1033 1603 1154 1648 comem
1169 1596 1198 1648 et

55 1705 123 1748 nou
148 1687 246 1758 landet,
269 1698 304 1748 art
325 1703 380 1757 rare,
403 1685 510 1765 inquit,
533 1701 621 1765 quem
643 1701 705 1744 non
728 1683 776 1745 illa
791 1701 870 1758 esse,
894 1686 947 1747 sed
962 1685 1010 1747 illa
1025 1686 1134 1749 babere
1148 1687 1197 1748 ri·

26 1787 65 1848 t?
90 1805 131 1846 an
156 1795 191 1848 ut
212 1787 343 1860 doceret,
366 1785 510 1866 Spiritum
532 1795 636 1847 natura
659 1785 890 1848 inenarrabilem
912 1805 996 1859 esse,
1019 1787 1118 1866 ipsum
1141 1801 1284 1850 an-raar.

44 1896 222 1950 oonnmum
244 1889 281 1950 ad
303 1905 413 1968 corpus
436 1899 539 1948 nostro
562 1886 658 1948 simile
680 1886 838 1967 pertinere,
860 1889 939 1966 qnod
955 1887 1012 1950 sibi
1028 1907 1063 1952 ex
1080 1888 1199 1968 Virgine

27 2063 28 2066 Ἴ
50 1991 183 2071 quadam
207 1987 349 2070 operandi
370 1990 496 2061 ratione,
521 1989 575 2050 sed
597 1987 722 2050 naturali
746 1989 937 2066 generatione
959 1999 1197 2069 comparaverata

31 2102 58 2153 et
89 2093 256 2154 secundnm
279 2099 413 2152 naturam
436 2095 517 2149 esset
538 2105 665 2168 corpus,
694 2107 728 2149 ac
749 2106 854 2150 rursus
877 2089 1039 2150 secundum
1062 2099 1198 2153 naturam

32 2195 152 2255 visibile
182 2199 264 2254 esset
284 2211 300 2251 a
323 2189 410 2251 Verbi
432 2187 574 2249 Daitate?
618 2189 668 2250 Sic
696 2187 774 2249 enim
803 2196 833 2248 et
858 2205 941 2249 mors
972 2189 1036 2249 eius
1065 2191 1197 2270 contigit,

26 2315 99 2376 iore
122 2293 244 2373 quidem
268 2290 430 2352 secundum
453 2297 587 2350 naturam
609 2287 804 2367 suscipiente,
827 2288 924 2349 Verbo
947 2297 1044 2350 autern
1067 2307 1121 2369 par
1142 2309 1198 2352 vo-

27 2406 115 2478 ¹atem
139 2411 204 2454 eam
227 2391 400 2454 admittente
422 2397 452 2452 et
472 2407 526 2470 per
547 2395 725 2468 potestatam
749 2407 833 2450 snam
855 2389 1008 2469 proprium
1030 2407 1138 2470 corpus
1161 2391 1199 2454 ad

28 2505 101 2556 rtem
129 2494 279 2563 tradente,
309 2509 368 2570 quo
399 2498 428 2564 pt
449 2489 624 2554 naturaliter
645 2507 701 2571 pro
723 2490 811 2552 nobis
833 2499 985 2572 pateretur
1006 2501 1036 2553 et
1057 2492 1199 2556 divinitus
1243 2485 1245 2492 ⁴
1281 2483 1286 2498 ’

27 2623 31 2648 ι
54 2595 141 2656 nobis
162 2601 342 2673 resurgeret
387 2589 556 2671 Totumque
577 2591 778 2671 generationis
794 2593 959 2672 mortisque
974 2593 1123 2672 negotium
1138 2611 1198 2656 no-

26 2715 69 2758 am
93 2696 337 2776 perquisitionem
359 2695 674 2774 recuperationemque
697 2701 819 2774 spectat

36 2797 40 2804 “
62 2801 92 2858 7.
135 2797 214 2858 llaec
235 2815 301 2858 cnm
325 2797 365 2857 ita
388 2815 422 2860 se
445 2795 573 2856 babeant
594 2802 625 2856 et
646 2795 678 2856 in
699 2797 840 2857 confesso
863 2793 978 2856 sintin
1000 2793 1130 2856 Ecclesia
1145 2795 1199 2857 Dei

27 2897 145 2966 thotioa.
174 2915 225 2959 our
253 2915 305 2958 roa
329 2915 448 2960 rursum
470 2895 568 2958 dicitis
591 2913 700 2975 corpus
724 2915 740 2960 e
762 2895 844 2958 caelo
867 2894 960 2960 esse?
989 2915 1042 2958 cur
1064 2897 1200 2960 Christus

26 2998 57 3080 id
79 2995 194 3060 effecit?
237 2998 443 3078 Respondete:
465 2997 549 3059 Anne
571 3007 605 3060 ut
626 3015 662 3059 ex
684 2997 766 3060 eaelo
789 2997 820 3058 in
843 3008 952 3060 terram
975 3015 1084 3076 corpus
1099 2998 1200 3060 deier-

26 3107 34 3157 t
60 3104 89 3158 et
108 3097 251 3159 invisibile
273 3097 411 3162 redderet
433 3097 565 3172 risibile,
599 3097 795 3160 contumeliae
816 3097 984 3178 incapacem
1006 3097 1202 3161 contumeliae

26 3217 136 3278 placem,
162 3199 343 3280 impassibile
366 3207 396 3261 et
417 3199 584 3261 immortale
606 3198 730 3260 mortale
753 3208 785 3260 et
804 3197 947 3278 passibile
968 3196 1099 3260 iaceret?
1141 3196 1201 3261 lic-

26 3301 123 3363 tidnam
143 3301 173 3380 in
194 3301 250 3363 illis
273 3300 419 3374 beneficii,
443 3319 461 3362 o
484 3297 587 3382 inepti,
611 3300 637 3362 si
661 3317 694 3361 ea
717 3301 748 3360 in
764 3300 883 3360 Christo
899 3299 974 3361 lacta
989 3297 1103 3373 dicatis,
1126 3314 1202 3379 quaa

42 3403 221 3484 Protoplasto
236 3403 326 3465 Adam
349 3405 424 3466 iacta
447 3401 538 3466 sunt?
580 3401 645 3464 tirsi
658 3399 738 3462 Adae
758 3401 873 3481 lapsum
896 3400 926 3461 in
942 3397 1202 3480 incomparabilem

26 3506 198 3584 parationem
219 3504 355 3568 Christus
383 3505 415 3568 in
441 3503 634 3566 similitudine
664 3503 764 3564 earnis
792 3501 905 3583 peccati
927 3517 1073 3581 apperens
1095 3517 1202 3582 pecca·

26 3623 108 3684 mque
128 3608 155 3667 in
177 3623 262 3678 earne
284 3606 486 3668 condemnans
508 3600 699 3678 restituisset,
723 3603 762 3666 ita
786 3611 818 3664 ut
839 3621 927 3665 carne
942 3603 1061 3666 indutus
1077 3603 1109 3662 in
1123 3610 1203 3664 terra

30 3775 48 3807 e.
66 3760 156 3819 Segner.
177 3747 292 3823 ἄῤῥητός
315 3771 357 3810 τις
378 3751 461 3808 ἐστίν.
498 3753 563 3808 lutra
648 3757 671 3806 b.
690 3755 787 3808 Gobler.
806 3753 942 3806 l’elclim.l.
961 3765 984 3806 et
1002 3755 1141 3817 Seguerian.
1159 3745 1204 3802 ini

26 3841 56 3874 em
73 3816 243 3890 intrinseci
259 3835 363 3890 neposne.
613 3823 689 3902 rib,
710 3823 775 3874 lnlra
793 3824 903 3900 nguer„
918 3837 990 3902 prtem
1008 3815 1206 3902 sepuimpn'ttu‘l

31 3883 282 3956 tsiegnee'ivenet,
301 3894 564 3956 qnemserntiannrns.
615 3883 844 3951 stravissent.
880 3891 941 3941 Edrtr
967 3899 991 3942 et
1008 3892 1049 3940 alu
1065 3902 1112 3938 atat
1128 3903 1202 3950 τιςη

26 3957 260 4012 ildeeratineditis.
295 3946 479 4027 Μοιῇπᾶλιν
495 3955 567 4008 κατὰ
615 3953 645 4010 la
662 3951 735 4008 rods.
772 3959 846 4008 Panlo
870 3967 927 4023 pest
944 3959 1041 4019 Segner.
1060 3953 1204 4075 reportant

27 4023 196 4108 intrauisse&
212 4020 304 4094 λόγου,
324 4030 440 4106 sie'idem
459 4038 482 4079 et
500 4029 565 4078 tten-
615 4023 704 4104 lipare
721 4017 842 4106 “⁰¹03le
862 4012 1124 4090 oaiyiywsmiiyy.
1151 4025 1204 4074 idox

27 4099 144 4214 liin&
163 4111 181 4170 ¹p
205 4096 252 4156 tric
270 4095 318 4145 τοῦ
335 4091 438 4182 loyen,
466 4098 565 4147 omissis
616 4087 642 4214 {t
656 4087 851 4218 legulam&
869 4095 955 4144 desunt
972 4096 996 4144 in
1015 4097 1114 4157 Segnar.
1133 4091 1204 4143 Gabi.

37 4249 54 4293 g.
72 4235 99 4283 lta
118 4235 206 4294 Segaer.
225 4231 364 4283 Goblerisn.
383 4239 406 4282 et
424 4231 566 4281 Felekm.l.
652 4265 667 4314 i·
691 4263 726 4314 m
754 4263 855 4320 Smer·
881 4261 978 4314 Gobper·
1009 4268 1033 4311 gg
1055 4257 1160 4310 gerelm.
1180 4257 1203 4307 ι,

26 4295 247 4380 diripuimus&
263 4295 400 4380 Wlffw‘·
429 4301 494 4378 ,ΜΨ
509 4299 566 4377 ‘dul
617 4332 644 4381 ln
663 4333 734 4381 editis
750 4324 799 4379 καί
816 4332 890 4382 deest
928 4331 980 4379 lloa
997 4327 1086 4388 lnglic.
1105 4323 1204 4376 Gobler.

26 4381 74 4433 rep
90 4369 201 4417 roodsoo
212 4364 351 4434 suerting.
378 4369 485 4420 sidroc
498 4365 565 4416 deae
618 4407 642 4450 et
658 4399 764 4450 wem·
776 4400 801 4448 ι.
817 4391 1042 4448 mmmm

26 4444 69 4484 cest
83 4439 102 4485 ir
119 4438 184 4488 donn.
201 4445 224 4486 et
241 4437 340 4500 Segner.
