<?xml version="1.0" encoding="UTF-8"?>
<!DOCTYPE html PUBLIC "-//W3C//DTD XHTML 1.0 Transitional//EN"
    "http://www.w3.org/TR/xhtml1/DTD/xhtml1-transitional.dtd">
<html xmlns="http://www.w3.org/1999/xhtml" xml:lang="en" lang="en">
 <head>
  <title>
</title>
<meta http-equiv="Content-Type" content="text/html;charset=utf-8" />
  <meta name='ocr-system' content='tesseract 3.04.00' />
  <meta name='ocr-capabilities' content='ocr_page ocr_carea ocr_par ocr_line ocrx_word'/>
</head>
<body>
  <div class='ocr_page' id='page_1' title='image "./sanctiathanasii03athagoog_0189.png"; bbox 0 0 3176 5058; ppageno 0'>
   <div class='ocr_carea' id='block_1_1' title="bbox 298 303 1350 368">
    <p class='ocr_par' dir='ltr' id='par_1_1' title="bbox 298 303 1350 368">
     <span class='ocr_line' id='line_1_1' title="bbox 298 303 1350 368; baseline -0.003 -12"><span class='ocrx_word' id='word_1_1' title='bbox 298 313 325 358; x_wconf 77' lang='lat' dir='ltr'><strong>S.</strong></span> <span class='ocrx_word' id='word_1_2' title='bbox 336 313 490 358; x_wconf 72' lang='lat' dir='ltr'><strong>samusart</strong></span> <span class='ocrx_word' id='word_1_3' title='bbox 503 309 724 368; x_wconf 78' lang='lat' dir='ltr'><strong>sncursrtsccrt</strong></span> <span class='ocrx_word' id='word_1_4' title='bbox 739 311 905 356; x_wconf 72' lang='lat' dir='ltr'><strong>ostrianus</strong></span> <span class='ocrx_word' id='word_1_5' title='bbox 921 309 1038 354; x_wconf 80' lang='lat' dir='ltr'><strong>conant</strong></span> <span class='ocrx_word' id='word_1_6' title='bbox 1048 310 1187 364; x_wconf 65' lang='lat' dir='ltr'><strong>satanas.</strong></span> <span class='ocrx_word' id='word_1_7' title='bbox 1295 303 1350 362; x_wconf 78' lang='grc'><strong>141</strong></span> 
     </span>
    </p>
   </div>
   <div class='ocr_carea' id='block_1_2' title="bbox 129 451 1439 550">
    <p class='ocr_par' dir='ltr' id='par_1_2' title="bbox 129 451 1439 550">
     <span class='ocr_line' id='line_1_2' title="bbox 129 451 1439 550; baseline 0.002 -23"><span class='ocrx_word' id='word_1_8' title='bbox 129 462 299 550; x_wconf 76' lang='grc' dir='ltr'><strong><em>λαιστίιης</em></strong></span> <span class='ocrx_word' id='word_1_9' title='bbox 319 463 378 527; x_wconf 81' lang='grc' dir='ltr'><strong>τοῦ</strong></span> <span class='ocrx_word' id='word_1_10' title='bbox 401 451 471 526; x_wconf 82' lang='grc' dir='ltr'><strong>ἆπὸ</strong></span> <span class='ocrx_word' id='word_1_11' title='bbox 492 462 725 544; x_wconf 77' lang='grc' dir='ltr'><em>γραμματικῶν</em></span> <span class='ocrx_word' id='word_1_12' title='bbox 746 467 902 546; x_wconf 78' lang='grc' dir='ltr'><strong><em>τέταρτοι</em></strong></span> <span class='ocrx_word' id='word_1_13' title='bbox 923 458 981 525; x_wconf 77' lang='grc' dir='ltr'><strong>τὸν</strong></span> <span class='ocrx_word' id='word_1_14' title='bbox 996 458 1149 548; x_wconf 79' lang='grc' dir='ltr'><strong><em>παρόντα</em></strong></span> <span class='ocrx_word' id='word_1_15' title='bbox 1163 459 1261 546; x_wconf 77' lang='grc' dir='ltr'><strong><em>λόγον</em></strong></span> <span class='ocrx_word' id='word_1_16' title='bbox 1281 455 1439 528; x_wconf 66' lang='grc' dir='ltr'><strong><em>ὀνο-αισι.</em></strong></span> 
     </span>
    </p>
   </div>
   <div class='ocr_carea' id='block_1_3' title="bbox 11 555 1356 650">
    <p class='ocr_par' dir='ltr' id='par_1_3' title="bbox 11 555 1356 650">
     <span class='ocr_line' id='line_1_3' title="bbox 11 555 1356 650; baseline -0.001 -22"><span class='ocrx_word' id='word_1_17' title='bbox 11 567 12 570; x_wconf 73' lang='grc'>’</span> <span class='ocrx_word' id='word_1_18' title='bbox 127 561 233 645; x_wconf 83' lang='grc' dir='ltr'><strong><em>μάζει.</em></strong></span> <span class='ocrx_word' id='word_1_19' title='bbox 258 555 276 627; x_wconf 85' lang='lat' dir='ltr'><strong>d</strong></span> <span class='ocrx_word' id='word_1_20' title='bbox 299 561 336 628; x_wconf 78' lang='lat' dir='ltr'><strong>dd</strong></span> <span class='ocrx_word' id='word_1_21' title='bbox 358 561 392 628; x_wconf 80' lang='lat' dir='ltr'><strong>dv</strong></span> <span class='ocrx_word' id='word_1_22' title='bbox 407 555 515 637; x_wconf 82' lang='grc' dir='ltr'><strong><em>ὁσίοις</em></strong></span> <span class='ocrx_word' id='word_1_23' title='bbox 531 557 705 646; x_wconf 78' lang='grc' dir='ltr'><strong><em>Θεόδωρος</em></strong></span> <span class='ocrx_word' id='word_1_24' title='bbox 726 559 910 639; x_wconf 73' lang='grc' dir='ltr'><strong><em>ἐπίσκοπος</em></strong></span> <span class='ocrx_word' id='word_1_25' title='bbox 931 563 989 648; x_wconf 81' lang='grc' dir='ltr'><strong>τῆς</strong></span> <span class='ocrx_word' id='word_1_26' title='bbox 1004 566 1123 650; x_wconf 68' lang='lat' dir='ltr'><strong>(papiro,</strong></span> <span class='ocrx_word' id='word_1_27' title='bbox 1147 557 1230 648; x_wconf 73' lang='grc' dir='ltr'><strong>ἀνὴρ</strong></span> <span class='ocrx_word' id='word_1_28' title='bbox 1245 560 1356 648; x_wconf 77' lang='grc' dir='ltr'><strong><em>λόγιος</em></strong></span> 
     </span>
    </p>
   </div>
   <div class='ocr_carea' id='block_1_4' title="bbox 128 655 1455 1156">
    <p class='ocr_par' dir='ltr' id='par_1_4' title="bbox 128 655 1455 1156">
     <span class='ocr_line' id='line_1_4' title="bbox 128 655 1356 751; baseline 0.001 -21"><span class='ocrx_word' id='word_1_29' title='bbox 128 663 181 730; x_wconf 77' lang='grc' dir='ltr'><strong>καί</strong></span> <span class='ocrx_word' id='word_1_30' title='bbox 205 661 443 748; x_wconf 82' lang='grc' dir='ltr'><strong><em>συγγράμματα</em></strong></span> <span class='ocrx_word' id='word_1_31' title='bbox 463 659 713 739; x_wconf 77' lang='grc' dir='ltr'><strong><em>καταλελοιπώς</em></strong></span> <span class='ocrx_word' id='word_1_32' title='bbox 734 655 930 748; x_wconf 63' lang='lat' dir='ltr'><strong>dissiparare,</strong></span> <span class='ocrx_word' id='word_1_33' title='bbox 959 662 993 730; x_wconf 76' lang='lat' dir='ltr'><strong>ir</strong></span> <span class='ocrx_word' id='word_1_34' title='bbox 1015 667 1061 750; x_wconf 81' lang='grc' dir='ltr'><strong>τῷ</strong></span> <span class='ocrx_word' id='word_1_35' title='bbox 1083 664 1166 734; x_wconf 68' lang='lat' dir='ltr'><strong>nands</strong></span> <span class='ocrx_word' id='word_1_36' title='bbox 1188 658 1356 751; x_wconf 79' lang='grc' dir='ltr'><strong><em>ἇγνσητῶν</em></strong></span> 
     </span>
     <span class='ocr_line' id='line_1_5' title="bbox 130 755 1355 852; baseline 0.002 -22"><span class='ocrx_word' id='word_1_37' title='bbox 130 758 231 830; x_wconf 77' lang='grc' dir='ltr'><strong><em>αὐτοῦ</em></strong></span> <span class='ocrx_word' id='word_1_38' title='bbox 261 761 405 848; x_wconf 78' lang='grc' dir='ltr'><strong><em>διαλόγῳ</em></strong></span> <span class='ocrx_word' id='word_1_39' title='bbox 439 766 595 847; x_wconf 80' lang='grc' dir='ltr'><strong><em>τέταρτον</em></strong></span> <span class='ocrx_word' id='word_1_40' title='bbox 625 765 685 827; x_wconf 81' lang='grc' dir='ltr'><strong>τοῦ</strong></span> <span class='ocrx_word' id='word_1_41' title='bbox 715 757 809 847; x_wconf 75' lang='grc' dir='ltr'><strong><em>ἁγίου</em></strong></span> <span class='ocrx_word' id='word_1_42' title='bbox 834 755 1041 830; x_wconf 61' lang='lat' dir='ltr'><strong>uaeramus</strong></span> <span class='ocrx_word' id='word_1_43' title='bbox 1067 766 1149 833; x_wconf 83' lang='grc' dir='ltr'><strong><em>κατὰ</em></strong></span> <span class='ocrx_word' id='word_1_44' title='bbox 1173 760 1355 852; x_wconf 58' lang='lat' dir='ltr'><strong>Mantuanis</strong></span> 
     </span>
     <span class='ocr_line' id='line_1_6' title="bbox 132 856 1455 953; baseline 0.003 -24"><span class='ocrx_word' id='word_1_45' title='bbox 132 863 230 950; x_wconf 80' lang='grc' dir='ltr'><strong><em>λόγον</em></strong></span> <span class='ocrx_word' id='word_1_46' title='bbox 253 857 406 945; x_wconf 79' lang='grc' dir='ltr'><strong><em>ὀνομάζει</em></strong></span> <span class='ocrx_word' id='word_1_47' title='bbox 424 859 482 927; x_wconf 86' lang='grc' dir='ltr'><strong>τὸν</strong></span> <span class='ocrx_word' id='word_1_48' title='bbox 503 863 557 927; x_wconf 79' lang='grc' dir='ltr'><strong>καί</strong></span> <span class='ocrx_word' id='word_1_49' title='bbox 583 860 617 927; x_wconf 75' lang='lat' dir='ltr'><strong>is</strong></span> <span class='ocrx_word' id='word_1_50' title='bbox 638 861 725 946; x_wconf 77' lang='grc' dir='ltr'><strong>τῷδε</strong></span> <span class='ocrx_word' id='word_1_51' title='bbox 744 865 791 948; x_wconf 78' lang='grc' dir='ltr'><strong>τῷ</strong></span> <span class='ocrx_word' id='word_1_52' title='bbox 805 861 911 944; x_wconf 72' lang='grc' dir='ltr'><strong><em>τεύχει</em></strong></span> <span class='ocrx_word' id='word_1_53' title='bbox 925 863 1078 949; x_wconf 77' lang='grc' dir='ltr'><strong><em>τέταρτον</em></strong></span> <span class='ocrx_word' id='word_1_54' title='bbox 1092 875 1248 953; x_wconf 74' lang='grc' dir='ltr'><strong><em>κείμενον,</em></strong></span> <span class='ocrx_word' id='word_1_55' title='bbox 1273 856 1313 934; x_wconf 79' lang='grc' dir='ltr'><strong>οὗ</strong></span> <span class='ocrx_word' id='word_1_56' title='bbox 1333 860 1355 953; x_wconf 77' lang='grc' dir='ltr'><em>ἦ</em></span> <span class='ocrx_word' id='word_1_57' title='bbox 1451 860 1455 870; x_wconf 69' lang='grc'>’</span> 
     </span>
     <span class='ocr_line' id='line_1_7' title="bbox 135 955 1357 1054; baseline 0.007 -25"><span class='ocrx_word' id='word_1_58' title='bbox 135 959 225 1049; x_wconf 81' lang='grc' dir='ltr'><em>ἀρχή·</em></span> <span class='ocrx_word' id='word_1_59' title='bbox 249 957 548 1048; x_wconf 75' lang='grc' dir='ltr'><strong><em>οῖἈρειομαοίται,</em></strong></span> <span class='ocrx_word' id='word_1_60' title='bbox 573 955 619 1041; x_wconf 80' lang='grc' dir='ltr'><strong>ὥς</strong></span> <span class='ocrx_word' id='word_1_61' title='bbox 641 961 736 1039; x_wconf 76' lang='grc' dir='ltr'><strong><em>ἔοικε,</em></strong></span> <span class='ocrx_word' id='word_1_62' title='bbox 758 967 926 1048; x_wconf 76' lang='grc' dir='ltr'><strong><em>κρίναντες</em></strong></span> <span class='ocrx_word' id='word_1_63' title='bbox 947 959 1039 1043; x_wconf 67' lang='grc' dir='ltr'><strong><em>ἅπαξ</em></strong></span> <span class='ocrx_word' id='word_1_64' title='bbox 1060 960 1246 1036; x_wconf 76' lang='grc' dir='ltr'><strong><em>ἀποστάται</em></strong></span> <span class='ocrx_word' id='word_1_65' title='bbox 1267 973 1357 1054; x_wconf 78' lang='grc' dir='ltr'><strong><em>γενέ·</em></strong></span> 
     </span>
     <span class='ocr_line' id='line_1_8' title="bbox 136 1065 1356 1156; baseline 0.004 -27"><span class='ocrx_word' id='word_1_66' title='bbox 136 1068 230 1130; x_wconf 75' lang='grc' dir='ltr'><strong><em>σθαι.</em></strong></span> <span class='ocrx_word' id='word_1_67' title='bbox 275 1065 311 1129; x_wconf 88' lang='lat' dir='ltr'><strong>id</strong></span> <span class='ocrx_word' id='word_1_68' title='bbox 332 1077 394 1128; x_wconf 86' lang='lat' dir='ltr'><strong>est:</strong></span> <span class='ocrx_word' id='word_1_69' title='bbox 416 1066 512 1156; x_wconf 84' lang='lat' dir='ltr'><strong>Haec,</strong></span> <span class='ocrx_word' id='word_1_70' title='bbox 540 1085 615 1146; x_wconf 90' lang='lat' dir='ltr'><strong>quae</strong></span> <span class='ocrx_word' id='word_1_71' title='bbox 637 1066 686 1128; x_wconf 90' lang='lat' dir='ltr'><strong>hic</strong></span> <span class='ocrx_word' id='word_1_72' title='bbox 707 1065 881 1130; x_wconf 76' lang='lat' dir='ltr'><strong>inscribitur</strong></span> <span class='ocrx_word' id='word_1_73' title='bbox 902 1067 1006 1130; x_wconf 89' lang='lat' dir='ltr'><strong>Oratio</strong></span> <span class='ocrx_word' id='word_1_74' title='bbox 1027 1067 1120 1148; x_wconf 89' lang='lat' dir='ltr'><strong>prima</strong></span> <span class='ocrx_word' id='word_1_75' title='bbox 1140 1071 1172 1132; x_wconf 89' lang='lat' dir='ltr'><strong>S.</strong></span> <span class='ocrx_word' id='word_1_76' title='bbox 1194 1071 1356 1150; x_wconf 75' lang='lat' dir='ltr'><strong>Athanasii,</strong></span> 
     </span>
    </p>
   </div>
   <div class='ocr_carea' id='block_1_5' title="bbox 11 1167 1358 1348">
    <p class='ocr_par' dir='ltr' id='par_1_5' title="bbox 11 1167 1358 1348">
     <span class='ocr_line' id='line_1_9' title="bbox 11 1167 1357 1248; baseline 0.005 -21"><span class='ocrx_word' id='word_1_77' title='bbox 11 1211 13 1228; x_wconf 49' lang='grc' dir='ltr'><strong><em>ι</em></strong></span> <span class='ocrx_word' id='word_1_78' title='bbox 132 1169 163 1227; x_wconf 93' lang='lat' dir='ltr'><strong>in</strong></span> <span class='ocrx_word' id='word_1_79' title='bbox 186 1167 333 1247; x_wconf 76' lang='lat' dir='ltr'><strong>aliquibus</strong></span> <span class='ocrx_word' id='word_1_80' title='bbox 356 1167 578 1247; x_wconf 81' lang='lat' dir='ltr'><strong>Exemplaribus</strong></span> <span class='ocrx_word' id='word_1_81' title='bbox 601 1175 704 1247; x_wconf 90' lang='lat' dir='ltr'><strong>quarta</strong></span> <span class='ocrx_word' id='word_1_82' title='bbox 727 1167 845 1229; x_wconf 90' lang='lat' dir='ltr'><strong>dicitur.</strong></span> <span class='ocrx_word' id='word_1_83' title='bbox 889 1167 926 1230; x_wconf 90' lang='lat' dir='ltr'><strong>Et</strong></span> <span class='ocrx_word' id='word_1_84' title='bbox 947 1186 1019 1229; x_wconf 82' lang='lat' dir='ltr'><strong>vero</strong></span> <span class='ocrx_word' id='word_1_85' title='bbox 1047 1167 1155 1248; x_wconf 88' lang='lat' dir='ltr'><strong>impius</strong></span> <span class='ocrx_word' id='word_1_86' title='bbox 1178 1169 1305 1233; x_wconf 81' lang='lat' dir='ltr'><strong>Severus</strong></span> <span class='ocrx_word' id='word_1_87' title='bbox 1326 1173 1357 1234; x_wconf 90' lang='lat' dir='ltr'><strong>in</strong></span> 
     </span>
     <span class='ocr_line' id='line_1_10' title="bbox 11 1267 1358 1348; baseline 0.004 -21"><span class='ocrx_word' id='word_1_88' title='bbox 11 1273 12 1278; x_wconf 77' lang='grc'>’</span> <span class='ocrx_word' id='word_1_89' title='bbox 130 1268 274 1346; x_wconf 81' lang='lat' dir='ltr'><strong>vigesimo</strong></span> <span class='ocrx_word' id='word_1_90' title='bbox 302 1267 389 1331; x_wconf 88' lang='lat' dir='ltr'><strong>tertio</strong></span> <span class='ocrx_word' id='word_1_91' title='bbox 419 1268 512 1348; x_wconf 88' lang='lat' dir='ltr'><strong>capite</strong></span> <span class='ocrx_word' id='word_1_92' title='bbox 547 1268 614 1330; x_wconf 89' lang='lat' dir='ltr'><strong>libri</strong></span> <span class='ocrx_word' id='word_1_93' title='bbox 643 1269 721 1330; x_wconf 88' lang='lat' dir='ltr'><strong>tertii</strong></span> <span class='ocrx_word' id='word_1_94' title='bbox 755 1269 899 1330; x_wconf 82' lang='lat' dir='ltr'><strong>adversus</strong></span> <span class='ocrx_word' id='word_1_95' title='bbox 928 1269 1070 1332; x_wconf 88' lang='lat' dir='ltr'><strong>ioannem</strong></span> <span class='ocrx_word' id='word_1_96' title='bbox 1099 1289 1116 1332; x_wconf 90' lang='lat' dir='ltr'><strong>a</strong></span> <span class='ocrx_word' id='word_1_97' title='bbox 1144 1269 1358 1344; x_wconf 83' lang='lat' dir='ltr'><strong>Grammaticis,</strong></span> 
     </span>
    </p>
   </div>
   <div class='ocr_carea' id='block_1_6' title="bbox 126 1369 1443 4582">
    <p class='ocr_par' dir='ltr' id='par_1_6' title="bbox 126 1369 1443 4582">
     <span class='ocr_line' id='line_1_11' title="bbox 132 1369 1359 1452; baseline 0 -22"><span class='ocrx_word' id='word_1_98' title='bbox 132 1369 293 1431; x_wconf 79' lang='lat' dir='ltr'><strong>Caesareae</strong></span> <span class='ocrx_word' id='word_1_99' title='bbox 309 1370 338 1430; x_wconf 91' lang='lat' dir='ltr'><strong>in</strong></span> <span class='ocrx_word' id='word_1_100' title='bbox 352 1369 517 1431; x_wconf 89' lang='lat' dir='ltr'><strong>Palaestina</strong></span> <span class='ocrx_word' id='word_1_101' title='bbox 533 1369 726 1450; x_wconf 84' lang='lat' dir='ltr'><strong>Episcopum,</strong></span> <span class='ocrx_word' id='word_1_102' title='bbox 742 1377 877 1449; x_wconf 78' lang='lat' dir='ltr'><strong>quartani</strong></span> <span class='ocrx_word' id='word_1_103' title='bbox 893 1371 1020 1450; x_wconf 79' lang='lat' dir='ltr'><strong>appetas</strong></span> <span class='ocrx_word' id='word_1_104' title='bbox 1035 1379 1223 1452; x_wconf 87' lang='lat' dir='ltr'><strong>praesentem</strong></span> <span class='ocrx_word' id='word_1_105' title='bbox 1239 1369 1359 1432; x_wconf 90' lang='lat' dir='ltr'><strong>Oratio-</strong></span> 
     </span>
     <span class='ocr_line' id='line_1_12' title="bbox 131 1469 1361 1551; baseline -0.001 -20"><span class='ocrx_word' id='word_1_106' title='bbox 131 1489 209 1531; x_wconf 90' lang='lat' dir='ltr'><strong>nem.</strong></span> <span class='ocrx_word' id='word_1_107' title='bbox 251 1471 289 1531; x_wconf 78' lang='lat' dir='ltr'><strong>At</strong></span> <span class='ocrx_word' id='word_1_108' title='bbox 310 1479 429 1532; x_wconf 86' lang='lat' dir='ltr'><strong>sanctus</strong></span> <span class='ocrx_word' id='word_1_109' title='bbox 453 1470 632 1532; x_wconf 85' lang='lat' dir='ltr'><strong>Theodorus</strong></span> <span class='ocrx_word' id='word_1_110' title='bbox 654 1471 820 1551; x_wconf 79' lang='lat' dir='ltr'><strong>Episcopus</strong></span> <span class='ocrx_word' id='word_1_111' title='bbox 842 1470 975 1546; x_wconf 87' lang='lat' dir='ltr'><strong>Pharan,</strong></span> <span class='ocrx_word' id='word_1_112' title='bbox 1004 1473 1050 1533; x_wconf 88' lang='lat' dir='ltr'><strong>rir</strong></span> <span class='ocrx_word' id='word_1_113' title='bbox 1076 1471 1229 1546; x_wconf 87' lang='lat' dir='ltr'><strong>cruditus,</strong></span> <span class='ocrx_word' id='word_1_114' title='bbox 1259 1469 1361 1550; x_wconf 91' lang='lat' dir='ltr'><strong>quiet</strong></span> 
     </span>
     <span class='ocr_line' id='line_1_13' title="bbox 133 1570 1360 1654; baseline 0.001 -22"><span class='ocrx_word' id='word_1_115' title='bbox 133 1573 248 1652; x_wconf 78' lang='lat' dir='ltr'><strong>egregia</strong></span> <span class='ocrx_word' id='word_1_116' title='bbox 262 1570 381 1650; x_wconf 90' lang='lat' dir='ltr'><strong>reliquit</strong></span> <span class='ocrx_word' id='word_1_117' title='bbox 396 1571 504 1650; x_wconf 81' lang='lat' dir='ltr'><strong>Opera,</strong></span> <span class='ocrx_word' id='word_1_118' title='bbox 527 1571 557 1633; x_wconf 93' lang='lat' dir='ltr'><strong>iu</strong></span> <span class='ocrx_word' id='word_1_119' title='bbox 580 1589 637 1633; x_wconf 90' lang='lat' dir='ltr'><strong>suo</strong></span> <span class='ocrx_word' id='word_1_120' title='bbox 656 1571 798 1632; x_wconf 88' lang='lat' dir='ltr'><strong>adversus</strong></span> <span class='ocrx_word' id='word_1_121' title='bbox 813 1571 963 1651; x_wconf 77' lang='lat' dir='ltr'><strong>Agroitas</strong></span> <span class='ocrx_word' id='word_1_122' title='bbox 977 1571 1099 1654; x_wconf 83' lang='lat' dir='ltr'><strong>Dialogo</strong></span> <span class='ocrx_word' id='word_1_123' title='bbox 1115 1581 1249 1654; x_wconf 80' lang='lat' dir='ltr'><strong>quartam</strong></span> <span class='ocrx_word' id='word_1_124' title='bbox 1265 1572 1360 1634; x_wconf 89' lang='lat' dir='ltr'><strong>saneti</strong></span> 
     </span>
     <span class='ocr_line' id='line_1_14' title="bbox 131 1671 1358 1754; baseline 0 -20"><span class='ocrx_word' id='word_1_125' title='bbox 131 1673 282 1735; x_wconf 74' lang='lat' dir='ltr'><strong>Athanasii</strong></span> <span class='ocrx_word' id='word_1_126' title='bbox 305 1671 477 1735; x_wconf 84' lang='lat' dir='ltr'><strong>Orationem</strong></span> <span class='ocrx_word' id='word_1_127' title='bbox 501 1681 602 1734; x_wconf 83' lang='lat' dir='ltr'><strong>canna</strong></span> <span class='ocrx_word' id='word_1_128' title='bbox 624 1673 749 1734; x_wconf 77' lang='lat' dir='ltr'><strong>Arianos</strong></span> <span class='ocrx_word' id='word_1_129' title='bbox 772 1673 915 1754; x_wconf 84' lang='lat' dir='ltr'><strong>appellat,</strong></span> <span class='ocrx_word' id='word_1_130' title='bbox 944 1693 1018 1754; x_wconf 89' lang='lat' dir='ltr'><strong>qnae</strong></span> <span class='ocrx_word' id='word_1_131' title='bbox 1044 1675 1115 1737; x_wconf 86' lang='lat' dir='ltr'><strong>item</strong></span> <span class='ocrx_word' id='word_1_132' title='bbox 1137 1675 1197 1737; x_wconf 93' lang='lat' dir='ltr'><strong>ista</strong></span> <span class='ocrx_word' id='word_1_133' title='bbox 1221 1673 1250 1734; x_wconf 91' lang='lat' dir='ltr'><strong>in</strong></span> <span class='ocrx_word' id='word_1_134' title='bbox 1271 1673 1358 1734; x_wconf 79' lang='lat' dir='ltr'><strong>volu-</strong></span> 
     </span>
     <span class='ocr_line' id='line_1_15' title="bbox 130 1773 1358 1862; baseline 0 -26"><span class='ocrx_word' id='word_1_135' title='bbox 130 1773 210 1836; x_wconf 89' lang='lat' dir='ltr'><strong>mine</strong></span> <span class='ocrx_word' id='word_1_136' title='bbox 245 1781 346 1853; x_wconf 91' lang='lat' dir='ltr'><strong>quarta</strong></span> <span class='ocrx_word' id='word_1_137' title='bbox 374 1783 436 1845; x_wconf 89' lang='lat' dir='ltr'><strong>cst,</strong></span> <span class='ocrx_word' id='word_1_138' title='bbox 471 1775 553 1835; x_wconf 92' lang='lat' dir='ltr'><strong>cuius</strong></span> <span class='ocrx_word' id='word_1_139' title='bbox 586 1773 721 1836; x_wconf 77' lang='lat' dir='ltr'><strong>videlicet</strong></span> <span class='ocrx_word' id='word_1_140' title='bbox 746 1774 862 1836; x_wconf 87' lang='lat' dir='ltr'><strong>initium</strong></span> <span class='ocrx_word' id='word_1_141' title='bbox 891 1785 956 1838; x_wconf 89' lang='lat' dir='ltr'><strong>cst:</strong></span> <span class='ocrx_word' id='word_1_142' title='bbox 992 1777 1236 1857; x_wconf 80' lang='lat' dir='ltr'><strong>Quandoquidem</strong></span> <span class='ocrx_word' id='word_1_143' title='bbox 1265 1773 1358 1862; x_wconf 80' lang='lat' dir='ltr'><strong>semel</strong></span> 
     </span>
     <span class='ocr_line' id='line_1_16' title="bbox 130 1874 1356 1950; baseline 0 -13"><span class='ocrx_word' id='word_1_144' title='bbox 130 1875 241 1950; x_wconf 81' lang='lat' dir='ltr'><strong>driaui,</strong></span> <span class='ocrx_word' id='word_1_145' title='bbox 265 1883 298 1935; x_wconf 91' lang='lat' dir='ltr'><strong>ut</strong></span> <span class='ocrx_word' id='word_1_146' title='bbox 319 1874 444 1948; x_wconf 85' lang='lat' dir='ltr'><strong>ridetur,</strong></span> <span class='ocrx_word' id='word_1_147' title='bbox 468 1875 598 1938; x_wconf 88' lang='lat' dir='ltr'><strong>animum</strong></span> <span class='ocrx_word' id='word_1_148' title='bbox 620 1875 800 1938; x_wconf 85' lang='lat' dir='ltr'><strong>induxerunt</strong></span> <span class='ocrx_word' id='word_1_149' title='bbox 821 1895 838 1938; x_wconf 92' lang='lat' dir='ltr'><strong>a</strong></span> <span class='ocrx_word' id='word_1_150' title='bbox 860 1877 983 1939; x_wconf 82' lang='lat' dir='ltr'><strong>acritate</strong></span> <span class='ocrx_word' id='word_1_151' title='bbox 1004 1877 1179 1942; x_wconf 86' lang='lat' dir='ltr'><strong>desciscere.</strong></span> <span class='ocrx_word' id='word_1_152' title='bbox 1209 1875 1356 1946; x_wconf 77' lang='lat' dir='ltr'><strong>didacidi,</strong></span> 
     </span>
     <span class='ocr_line' id='line_1_17' title="bbox 131 1977 1358 2061; baseline -0.001 -22"><span class='ocrx_word' id='word_1_153' title='bbox 131 1995 206 2059; x_wconf 87' lang='lat' dir='ltr'><strong>qnae</strong></span> <span class='ocrx_word' id='word_1_154' title='bbox 228 1979 299 2039; x_wconf 87' lang='lat' dir='ltr'><strong>item</strong></span> <span class='ocrx_word' id='word_1_155' title='bbox 321 1977 470 2038; x_wconf 78' lang='lat' dir='ltr'><strong>debentur</strong></span> <span class='ocrx_word' id='word_1_156' title='bbox 491 1980 524 2039; x_wconf 91' lang='lat' dir='ltr'><strong>in</strong></span> <span class='ocrx_word' id='word_1_157' title='bbox 548 1978 652 2039; x_wconf 82' lang='lat' dir='ltr'><strong>Codice</strong></span> <span class='ocrx_word' id='word_1_158' title='bbox 671 1977 866 2057; x_wconf 74' lang='lat' dir='ltr'><strong>custeranno,</strong></span> <span class='ocrx_word' id='word_1_159' title='bbox 889 1998 980 2061; x_wconf 85' lang='lat' dir='ltr'><strong>eaque</strong></span> <span class='ocrx_word' id='word_1_160' title='bbox 1002 1977 1220 2042; x_wconf 85' lang='lat' dir='ltr'><strong>Fcteirmannus</strong></span> <span class='ocrx_word' id='word_1_161' title='bbox 1236 1981 1279 2040; x_wconf 85' lang='lat' dir='ltr'><strong>air</strong></span> <span class='ocrx_word' id='word_1_162' title='bbox 1294 1995 1358 2038; x_wconf 88' lang='lat' dir='ltr'><strong>esse</strong></span> 
     </span>
     <span class='ocr_line' id='line_1_18' title="bbox 132 2077 1357 2160; baseline -0.004 -19"><span class='ocrx_word' id='word_1_163' title='bbox 132 2079 289 2142; x_wconf 74' lang='lat' dir='ltr'><strong>cniusdam</strong></span> <span class='ocrx_word' id='word_1_164' title='bbox 310 2077 444 2141; x_wconf 78' lang='lat' dir='ltr'><strong>lectoris</strong></span> <span class='ocrx_word' id='word_1_165' title='bbox 467 2077 597 2140; x_wconf 79' lang='lat' dir='ltr'><strong>diamani</strong></span> <span class='ocrx_word' id='word_1_166' title='bbox 617 2083 746 2150; x_wconf 89' lang='lat' dir='ltr'><strong>nomine,</strong></span> <span class='ocrx_word' id='word_1_167' title='bbox 769 2083 822 2160; x_wconf 87' lang='lat' dir='ltr'><strong>qui</strong></span> <span class='ocrx_word' id='word_1_168' title='bbox 837 2080 970 2142; x_wconf 88' lang='lat' dir='ltr'><strong>Codicem</strong></span> <span class='ocrx_word' id='word_1_169' title='bbox 986 2079 1200 2143; x_wconf 84' lang='lat' dir='ltr'><strong>Oodieriamsm</strong></span> <span class='ocrx_word' id='word_1_170' title='bbox 1222 2081 1357 2158; x_wconf 80' lang='lat' dir='ltr'><strong>scripsit.</strong></span> 
     </span>
     <span class='ocr_line' id='line_1_19' title="bbox 129 2178 1358 2258; baseline -0.004 -16"><span class='ocrx_word' id='word_1_171' title='bbox 129 2179 216 2242; x_wconf 87' lang='lat' dir='ltr'><strong>Editi</strong></span> <span class='ocrx_word' id='word_1_172' title='bbox 238 2179 346 2242; x_wconf 83' lang='lat' dir='ltr'><strong>Graeci</strong></span> <span class='ocrx_word' id='word_1_173' title='bbox 368 2179 486 2241; x_wconf 86' lang='lat' dir='ltr'><strong>Codices</strong></span> <span class='ocrx_word' id='word_1_174' title='bbox 510 2189 540 2242; x_wconf 89' lang='lat' dir='ltr'><strong>et</strong></span> <span class='ocrx_word' id='word_1_175' title='bbox 559 2198 614 2241; x_wconf 90' lang='lat' dir='ltr'><strong>ms.</strong></span> <span class='ocrx_word' id='word_1_176' title='bbox 650 2179 844 2241; x_wconf 76' lang='lat' dir='ltr'><strong>Feicismanni</strong></span> <span class='ocrx_word' id='word_1_177' title='bbox 862 2180 1012 2242; x_wconf 86' lang='lat' dir='ltr'><strong>secundus</strong></span> <span class='ocrx_word' id='word_1_178' title='bbox 1037 2181 1104 2243; x_wconf 83' lang='lat' dir='ltr'><strong>iicet</strong></span> <span class='ocrx_word' id='word_1_179' title='bbox 1127 2180 1213 2243; x_wconf 83' lang='lat' dir='ltr'><strong>iilam</strong></span> <span class='ocrx_word' id='word_1_180' title='bbox 1234 2178 1358 2258; x_wconf 88' lang='lat' dir='ltr'><strong>Episto-</strong></span> 
     </span>
     <span class='ocr_line' id='line_1_20' title="bbox 132 2280 1358 2362; baseline -0.004 -19"><span class='ocrx_word' id='word_1_181' title='bbox 132 2281 193 2344; x_wconf 87' lang='lat' dir='ltr'><strong>iam</strong></span> <span class='ocrx_word' id='word_1_182' title='bbox 215 2299 277 2343; x_wconf 88' lang='lat' dir='ltr'><strong>non</strong></span> <span class='ocrx_word' id='word_1_183' title='bbox 299 2281 467 2342; x_wconf 73' lang='lat' dir='ltr'><strong>inscribant</strong></span> <span class='ocrx_word' id='word_1_184' title='bbox 491 2283 624 2360; x_wconf 88' lang='lat' dir='ltr'><strong>primam</strong></span> <span class='ocrx_word' id='word_1_185' title='bbox 648 2280 839 2352; x_wconf 86' lang='lat' dir='ltr'><strong>Orationern,</strong></span> <span class='ocrx_word' id='word_1_186' title='bbox 871 2291 970 2342; x_wconf 88' lang='lat' dir='ltr'><strong>tamen</strong></span> <span class='ocrx_word' id='word_1_187' title='bbox 992 2301 1070 2352; x_wconf 88' lang='lat' dir='ltr'><strong>eam,</strong></span> <span class='ocrx_word' id='word_1_188' title='bbox 1099 2300 1186 2362; x_wconf 86' lang='lat' dir='ltr'><strong>quam</strong></span> <span class='ocrx_word' id='word_1_189' title='bbox 1215 2285 1358 2346; x_wconf 82' lang='lat' dir='ltr'><strong>iam.nos</strong></span> 
     </span>
     <span class='ocr_line' id='line_1_21' title="bbox 126 2378 1359 2463; baseline -0.005 -20"><span class='ocrx_word' id='word_1_190' title='bbox 126 2385 260 2463; x_wconf 89' lang='lat' dir='ltr'><strong>primam</strong></span> <span class='ocrx_word' id='word_1_191' title='bbox 286 2382 494 2450; x_wconf 81' lang='lat' dir='ltr'><strong>inscribimus,</strong></span> <span class='ocrx_word' id='word_1_192' title='bbox 523 2383 685 2444; x_wconf 76' lang='lat' dir='ltr'><strong>seruandam</strong></span> <span class='ocrx_word' id='word_1_193' title='bbox 713 2381 877 2462; x_wconf 84' lang='lat' dir='ltr'><strong>appeliant.</strong></span> <span class='ocrx_word' id='word_1_194' title='bbox 922 2378 960 2441; x_wconf 87' lang='lat' dir='ltr'><strong>in</strong></span> <span class='ocrx_word' id='word_1_195' title='bbox 983 2380 1146 2442; x_wconf 87' lang='lat' dir='ltr'><strong>Busiiiensi</strong></span> <span class='ocrx_word' id='word_1_196' title='bbox 1168 2379 1271 2442; x_wconf 88' lang='lat' dir='ltr'><strong>Codice</strong></span> <span class='ocrx_word' id='word_1_197' title='bbox 1295 2386 1359 2440; x_wconf 88' lang='lat' dir='ltr'><strong>tres</strong></span> 
     </span>
     <span class='ocr_line' id='line_1_22' title="bbox 128 2479 1360 2564; baseline -0.002 -20"><span class='ocrx_word' id='word_1_198' title='bbox 128 2485 248 2564; x_wconf 88' lang='lat' dir='ltr'><strong>primae</strong></span> <span class='ocrx_word' id='word_1_199' title='bbox 271 2482 434 2546; x_wconf 82' lang='lat' dir='ltr'><strong>Orationes</strong></span> <span class='ocrx_word' id='word_1_200' title='bbox 464 2483 564 2544; x_wconf 91' lang='lat' dir='ltr'><strong>eodem</strong></span> <span class='ocrx_word' id='word_1_201' title='bbox 594 2483 700 2544; x_wconf 89' lang='lat' dir='ltr'><strong>ordine</strong></span> <span class='ocrx_word' id='word_1_202' title='bbox 728 2500 784 2562; x_wconf 89' lang='lat' dir='ltr'><strong>quo</strong></span> <span class='ocrx_word' id='word_1_203' title='bbox 812 2485 873 2543; x_wconf 88' lang='lat' dir='ltr'><strong>iam</strong></span> <span class='ocrx_word' id='word_1_204' title='bbox 900 2500 918 2542; x_wconf 90' lang='grc' dir='ltr'><strong><em>ο</em></strong></span> <span class='ocrx_word' id='word_1_205' title='bbox 947 2480 1034 2545; x_wconf 86' lang='lat' dir='ltr'><strong>nodis</strong></span> <span class='ocrx_word' id='word_1_206' title='bbox 1056 2491 1274 2554; x_wconf 86' lang='lat' dir='ltr'><strong>numerantur,</strong></span> <span class='ocrx_word' id='word_1_207' title='bbox 1306 2479 1360 2542; x_wconf 91' lang='lat' dir='ltr'><strong>sed</strong></span> 
     </span>
     <span class='ocr_line' id='line_1_23' title="bbox 131 2581 1359 2668; baseline -0.002 -22"><span class='ocrx_word' id='word_1_208' title='bbox 131 2603 224 2668; x_wconf 86' lang='lat' dir='ltr'><strong>quam</strong></span> <span class='ocrx_word' id='word_1_209' title='bbox 244 2593 384 2666; x_wconf 72' lang='lat' dir='ltr'><strong>morton</strong></span> <span class='ocrx_word' id='word_1_210' title='bbox 406 2585 609 2654; x_wconf 64' lang='lat' dir='ltr'><strong>inscribimus,</strong></span> <span class='ocrx_word' id='word_1_211' title='bbox 630 2583 674 2646; x_wconf 87' lang='lat' dir='ltr'><strong>idi</strong></span> <span class='ocrx_word' id='word_1_212' title='bbox 694 2594 783 2647; x_wconf 77' lang='lat' dir='ltr'><strong>senta</strong></span> <span class='ocrx_word' id='word_1_213' title='bbox 805 2583 932 2658; x_wconf 80' lang='lat' dir='ltr'><strong>dieitnr3</strong></span> <span class='ocrx_word' id='word_1_214' title='bbox 954 2584 1039 2662; x_wconf 80' lang='lat' dir='ltr'><strong>sorte</strong></span> <span class='ocrx_word' id='word_1_215' title='bbox 1061 2599 1163 2664; x_wconf 90' lang='lat' dir='ltr'><strong>nempe</strong></span> <span class='ocrx_word' id='word_1_216' title='bbox 1185 2584 1264 2664; x_wconf 89' lang='lat' dir='ltr'><strong>quod</strong></span> <span class='ocrx_word' id='word_1_217' title='bbox 1284 2581 1359 2662; x_wconf 85' lang='lat' dir='ltr'><strong>Epi-</strong></span> 
     </span>
     <span class='ocr_line' id='line_1_24' title="bbox 130 2684 1358 2767; baseline -0.001 -19"><span class='ocrx_word' id='word_1_218' title='bbox 130 2685 214 2748; x_wconf 87' lang='lat' dir='ltr'><strong>sicia</strong></span> <span class='ocrx_word' id='word_1_219' title='bbox 234 2685 393 2764; x_wconf 68' lang='lat' dir='ltr'><strong>Encyciiaa</strong></span> <span class='ocrx_word' id='word_1_220' title='bbox 416 2685 455 2748; x_wconf 89' lang='lat' dir='ltr'><strong>ad</strong></span> <span class='ocrx_word' id='word_1_221' title='bbox 476 2685 641 2767; x_wconf 84' lang='lat' dir='ltr'><strong>Episcopos</strong></span> <span class='ocrx_word' id='word_1_222' title='bbox 661 2685 787 2764; x_wconf 80' lang='lat' dir='ltr'><strong>deqypti</strong></span> <span class='ocrx_word' id='word_1_223' title='bbox 807 2693 835 2746; x_wconf 86' lang='lat' dir='ltr'><strong>st</strong></span> <span class='ocrx_word' id='word_1_224' title='bbox 849 2684 958 2764; x_wconf 76' lang='lat' dir='ltr'><strong>liipae</strong></span> <span class='ocrx_word' id='word_1_225' title='bbox 981 2688 1013 2745; x_wconf 87' lang='lat' dir='ltr'><strong>in</strong></span> <span class='ocrx_word' id='word_1_226' title='bbox 1035 2684 1184 2765; x_wconf 85' lang='lat' dir='ltr'><strong>aliquidue</strong></span> <span class='ocrx_word' id='word_1_227' title='bbox 1201 2684 1358 2747; x_wconf 75' lang='lat' dir='ltr'><strong>Codicrdns</strong></span> 
     </span>
     <span class='ocr_line' id='line_1_25' title="bbox 132 2783 1357 2866; baseline -0.003 -18"><span class='ocrx_word' id='word_1_228' title='bbox 132 2789 244 2849; x_wconf 84' lang='lat' dir='ltr'><strong>Oratio</strong></span> <span class='ocrx_word' id='word_1_229' title='bbox 267 2795 378 2866; x_wconf 84' lang='lat' dir='ltr'><strong>quarto</strong></span> <span class='ocrx_word' id='word_1_230' title='bbox 399 2791 432 2847; x_wconf 89' lang='lat' dir='ltr'><strong>in</strong></span> <span class='ocrx_word' id='word_1_231' title='bbox 448 2785 578 2847; x_wconf 78' lang='lat' dir='ltr'><strong>Arianos</strong></span> <span class='ocrx_word' id='word_1_232' title='bbox 601 2785 785 2865; x_wconf 80' lang='lat' dir='ltr'><strong>appellatur,</strong></span> <span class='ocrx_word' id='word_1_233' title='bbox 810 2797 838 2847; x_wconf 85' lang='lat' dir='ltr'><strong>et</strong></span> <span class='ocrx_word' id='word_1_234' title='bbox 856 2785 963 2847; x_wconf 87' lang='lat' dir='ltr'><strong>Oratio</strong></span> <span class='ocrx_word' id='word_1_235' title='bbox 980 2785 1015 2846; x_wconf 89' lang='lat' dir='ltr'><strong>de</strong></span> <span class='ocrx_word' id='word_1_236' title='bbox 1034 2783 1249 2846; x_wconf 84' lang='lat' dir='ltr'><strong>incarnatione</strong></span> <span class='ocrx_word' id='word_1_237' title='bbox 1263 2785 1357 2855; x_wconf 85' lang='lat' dir='ltr'><strong>aerii,</strong></span> 
     </span>
     <span class='ocr_line' id='line_1_26' title="bbox 129 2873 1362 2964; baseline -0.004 -15"><span class='ocrx_word' id='word_1_238' title='bbox 129 2890 222 2950; x_wconf 82' lang='lat' dir='ltr'><strong>casius</strong></span> <span class='ocrx_word' id='word_1_239' title='bbox 251 2887 371 2944; x_wconf 84' lang='lat' dir='ltr'><strong>initium</strong></span> <span class='ocrx_word' id='word_1_240' title='bbox 392 2881 424 2945; x_wconf 82' lang='lat' dir='ltr'><strong>oi</strong></span> <span class='ocrx_word' id='word_1_241' title='bbox 446 2873 664 2962; x_wconf 73' lang='grc' dir='ltr'><strong><em>κακοτέχνιος,’</em></strong></span> <span class='ocrx_word' id='word_1_242' title='bbox 691 2889 794 2964; x_wconf 84' lang='lat' dir='ltr'><strong>quinta</strong></span> <span class='ocrx_word' id='word_1_243' title='bbox 816 2895 1012 2953; x_wconf 83' lang='lat' dir='ltr'><strong>numeratur,</strong></span> <span class='ocrx_word' id='word_1_244' title='bbox 1045 2895 1079 2945; x_wconf 91' lang='lat' dir='ltr'><strong>ut</strong></span> <span class='ocrx_word' id='word_1_245' title='bbox 1112 2888 1144 2945; x_wconf 90' lang='lat' dir='ltr'><strong>in</strong></span> <span class='ocrx_word' id='word_1_246' title='bbox 1167 2883 1362 2946; x_wconf 85' lang='lat' dir='ltr'><strong>Feicirmanni</strong></span> 
     </span>
     <span class='ocr_line' id='line_1_27' title="bbox 129 2981 1361 3069; baseline -0.001 -21"><span class='ocrx_word' id='word_1_247' title='bbox 129 2989 240 3069; x_wconf 86' lang='lat' dir='ltr'><strong>quinto</strong></span> <span class='ocrx_word' id='word_1_248' title='bbox 266 2983 368 3044; x_wconf 83' lang='lat' dir='ltr'><strong>Codice</strong></span> <span class='ocrx_word' id='word_1_249' title='bbox 389 3001 443 3042; x_wconf 91' lang='lat' dir='ltr'><strong>ms.</strong></span> <span class='ocrx_word' id='word_1_250' title='bbox 488 2981 525 3044; x_wconf 83' lang='lat' dir='ltr'><strong>In</strong></span> <span class='ocrx_word' id='word_1_251' title='bbox 541 2983 631 3060; x_wconf 83' lang='lat' dir='ltr'><strong>itepio</strong></span> <span class='ocrx_word' id='word_1_252' title='bbox 654 3001 707 3043; x_wconf 88' lang='lat' dir='ltr'><strong>ms.</strong></span> <span class='ocrx_word' id='word_1_253' title='bbox 724 2981 828 3044; x_wconf 83' lang='lat' dir='ltr'><strong>Codice</strong></span> <span class='ocrx_word' id='word_1_254' title='bbox 851 2983 1008 3043; x_wconf 78' lang='lat' dir='ltr'><strong>chartaceo</strong></span> <span class='ocrx_word' id='word_1_255' title='bbox 1025 2991 1086 3043; x_wconf 87' lang='lat' dir='ltr'><strong>tres</strong></span> <span class='ocrx_word' id='word_1_256' title='bbox 1099 2986 1217 3061; x_wconf 86' lang='lat' dir='ltr'><strong>primae</strong></span> <span class='ocrx_word' id='word_1_257' title='bbox 1237 2991 1361 3047; x_wconf 78' lang='lat' dir='ltr'><strong>restant</strong></span> 
     </span>
     <span class='ocr_line' id='line_1_28' title="bbox 133 3081 1361 3155; baseline -0.005 -6"><span class='ocrx_word' id='word_1_258' title='bbox 133 3087 301 3149; x_wconf 79' lang='lat' dir='ltr'><strong>Orationes</strong></span> <span class='ocrx_word' id='word_1_259' title='bbox 325 3083 423 3144; x_wconf 86' lang='lat' dir='ltr'><strong>eadem</strong></span> <span class='ocrx_word' id='word_1_260' title='bbox 451 3087 544 3153; x_wconf 91' lang='lat' dir='ltr'><strong>serie,</strong></span> <span class='ocrx_word' id='word_1_261' title='bbox 573 3093 608 3143; x_wconf 85' lang='lat' dir='ltr'><strong>ut</strong></span> <span class='ocrx_word' id='word_1_262' title='bbox 636 3081 689 3142; x_wconf 84' lang='lat' dir='ltr'><strong>dac</strong></span> <span class='ocrx_word' id='word_1_263' title='bbox 717 3085 750 3142; x_wconf 88' lang='lat' dir='ltr'><strong>in</strong></span> <span class='ocrx_word' id='word_1_264' title='bbox 777 3093 886 3143; x_wconf 87' lang='lat' dir='ltr'><strong>nostra</strong></span> <span class='ocrx_word' id='word_1_265' title='bbox 907 3081 1062 3151; x_wconf 86' lang='lat' dir='ltr'><strong>Editione,</strong></span> <span class='ocrx_word' id='word_1_266' title='bbox 1090 3091 1281 3155; x_wconf 82' lang='lat' dir='ltr'><strong>numeratae,</strong></span> <span class='ocrx_word' id='word_1_267' title='bbox 1310 3084 1361 3145; x_wconf 88' lang='lat' dir='ltr'><strong>sed</strong></span> 
     </span>
     <span class='ocr_line' id='line_1_29' title="bbox 132 3181 1362 3270; baseline -0.006 -21"><span class='ocrx_word' id='word_1_268' title='bbox 132 3195 245 3270; x_wconf 85' lang='lat' dir='ltr'><strong>quarta</strong></span> <span class='ocrx_word' id='word_1_269' title='bbox 269 3185 358 3246; x_wconf 87' lang='lat' dir='ltr'><strong>deest.</strong></span> <span class='ocrx_word' id='word_1_270' title='bbox 403 3181 441 3244; x_wconf 89' lang='lat' dir='ltr'><strong>in</strong></span> <span class='ocrx_word' id='word_1_271' title='bbox 468 3183 531 3246; x_wconf 87' lang='lat' dir='ltr'><strong>aiio</strong></span> <span class='ocrx_word' id='word_1_272' title='bbox 551 3182 642 3263; x_wconf 84' lang='lat' dir='ltr'><strong>iiepia</strong></span> <span class='ocrx_word' id='word_1_273' title='bbox 666 3185 793 3262; x_wconf 83' lang='lat' dir='ltr'><strong>optimae</strong></span> <span class='ocrx_word' id='word_1_274' title='bbox 814 3193 903 3243; x_wconf 86' lang='lat' dir='ltr'><strong>norae</strong></span> <span class='ocrx_word' id='word_1_275' title='bbox 930 3199 987 3242; x_wconf 89' lang='lat' dir='ltr'><strong>ms.</strong></span> <span class='ocrx_word' id='word_1_276' title='bbox 1013 3181 1131 3250; x_wconf 85' lang='lat' dir='ltr'><strong>Codice,</strong></span> <span class='ocrx_word' id='word_1_277' title='bbox 1159 3185 1211 3261; x_wconf 86' lang='lat' dir='ltr'><strong>qui</strong></span> <span class='ocrx_word' id='word_1_278' title='bbox 1235 3181 1362 3242; x_wconf 88' lang='lat' dir='ltr'><strong>mediam</strong></span> 
     </span>
     <span class='ocr_line' id='line_1_30' title="bbox 135 3279 1361 3368; baseline -0.006 -17"><span class='ocrx_word' id='word_1_279' title='bbox 135 3283 269 3368; x_wconf 85' lang='lat' dir='ltr'><strong>Operum</strong></span> <span class='ocrx_word' id='word_1_280' title='bbox 291 3285 324 3346; x_wconf 84' lang='lat' dir='ltr'><strong>S.</strong></span> <span class='ocrx_word' id='word_1_281' title='bbox 348 3285 508 3347; x_wconf 78' lang='lat' dir='ltr'><strong>Athanasii</strong></span> <span class='ocrx_word' id='word_1_282' title='bbox 522 3297 643 3366; x_wconf 85' lang='lat' dir='ltr'><strong>partem</strong></span> <span class='ocrx_word' id='word_1_283' title='bbox 667 3287 812 3354; x_wconf 77' lang='lat' dir='ltr'><strong>contenet,</strong></span> <span class='ocrx_word' id='word_1_284' title='bbox 848 3283 925 3344; x_wconf 81' lang='lat' dir='ltr'><strong>darae</strong></span> <span class='ocrx_word' id='word_1_285' title='bbox 951 3281 1075 3345; x_wconf 75' lang='lat' dir='ltr'><strong>sirenue</strong></span> <span class='ocrx_word' id='word_1_286' title='bbox 1103 3283 1189 3343; x_wconf 87' lang='lat' dir='ltr'><strong>initio</strong></span> <span class='ocrx_word' id='word_1_287' title='bbox 1213 3279 1361 3344; x_wconf 75' lang='lat' dir='ltr'><strong>dedentem</strong></span> 
     </span>
     <span class='ocr_line' id='line_1_31' title="bbox 136 3383 1361 3468; baseline -0.002 -17"><span class='ocrx_word' id='word_1_288' title='bbox 136 3391 315 3459; x_wconf 84' lang='lat' dir='ltr'><strong>Orationes,</strong></span> <span class='ocrx_word' id='word_1_289' title='bbox 345 3405 419 3468; x_wconf 86' lang='lat' dir='ltr'><strong>quae</strong></span> <span class='ocrx_word' id='word_1_290' title='bbox 447 3391 515 3448; x_wconf 89' lang='lat' dir='ltr'><strong>item</strong></span> <span class='ocrx_word' id='word_1_291' title='bbox 543 3386 651 3449; x_wconf 79' lang='lat' dir='ltr'><strong>ididem</strong></span> <span class='ocrx_word' id='word_1_292' title='bbox 673 3387 765 3446; x_wconf 86' lang='lat' dir='ltr'><strong>tertia</strong></span> <span class='ocrx_word' id='word_1_293' title='bbox 787 3393 816 3445; x_wconf 87' lang='lat' dir='ltr'><strong>et</strong></span> <span class='ocrx_word' id='word_1_294' title='bbox 837 3394 947 3464; x_wconf 77' lang='lat' dir='ltr'><strong>prorsa</strong></span> <span class='ocrx_word' id='word_1_295' title='bbox 969 3393 1196 3464; x_wconf 82' lang='lat' dir='ltr'><strong>nasucnpantur.</strong></span> <span class='ocrx_word' id='word_1_296' title='bbox 1242 3383 1303 3446; x_wconf 88' lang='lat' dir='ltr'><strong>Sed</strong></span> <span class='ocrx_word' id='word_1_297' title='bbox 1323 3403 1361 3448; x_wconf 88' lang='lat' dir='ltr'><strong>ne</strong></span> 
     </span>
     <span class='ocr_line' id='line_1_32' title="bbox 135 3486 1359 3568; baseline -0.002 -16"><span class='ocrx_word' id='word_1_298' title='bbox 135 3491 250 3552; x_wconf 85' lang='lat' dir='ltr'><strong>diutius</strong></span> <span class='ocrx_word' id='word_1_299' title='bbox 273 3493 305 3550; x_wconf 91' lang='lat' dir='ltr'><strong>in</strong></span> <span class='ocrx_word' id='word_1_300' title='bbox 324 3490 544 3568; x_wconf 82' lang='lat' dir='ltr'><strong>percurrendis</strong></span> <span class='ocrx_word' id='word_1_301' title='bbox 567 3490 785 3566; x_wconf 86' lang='lat' dir='ltr'><strong>manuscriptis</strong></span> <span class='ocrx_word' id='word_1_302' title='bbox 810 3486 964 3548; x_wconf 85' lang='lat' dir='ltr'><strong>Codiaidus</strong></span> <span class='ocrx_word' id='word_1_303' title='bbox 987 3488 1200 3556; x_wconf 85' lang='lat' dir='ltr'><strong>immoremur,</strong></span> <span class='ocrx_word' id='word_1_304' title='bbox 1224 3487 1290 3548; x_wconf 88' lang='lat' dir='ltr'><strong>uide</strong></span> <span class='ocrx_word' id='word_1_305' title='bbox 1312 3488 1359 3549; x_wconf 91' lang='lat' dir='ltr'><strong>di-</strong></span> 
     </span>
     <span class='ocr_line' id='line_1_33' title="bbox 135 3585 1359 3671; baseline -0.001 -19"><span class='ocrx_word' id='word_1_306' title='bbox 135 3597 308 3671; x_wconf 86' lang='lat' dir='ltr'><strong>screpantes</strong></span> <span class='ocrx_word' id='word_1_307' title='bbox 332 3589 486 3661; x_wconf 83' lang='lat' dir='ltr'><strong>lectiones,</strong></span> <span class='ocrx_word' id='word_1_308' title='bbox 520 3607 594 3670; x_wconf 87' lang='lat' dir='ltr'><strong>quas</strong></span> <span class='ocrx_word' id='word_1_309' title='bbox 617 3589 751 3650; x_wconf 87' lang='lat' dir='ltr'><strong>studiose</strong></span> <span class='ocrx_word' id='word_1_310' title='bbox 774 3585 945 3668; x_wconf 81' lang='lat' dir='ltr'><strong>eollepinms</strong></span> <span class='ocrx_word' id='word_1_311' title='bbox 968 3587 1007 3648; x_wconf 90' lang='lat' dir='ltr'><strong>ad</strong></span> <span class='ocrx_word' id='word_1_312' title='bbox 1028 3589 1147 3648; x_wconf 87' lang='lat' dir='ltr'><strong>initium</strong></span> <span class='ocrx_word' id='word_1_313' title='bbox 1168 3588 1359 3667; x_wconf 82' lang='lat' dir='ltr'><strong>sinqnlarum</strong></span> 
     </span>
     <span class='ocr_line' id='line_1_34' title="bbox 138 3687 1360 3776; baseline -0.002 -24"><span class='ocrx_word' id='word_1_314' title='bbox 138 3693 330 3760; x_wconf 80' lang='lat' dir='ltr'><strong>Orationem,</strong></span> <span class='ocrx_word' id='word_1_315' title='bbox 353 3708 406 3750; x_wconf 90' lang='lat' dir='ltr'><strong>nec</strong></span> <span class='ocrx_word' id='word_1_316' title='bbox 427 3708 489 3751; x_wconf 89' lang='lat' dir='ltr'><strong>non</strong></span> <span class='ocrx_word' id='word_1_317' title='bbox 511 3687 664 3776; x_wconf 79' lang='lat' dir='ltr'><strong>Epistoiue</strong></span> <span class='ocrx_word' id='word_1_318' title='bbox 685 3688 861 3767; x_wconf 81' lang='lat' dir='ltr'><strong>Enoyoiiaae</strong></span> <span class='ocrx_word' id='word_1_319' title='bbox 883 3689 924 3749; x_wconf 91' lang='lat' dir='ltr'><strong>ad</strong></span> <span class='ocrx_word' id='word_1_320' title='bbox 937 3689 1103 3769; x_wconf 81' lang='lat' dir='ltr'><strong>Episcopus</strong></span> <span class='ocrx_word' id='word_1_321' title='bbox 1119 3689 1245 3768; x_wconf 79' lang='lat' dir='ltr'><strong>depppn&#39;</strong></span> <span class='ocrx_word' id='word_1_322' title='bbox 1264 3701 1293 3752; x_wconf 89' lang='lat' dir='ltr'><strong>et</strong></span> <span class='ocrx_word' id='word_1_323' title='bbox 1307 3689 1360 3750; x_wconf 84' lang='lat' dir='ltr'><strong>Li-</strong></span> 
     </span>
     <span class='ocr_line' id='line_1_35' title="bbox 135 3787 1400 3872; baseline -0.001 -18"><span class='ocrx_word' id='word_1_324' title='bbox 135 3793 208 3872; x_wconf 82' lang='lat' dir='ltr'><strong>iqae</strong></span> <span class='ocrx_word' id='word_1_325' title='bbox 230 3801 260 3854; x_wconf 90' lang='lat' dir='ltr'><strong>et</strong></span> <span class='ocrx_word' id='word_1_326' title='bbox 284 3789 441 3853; x_wconf 78' lang='lat' dir='ltr'><strong>Tractatus</strong></span> <span class='ocrx_word' id='word_1_327' title='bbox 468 3792 556 3853; x_wconf 89' lang='lat' dir='ltr'><strong>mado</strong></span> <span class='ocrx_word' id='word_1_328' title='bbox 577 3793 737 3853; x_wconf 88' lang='lat' dir='ltr'><strong>memorati</strong></span> <span class='ocrx_word' id='word_1_329' title='bbox 760 3791 795 3852; x_wconf 90' lang='lat' dir='ltr'><strong>de</strong></span> <span class='ocrx_word' id='word_1_330' title='bbox 816 3787 1044 3852; x_wconf 85' lang='lat' dir='ltr'><strong>incarnatione.</strong></span> <span class='ocrx_word' id='word_1_331' title='bbox 1089 3787 1180 3851; x_wconf 85' lang='lat' dir='ltr'><strong>diuiti</strong></span> <span class='ocrx_word' id='word_1_332' title='bbox 1197 3802 1359 3870; x_wconf 86' lang='lat' dir='ltr'><strong>praeterea</strong></span> <span class='ocrx_word' id='word_1_333' title='bbox 1395 3827 1400 3834; x_wconf 91' lang='lat'><strong>·</strong></span> 
     </span>
     <span class='ocr_line' id='line_1_36' title="bbox 135 3890 1360 3974; baseline -0.002 -20"><span class='ocrx_word' id='word_1_334' title='bbox 135 3896 254 3974; x_wconf 85' lang='lat' dir='ltr'><strong>antiqui</strong></span> <span class='ocrx_word' id='word_1_335' title='bbox 274 3890 447 3971; x_wconf 84' lang='lat' dir='ltr'><strong>Scriptores</strong></span> <span class='ocrx_word' id='word_1_336' title='bbox 475 3891 576 3953; x_wconf 88' lang='lat' dir='ltr'><strong>eodem</strong></span> <span class='ocrx_word' id='word_1_337' title='bbox 598 3893 704 3954; x_wconf 89' lang='lat' dir='ltr'><strong>ordine</strong></span> <span class='ocrx_word' id='word_1_338' title='bbox 725 3890 797 3952; x_wconf 84' lang='lat' dir='ltr'><strong>idias</strong></span> <span class='ocrx_word' id='word_1_339' title='bbox 820 3895 955 3951; x_wconf 79' lang='lat' dir='ltr'><strong>citarent</strong></span> <span class='ocrx_word' id='word_1_340' title='bbox 980 3890 1142 3953; x_wconf 87' lang='lat' dir='ltr'><strong>Orationes</strong></span> <span class='ocrx_word' id='word_1_341' title='bbox 1165 3908 1199 3951; x_wconf 88' lang='lat' dir='ltr'><strong>aa</strong></span> <span class='ocrx_word' id='word_1_342' title='bbox 1221 3908 1277 3952; x_wconf 91' lang='lat' dir='ltr'><strong>nos</strong></span> <span class='ocrx_word' id='word_1_343' title='bbox 1298 3909 1360 3952; x_wconf 88' lang='lat' dir='ltr'><strong>nn-</strong></span> 
     </span>
     <span class='ocr_line' id='line_1_37' title="bbox 134 3989 1359 4072; baseline 0 -19"><span class='ocrx_word' id='word_1_344' title='bbox 134 4011 304 4064; x_wconf 86' lang='lat' dir='ltr'><strong>meramns,</strong></span> <span class='ocrx_word' id='word_1_345' title='bbox 326 4001 362 4053; x_wconf 87' lang='lat' dir='ltr'><strong>ut</strong></span> <span class='ocrx_word' id='word_1_346' title='bbox 385 3989 521 4072; x_wconf 75' lang='lat' dir='ltr'><strong>Cyretias</strong></span> <span class='ocrx_word' id='word_1_347' title='bbox 543 3990 780 4064; x_wconf 75' lang='lat' dir='ltr'><strong>Alexandrinus,</strong></span> <span class='ocrx_word' id='word_1_348' title='bbox 806 3990 1023 4061; x_wconf 76' lang='lat' dir='ltr'><strong>Theodoretns,</strong></span> <span class='ocrx_word' id='word_1_349' title='bbox 1046 3989 1236 4054; x_wconf 74' lang='lat' dir='ltr'><strong>lastinianus</strong></span> <span class='ocrx_word' id='word_1_350' title='bbox 1260 3990 1359 4072; x_wconf 88' lang='lat' dir='ltr'><strong>impe-</strong></span> 
     </span>
     <span class='ocr_line' id='line_1_38' title="bbox 136 4089 1361 4175; baseline -0.002 -19"><span class='ocrx_word' id='word_1_351' title='bbox 136 4105 234 4166; x_wconf 88' lang='lat' dir='ltr'><strong>rator,</strong></span> <span class='ocrx_word' id='word_1_352' title='bbox 257 4093 500 4175; x_wconf 88' lang='lat' dir='ltr'><strong>quemadmodum</strong></span> <span class='ocrx_word' id='word_1_353' title='bbox 523 4097 587 4154; x_wconf 87' lang='lat' dir='ltr'><strong>suis</strong></span> <span class='ocrx_word' id='word_1_354' title='bbox 609 4095 641 4154; x_wconf 91' lang='lat' dir='ltr'><strong>in</strong></span> <span class='ocrx_word' id='word_1_355' title='bbox 664 4091 738 4155; x_wconf 85' lang='lat' dir='ltr'><strong>iocis</strong></span> <span class='ocrx_word' id='word_1_356' title='bbox 762 4093 964 4155; x_wconf 84' lang='lat' dir='ltr'><strong>adseroamus.</strong></span> <span class='ocrx_word' id='word_1_357' title='bbox 1002 4090 1109 4152; x_wconf 86' lang='lat' dir='ltr'><strong>Verum</strong></span> <span class='ocrx_word' id='word_1_358' title='bbox 1123 4089 1202 4152; x_wconf 83' lang='lat' dir='ltr'><strong>niisii</strong></span> <span class='ocrx_word' id='word_1_359' title='bbox 1223 4111 1298 4172; x_wconf 90' lang='lat' dir='ltr'><strong>opus</strong></span> <span class='ocrx_word' id='word_1_360' title='bbox 1315 4103 1361 4153; x_wconf 90' lang='lat' dir='ltr'><strong>est</strong></span> 
     </span>
     <span class='ocr_line' id='line_1_39' title="bbox 137 4191 1386 4274; baseline -0.003 -18"><span class='ocrx_word' id='word_1_361' title='bbox 137 4195 272 4274; x_wconf 79' lang='lat' dir='ltr'><strong>donpiore</strong></span> <span class='ocrx_word' id='word_1_362' title='bbox 295 4195 507 4273; x_wconf 86' lang='lat' dir='ltr'><strong>disputatione,</strong></span> <span class='ocrx_word' id='word_1_363' title='bbox 532 4211 598 4256; x_wconf 87' lang='lat' dir='ltr'><strong>eum</strong></span> <span class='ocrx_word' id='word_1_364' title='bbox 620 4193 737 4255; x_wconf 86' lang='lat' dir='ltr'><strong>ciarum</strong></span> <span class='ocrx_word' id='word_1_365' title='bbox 759 4197 801 4256; x_wconf 87' lang='lat' dir='ltr'><strong>sit</strong></span> <span class='ocrx_word' id='word_1_366' title='bbox 821 4211 861 4256; x_wconf 78' lang='lat' dir='ltr'><strong>ea</strong></span> <span class='ocrx_word' id='word_1_367' title='bbox 883 4192 961 4254; x_wconf 84' lang='lat' dir='ltr'><strong>disce</strong></span> <span class='ocrx_word' id='word_1_368' title='bbox 982 4195 1055 4273; x_wconf 91' lang='lat' dir='ltr'><strong>ipsis</strong></span> <span class='ocrx_word' id='word_1_369' title='bbox 1078 4201 1210 4272; x_wconf 88' lang='lat' dir='ltr'><strong>quatuor</strong></span> <span class='ocrx_word' id='word_1_370' title='bbox 1235 4191 1386 4254; x_wconf 61' lang='lat' dir='ltr'><strong>oratic·</strong></span> 
     </span>
     <span class='ocr_line' id='line_1_40' title="bbox 135 4292 1443 4375; baseline -0.008 -19"><span class='ocrx_word' id='word_1_371' title='bbox 135 4296 232 4369; x_wconf 75' lang='lat' dir='ltr'><strong>naias,</strong></span> <span class='ocrx_word' id='word_1_372' title='bbox 255 4294 333 4357; x_wconf 85' lang='lat' dir='ltr'><strong>nidii</strong></span> <span class='ocrx_word' id='word_1_373' title='bbox 353 4312 404 4358; x_wconf 91' lang='lat' dir='ltr'><strong>eas</strong></span> <span class='ocrx_word' id='word_1_374' title='bbox 429 4313 581 4358; x_wconf 78' lang='lat' dir='ltr'><strong>commeans</strong></span> <span class='ocrx_word' id='word_1_375' title='bbox 602 4313 668 4358; x_wconf 81' lang='lat' dir='ltr'><strong>cram</strong></span> <span class='ocrx_word' id='word_1_376' title='bbox 688 4293 755 4358; x_wconf 83' lang='lat' dir='ltr'><strong>ulla</strong></span> <span class='ocrx_word' id='word_1_377' title='bbox 777 4294 839 4356; x_wconf 85' lang='lat' dir='ltr'><strong>alia</strong></span> <span class='ocrx_word' id='word_1_378' title='bbox 864 4293 963 4375; x_wconf 86' lang='lat' dir='ltr'><strong>Opere</strong></span> <span class='ocrx_word' id='word_1_379' title='bbox 987 4293 1109 4366; x_wconf 83' lang='lat' dir='ltr'><strong>dedere,</strong></span> <span class='ocrx_word' id='word_1_380' title='bbox 1141 4292 1193 4353; x_wconf 90' lang='lat' dir='ltr'><strong>sed</strong></span> <span class='ocrx_word' id='word_1_381' title='bbox 1214 4295 1256 4352; x_wconf 86' lang='lat' dir='ltr'><strong>ita</strong></span> <span class='ocrx_word' id='word_1_382' title='bbox 1277 4293 1443 4352; x_wconf 76' lang='lat' dir='ltr'><strong>intesanct-</strong></span> 
     </span>
     <span class='ocr_line' id='line_1_41' title="bbox 137 4387 1360 4477; baseline -0.007 -19"><span class='ocrx_word' id='word_1_383' title='bbox 137 4416 168 4460; x_wconf 91' lang='lat' dir='ltr'><strong>se</strong></span> <span class='ocrx_word' id='word_1_384' title='bbox 192 4397 367 4474; x_wconf 82' lang='lat' dir='ltr'><strong>eodaerere,</strong></span> <span class='ocrx_word' id='word_1_385' title='bbox 400 4409 435 4460; x_wconf 86' lang='lat' dir='ltr'><strong>ut</strong></span> <span class='ocrx_word' id='word_1_386' title='bbox 456 4415 551 4459; x_wconf 86' lang='lat' dir='ltr'><strong>unum</strong></span> <span class='ocrx_word' id='word_1_387' title='bbox 571 4401 656 4477; x_wconf 88' lang='lat' dir='ltr'><strong>ipsae</strong></span> <span class='ocrx_word' id='word_1_388' title='bbox 680 4387 763 4476; x_wconf 81' lang='lat' dir='ltr'><strong>Opies</strong></span> <span class='ocrx_word' id='word_1_389' title='bbox 787 4394 879 4458; x_wconf 75' lang='lat' dir='ltr'><strong>simui</strong></span> <span class='ocrx_word' id='word_1_390' title='bbox 899 4394 1076 4475; x_wconf 75' lang='lat' dir='ltr'><strong>confidant,</strong></span> <span class='ocrx_word' id='word_1_391' title='bbox 1107 4409 1237 4472; x_wconf 83' lang='lat' dir='ltr'><strong>qnorum</strong></span> <span class='ocrx_word' id='word_1_392' title='bbox 1254 4390 1360 4468; x_wconf 89' lang='lat' dir='ltr'><strong>prima</strong></span> 
     </span>
     <span class='ocr_line' id='line_1_42' title="bbox 137 4491 1360 4582; baseline -0.008 -22"><span class='ocrx_word' id='word_1_393' title='bbox 137 4501 178 4560; x_wconf 90' lang='lat' dir='ltr'><strong>sit</strong></span> <span class='ocrx_word' id='word_1_394' title='bbox 196 4501 391 4580; x_wconf 87' lang='lat' dir='ltr'><strong>principium,</strong></span> <span class='ocrx_word' id='word_1_395' title='bbox 415 4509 525 4582; x_wconf 84' lang='lat' dir='ltr'><strong>quarta</strong></span> <span class='ocrx_word' id='word_1_396' title='bbox 548 4507 647 4560; x_wconf 80' lang='lat' dir='ltr'><strong>auten</strong></span> <span class='ocrx_word' id='word_1_397' title='bbox 669 4501 801 4560; x_wconf 87' lang='lat' dir='ltr'><strong>omnium</strong></span> <span class='ocrx_word' id='word_1_398' title='bbox 823 4499 864 4559; x_wconf 88' lang='lat' dir='ltr'><strong>sit</strong></span> <span class='ocrx_word' id='word_1_399' title='bbox 884 4496 966 4577; x_wconf 77' lang='lat' dir='ltr'><strong>finis,</strong></span> <span class='ocrx_word' id='word_1_400' title='bbox 989 4511 1077 4574; x_wconf 85' lang='lat' dir='ltr'><strong>qaam</strong></span> <span class='ocrx_word' id='word_1_401' title='bbox 1092 4511 1165 4554; x_wconf 86' lang='lat' dir='ltr'><strong>sone</strong></span> <span class='ocrx_word' id='word_1_402' title='bbox 1181 4491 1215 4554; x_wconf 83' lang='lat' dir='ltr'><strong>oi</strong></span> <span class='ocrx_word' id='word_1_403' title='bbox 1239 4505 1360 4552; x_wconf 85' lang='lat' dir='ltr'><strong>cansam</strong></span> 
     </span>
    </p>
   </div>
   <div class='ocr_carea' id='block_1_7' title="bbox 0 0 1600 5058">
    <p class='ocr_par' dir='ltr' id='par_1_7' title="bbox 0 0 1600 5058">
     <span class='ocr_line' id='line_1_43' title="bbox 0 0 1600 5058; baseline 0 0"><span class='ocrx_word' id='word_1_404' title='bbox 0 0 1600 5058; x_wconf 95' lang='lat' dir='ltr'><strong> </strong></span> 
     </span>
    </p>
   </div>
  </div>
 </body>
</html>
