3014 5050
589 159 591 166 ’
633 182 814 234 srrsrouar.
831 185 1078 230 massanensis.

216 334 331 414 priurn
353 331 482 396 Verbum
506 332 625 408 creavit,
649 333 846 414 coniungatis.
891 335 973 408 Quae
987 344 1085 400 autem
1102 335 1187 400 robis
1209 339 1249 402 ita
1264 357 1306 402 set
1343 371 1344 392 ι

216 452 299 513 spes
325 453 393 496 esse
415 431 536 514 possiti
580 433 632 494 Vel
654 433 721 512 quis
742 453 797 496 vos
819 453 885 498 oum
907 435 969 498 Deo
992 439 1166 518 coniunget,
1195 441 1245 520 qui
1274 461 1306 503 ιιι

215 535 292 610 Dei,
319 535 372 598 sed
393 536 439 597 rei
462 547 577 596 creatae
599 532 736 614 spiritum
756 534 900 611 ‚habetis‘l
944 539 1025 610 Quae
1041 541 1158 602 undem
1173 550 1272 604 vestra
1294 561 1307 604 e

217 637 302 698 ritas
326 647 357 697 et
377 634 636 710 inconsiderantia,
660 636 710 714 qui
725 635 843 698 Patrem
859 645 889 698 et
908 639 974 700 eius
989 638 1116 704 Verbum
1132 643 1167 703 od
1190 663 1239 706 res
1262 662 1308 706 nst
1343 671 1344 698 ι

220 747 271 798 tas
298 737 482 817 deprimitis,
515 755 680 816 rursusque
701 755 765 800 rem
788 747 915 800 creatam
937 739 999 802 Deo
1023 742 1214 820 exaequatis?
1256 743 1289 806 ld
1343 767 1344 804 ι

219 837 334 916 agitis,
368 857 434 900 cum
463 839 499 900 de
522 838 634 918 Spiritu
654 857 717 900 uon
740 858 828 902 secus
850 859 885 902 ac
906 840 943 902 de
964 860 999 902 re
1021 851 1116 903 creata
1138 845 1290 922 cogitatis,
1343 853 1344 906 ι

219 937 424 1000 nihilominus
444 939 476 1000 in
499 939 643 1001 Trinitate
665 939 810 1004 collocare
833 960 893 1004 non
915 942 1068 1004 veremini.
1114 943 1186 1016 Quis
1208 952 1307 1006 tantm
1343 946 1344 1006 l

221 1047 292 1100 ster
315 1040 407 1114 luror,
430 1049 543 1103 uttam
565 1041 666 1120 iniqua
688 1041 725 1102 de
739 1041 802 1104 Deo
820 1043 966 1116 sentiatis,
991 1043 1040 1122 qui
1062 1026 1175 1106 scilicet
1195 1061 1256 1104 non
1279 1061 1310 1104 m
1343 1063 1344 1108 ι

222 1149 344 1202 creatas
367 1141 413 1203 rel
435 1159 539 1204 omnes
560 1141 707 1220 Angelos,
741 1143 795 1204 sed
823 1161 915 1204 unum
943 1143 1084 1206 duntaxat
1112 1161 1147 1204 ex
1169 1143 1228 1206 iltis
1249 1143 1310 1205 Deo
1343 1164 1344 1205 ι

221 1241 328 1302 Verbo
350 1240 577 1304 annumeratis?
620 1243 781 1324 Postquam
803 1243 882 1306 enim
899 1245 992 1306 semel
1007 1245 1150 1324 Spiritum
1164 1263 1227 1307 rem
1243 1263 1309 1306 crea
1343 1265 1344 1304 ι

163 1405 165 1416 ,
223 1341 390 1404 censuistis
407 1343 499 1423 ,cique
520 1343 618 1406 locum
640 1345 671 1407 io
694 1344 839 1407 Trinitatc
861 1345 1054 1424 assignastis,
1089 1364 1149 1406 non
1178 1363 1268 1408 unum
1297 1364 1312 1407 c
1343 1365 1344 1380 ι

163 1509 165 1516 ,
225 1461 337 1504 omues
359 1453 475 1505 creatos
497 1443 626 1524 Angelos
649 1446 679 1506 in
703 1445 750 1508 illa
772 1463 889 1525 quoque
912 1445 1057 1508 collocare
1079 1446 1231 1526 oportuit,
1253 1465 1309 1508 nec
1343 1470 1344 1507 ι

225 1543 406 1606 Trinitatem
423 1563 513 1631 esse,
536 1546 590 1607 sed
612 1545 857 1608 innumerabilem
880 1546 1025 1625 quandam
1048 1546 1207 1610 divinitatis
1228 1547 1313 1610 multi
1343 1567 1344 1608 ι

163 1723 165 1730 y
225 1653 262 1706 ut
285 1654 316 1706 et
338 1653 436 1708 restra
459 1644 601 1718 initiatio,
634 1647 762 1725 quaein
785 1650 818 1710 ei
841 1646 905 1708 lieri
929 1645 1057 1720 ridetur,
1085 1647 1145 1722 huc
1170 1656 1201 1708 et
1227 1649 1296 1710 illuc
1343 1651 1344 1707 t

225 1744 377 1808 instabilis
399 1739 488 1808 tanti
509 1745 679 1808 diversitate
702 1747 885 1808 redderetur.
929 1747 1061 1826 Namque
1090 1747 1235 1810 eiusmodi
1263 1769 1316 1812 sun

226 1856 258 1906 et
279 1845 457 1908 drianorum
480 1847 635 1926 mysteria,
663 1847 714 1926 qui
736 1847 906 1926 tam'impia
929 1848 1071 1910 adversus
1093 1849 1276 1912 divinitatem
1298 1870 1316 1912 e
1343 1871 1344 1912 1

227 1947 358 2020 scimini,
381 1955 411 2008 et
432 1948 523 2010 rebus
546 1949 653 2011 creatis
675 1949 777 2028 potius
799 1967 887 2029 quam
902 1948 964 2010 Deo
982 1951 1112 2012 omnium
1135 1951 1262 2013 creatori
1284 1969 1317 2012 se
1343 1971 1344 2011 ι

316 2050 367 2114 30.
411 2049 455 2112 Ειι
479 2069 550 2130 ergo
578 2067 654 2129 quae
681 2050 766 2112 vobis
788 2049 915 2112 absurda
938 2069 974 2111 es
995 2048 1133 2114 dualitate
1155 2060 1318 2112 occurrunt

227 2148 258 2210 si
280 2148 413 2212 Trinitas
436 2150 486 2226 sit,
507 2149 550 2212 uti
572 2151 671 2230 reipsa
694 2159 750 2223 cst,
773 2167 847 2228 quae
869 2149 1005 2227 quidem,
1027 2159 1060 2210 ιιι
1082 2149 1285 2222 ostendimus,
1308 2151 1317 2210 i
1343 2171 1344 2234 ι

228 2267 287 2312 neo
307 2250 462 2314 dissimilis
486 2243 541 2324 est,
565 2267 688 2311 necesse
710 2258 866 2312 estunam
889 2249 953 2310 eius
977 2265 1046 2309 esse
1068 2248 1269 2322 sanctitatem,
1292 2267 1320 2308 ιιι
1343 2269 1344 2308 ι

163 2337 164 2364 l
229 2352 399 2412 ternitatem
422 2349 692 2428 immutabilemque
714 2358 859 2412 naturam.
903 2349 942 2410 Ut
963 2347 1041 2410 enim
1068 2349 1159 2422 tides,
1190 2367 1277 2428 quam
1304 2369 1344 2410 e:

163 2467 164 2472 ¹
229 2451 311 2512 mine
333 2450 511 2530 accepimus,
534 2469 591 2513 una
615 2457 670 2523 est,
693 2457 723 2511 et
743 2468 799 2512 nos
823 2439 889 2511 cum
911 2449 972 2511 Deo
996 2449 1157 2530 coniungit,
1181 2459 1212 2514 ut
1234 2452 1305 2514 item
1343 2471 1344 2531 ι

231 2551 359 2632 quidde
382 2551 525 2616 Trinitate
547 2550 675 2614 detrahit
697 2559 728 2612 et
748 2551 779 2613 in
801 2551 866 2614 solo
888 2549 985 2612 Patris
1007 2551 1052 2613 vel
1066 2551 1132 2614 Filii
1146 2552 1267 2614 nomine
1282 2552 1322 2631 ba]
1343 2563 1344 2612 ι

163 2645 165 2678 ⁵
230 2660 282 2714 aut
303 2654 368 2717 sine
391 2652 503 2734 Spiritu
523 2654 552 2716 in
575 2653 664 2724 Patre
686 2661 714 2714 et
733 2651 818 2728 Filio,
840 2652 914 2714 nihil
936 2652 1049 2732 accipit,
1073 2652 1126 2713 sed
1148 2671 1257 2714 vacuus
1281 2671 1323 2714 ne

163 2759 165 2766 ’
230 2763 280 2816 tus
301 2755 365 2835 ipse
388 2765 418 2816 ct
439 2755 480 2828 is,
503 2753 554 2833 qui
576 2755 647 2817 darc
668 2752 799 2828 ridetur,
828 2761 943 2826 manet,
965 2753 1109 2832 siquidem
1133 2752 1258 2816 initiatio
1281 2771 1344 2814 nos

163 2871 165 2880 ’
231 2855 375 2918 Trinitate
397 2855 453 2918 sita
476 2863 539 2926 est3
568 2854 608 2914 its
638 2854 688 2932 qui
709 2853 815 2916 Filium
849 2875 865 2916 a
886 2854 974 2916 Patre
995 2854 1098 2916 dividit
1119 2855 1164 2916 rel
1185 2853 1325 2934 Spiritum

163 2959 165 2988 *
232 2971 326 3032 usque
348 2963 460 3016 creatas
482 2953 639 3033 deprimit,
662 2972 718 3015 uec
739 2955 843 3016 Filium
867 2974 923 3018 uec
943 2955 1060 3016 Patrem
1082 2955 1179 3028 habet,
1204 2955 1257 3016 sed
1279 2961 1325 3016 est

163 3055 164 3062 ’
232 3059 264 3114 et
284 3052 393 3116 infideli
416 3053 556 3134 deterior,
580 3054 756 3136 quidvisque
777 3057 877 3136 potius
900 3075 987 3135 quam
1003 3055 1186 3118 Christianus
1200 3055 1315 3116 ‘merito
1343 3071 1344 3116 ι

164 3183 165 3186 “
230 3153 378 3234 putandus
401 3163 457 3216 est.
503 3155 758 3228 Quemadmodum
780 3157 858 3241 euim
873 3175 964 3219 unum
987 3156 1207 3235 estBaptisma,
1230 3154 1310 3234 quod
1325 3159 1344 3214 n

163 3259 165 3286 '
231 3247 262 3316 et
282 3255 356 3318 Filio
379 3265 410 3318 et
432 3256 545 3337 Spiritu
567 3264 669 3318 sancto
692 3257 793 3332 datur,
824 3267 857 3320 ut
878 3277 936 3320 una
958 3255 1095 3320 similiter
1116 3255 1189 3318 ludes
1211 3256 1309 3317 estin
1343 3273 1344 3316 ι

230 3355 417 3432 Trinitatem,
440 3345 687 3444 quemadmodum
701 3360 799 3430 ¹docet
818 3360 997 3440 Apostolum
1025 3358 1064 3420 ita
1086 3363 1186 3420 sancta
1207 3356 1329 3418 Trinitas

232 3457 333 3520 eadem
355 3459 385 3520 in
408 3458 507 3538 scipsa
530 3468 577 3520 est
598 3466 627 3520 et
648 3477 750 3521 secum
774 3461 839 3540 ipsa
861 3460 1017 3522 coniuncta
1033 3465 1102 3532 est,
1136 3457 1210 3519 nihil
1234 3457 1264 3518 in
1293 3475 1327 3519 se

233 3559 374 3621 laetarum
397 3558 496 3634 habet,
519 3559 649 3638 haecque
666 3559 820 3623 Trinitatis
835 3561 934 3624 unius
956 3541 1105 3623 individua
1120 3566 1176 3634 est,
1200 3576 1316 3638 unaque
1343 3577 1344 3620 ι

230 3771 298 3843 ὑμῖν
313 3778 389 3828 abest.
424 3777 498 3827 tidem
521 3785 546 3826 et
569 3777 627 3840 itaq.
647 3779 669 3827 ι.
688 3787 745 3843 post
761 3792 818 3827 τοι·
870 3787 894 3830 οι
920 3779 976 3830 editi
1002 3770 1213 3845 ὑφαιρούμενος.
1262 3776 1315 3826 llos
1343 3789 1344 3838 ι

233 3843 301 3894 odra
324 3844 466 3910 particulam
491 3840 543 3910 ptr
566 3845 670 3905 addunt,
702 3861 763 3912 qnae
788 3848 817 3896 ab
869 3835 1101 3910 lleg.2.r'1habct.

232 3913 285 3972 aliis
303 3921 326 3962 ct
342 3912 413 3962 editis
431 3911 507 3962 abest.
903 3929 925 3976 q.
944 3913 1014 3964 Gobl.
1033 3922 1056 3963 οι
1074 3911 1178 3962 Telelm.
1198 3912 1221 3962 1.
1240 3903 1320 3960 οὐδέν
1343 3923 1344 3959 1

267 3979 283 4029 l.
301 3981 357 4041 neq.
375 3980 397 4030 l.
415 3980 513 4042 Sequar.
533 3979 630 4032 Gohlcr.
642 3985 665 4028 οι
677 3978 782 4030 Felclm.
795 3980 817 4030 l.
902 3981 926 4030 h.
945 3980 1002 4043 lter.
1016 3981 1038 4030 l.
1056 3980 1156 4042 Sequar.
1174 3979 1270 4030 Gobler.
1285 3979 1344 4028 etTt

232 4039 249 4106 ἦ
267 4039 303 4100 εἰς
318 4041 421 4106 ταύτην
437 4047 546 4108 (Gobler.
564 4055 589 4097 et
605 4045 712 4098 Talelm.
731 4046 753 4112 ,¹-
772 4039 818 4096 αι’)-
868 4039 985 4101 codron
1024 4047 1098 4098 Paulo
1115 4056 1172 4126 post
1189 4061 1234 4112 pro
1253 4039 1344 4112 dsdo'pt

233 4107 291 4174 τήν)
316 4109 521 4182 παραδιδομένη
546 4106 638 4181 φύσις.
673 4115 730 4176 lien.
743 4113 768 4164 2.
793 4123 818 4166 οι
868 4115 908 4166 sil.
926 4116 998 4167 ΙιοΙιοι
1015 4106 1209 4182 διαδιδομενον
1226 4113 1344 4176 ctllcq.1l

234 4179 313 4232 Ottob.
334 4183 370 4234 sic
388 4184 489 4234 hahent:
508 4175 523 4243 ἦ
541 4175 580 4236 atr
596 4171 683 4242 αὐτὴν
698 4173 817 4251 respode-
869 4175 992 4248 οὖμενον.

232 4243 331 4315 δομὲνιι
349 4245 442 4304 πίστις
458 4242 589 4301 συνάπτει
602 4249 642 4316 τῷ
659 4249 723 4316 θεῷ.
758 4250 817 4302 ibid.
902 4251 918 4300 i.
936 4251 977 4301 Sic
995 4250 1085 4314 lieni.
1103 4251 1203 4316 Sequar.
1223 4249 1294 4304 Gdbl.
1311 4253 1335 4298 et

233 4317 289 4378 itaq.
308 4317 329 4366 l.
347 4318 446 4380 Sequar.
465 4320 603 4372 Goblerian.
627 4327 652 4370 et
669 4320 775 4372 Tetclm.
795 4318 817 4374 l.
855 4317 901 4397 ¹¹¹,
929 4319 1009 4398 Cstgri
1027 4333 1082 4370 vcro
1100 4327 1124 4370 et
1140 4321 1198 4380 editi
1216 4311 1231 4380 ri
1251 4309 1317 4382 ἆγῖᾱ
1333 4323 1344 4357 ‘d

232 4395 302 4432 anon.
321 4384 410 4436 habent
427 4378 661 4453 ὑπεξαιρούμενος.
696 4388 742 4438 dlii
760 4401 816 4438 vcro
869 4382 937 4452 ιοτῇ
956 4397 1034 4442 nora,
1052 4381 1100 4436 sui
1116 4396 1160 4439 etc.

1193 4465 1252 4518 4¹1*
