3212 5060
509 261 617 304 οιιιιιιι
634 260 677 304 ιιι.
693 259 808 303 conam
823 259 957 302 unvruos.
1273 241 1332 304 561

97 419 218 482 Filium
246 417 388 488 hahetur,
420 412 520 476 nullus
550 411 702 473 dubitandi
724 410 808 473 locus
831 417 892 483 est,
922 409 994 489 quin
1016 409 1081 489 ipse
1103 409 1262 483 Dominus,
1286 408 1421 489 quiesco.

99 520 329 600 interrogabat,
353 516 382 578 id
403 515 487 596 prius
510 513 599 574 Petro
624 533 658 574 ex
680 514 766 574 Patre
789 513 976 584 revelaverit,
1006 510 1171 590 deindeque
1194 520 1226 572 ut
1247 512 1337 572 homo

101 619 358 702 interrogaverit,
391 635 450 695 quo
484 615 719 687 demonstraret,
755 633 805 688 ea,
839 613 876 674 de
904 613 1011 693 quihus
1035 613 1197 674 secuudum
1220 631 1338 674 carnem

102 723 320 786 sciscitabatur
348 726 377 780 et
404 735 478 797 quae
501 715 607 778 Petrus
637 725 700 778 erat
728 707 877 786 dicturus,
912 733 944 776 se
974 715 1135 776 secundum
1159 713 1339 775 divinitatem

104 827 231 906 cognita
252 821 372 885 babere.
416 819 579 880 Fatendum
602 835 672 897 ergo
696 826 750 890 est,
774 817 822 878 illa
838 817 1015 896 cognovisse
1030 817 1144 890 Filium,
1168 816 1217 894 qui
1235 833 1341 894 nempe

106 927 214 988 omnia
237 933 266 988 et
287 941 375 984 suum
395 921 513 983 Patrem
536 919 635 993 novit,
666 937 723 998 qua
744 919 841 980 Patris
871 919 1040 997 cognitione
1061 917 1134 978 nihil
1156 935 1227 978 sane
1249 915 1343 978 maius
1397 981 1403 993 ,

107 1035 163 1089 aut
185 1026 346 1108 perfectius
369 1041 437 1086 esse
459 1027 570 1102 potest.

201 1131 252 1192 47.
296 1127 335 1188 Et
355 1126 430 1186 haec
450 1123 569 1202 quidem
591 1121 741 1184 sufficiunt
762 1119 798 1184 ad
821 1121 887 1182 illos
903 1119 990 1201 plene
1005 1118 1194 1181 refellendos.
1223 1117 1345 1180 biberet

110 1239 213 1292 tamen
236 1230 310 1290 haec
331 1223 447 1289 ab'illis
469 1225 640 1304 requirere,
672 1243 730 1304 quo
761 1225 926 1285 evidentius
950 1222 1003 1296 sit,
1034 1241 1087 1284 eos
1111 1229 1141 1282 et
1161 1221 1291 1282 veritatis
1315 1229 1345 1282 et

111 1332 228 1394 Christi
250 1329 382 1392 nefarios
406 1329 509 1389 hostes
532 1345 618 1402 esse;
648 1325 760 1388 seilicet
780 1325 941 1406 Apostolus
965 1323 1093 1387 secunda
1116 1323 1151 1384 ad
1174 1321 1345 1382 Corinthios

112 1431 251 1512 Epistola
273 1431 313 1494 ita
334 1429 452 1492 scribit:
480 1428 552 1490 Seio
575 1428 723 1492 homiuem
744 1431 777 1490 ιιι
801 1428 921 1490 Christo
945 1439 1016 1488 οιιιο
1037 1444 1135 1490 conos
1158 1419 1346 1506 quatuorde-

113 1538 190 1609 eim,
220 1538 284 1597 sive
310 1538 342 1595 ire
371 1549 499 1612 corpore
528 1535 644 1606 nescio,
679 1534 742 1591 siue
771 1539 862 1594 estro
881 1547 1004 1608 corpus
1027 1531 1142 1598 nescio,
1172 1526 1254 1588 Deos
1277 1529 1343 1588 seit.

115 1633 197 1708 Quid
220 1653 290 1713 ergo
312 1633 361 1694 hic
382 1629 506 1694 dicitis?
527 1629 615 1692 Novit
635 1629 810 1710 Apostolus,
833 1630 903 1710 quid
928 1629 985 1690 sihi
1000 1629 1031 1690 in
1047 1628 1161 1690 visione
1176 1627 1342 1706 contigerit,

110 1737 183 1798 licet
205 1735 282 1798 dieat
302 1738 418 1806 ιοοοοιο,
441 1733 488 1796 vel
511 1751 571 1794 ιιοιι
593 1731 699 1795 noviti
737 1733 851 1795 Sinon
874 1732 997 1794 novisse
1020 1729 1223 1812 respondetis,
1246 1729 1344 1792 videte

110 1857 151 1900 ne
174 1836 327 1899 erroribus
350 1835 463 1898 assueti
486 1834 516 1896 ιιι
533 1834 679 1916 Phrygum
703 1853 820 1916 quoque
842 1834 1023 1916 impietatem
1046 1833 1193 1904 incidatis,
1217 1851 1343 1911 quorum

111 1959 223 2019 nempe
256 1938 403 2000 sententia
435 1947 498 2010 est,
533 1938 697 2017 Prophetas
726 1947 756 2000 et
783 1938 857 2000 alios
880 1938 967 2000 Verbi
990 1936 1185 1999 administros
1207 1933 1345 2013 ignorare

111 2051 177 2104 tum
200 2057 244 2115 es,
266 2059 340 2120 quse
362 2048 462 2119 egunt,
486 2049 550 2101 tum
572 2057 646 2118 quae
668 2041 854 2100 annuntiant.
893 2039 980 2110 Quod
1004 2037 1029 2098 si
1053 2045 1166 2108 nosset,
1190 2054 1256 2096 curn
1273 2035 1345 2097 dixit

113 2145 225 2214 ues‘or'o,
247 2142 357 2222 quippe
380 2141 428 2221 qui
446 2140 595 2202 Christum
618 2140 650 2200 iu
673 2139 775 2217 seipso
798 2137 856 2200 sibi
880 2139 979 2200 omnia
1004 2138 1227 2216 patefacientem
1250 2135 1333 2198 habe·

113 2251 176 2315 ret,
208 2260 246 2304 an
275 2260 338 2304 non
367 2259 472 2304 revera
503 2257 664 2319 perversus
687 2247 720 2300 et
740 2237 929 2300 damnatione
951 2255 1006 2318 per
1028 2255 1061 2298 se
1083 2222 1275 2314 dignissimus
1298 2243 1346 2326 est

113 2343 168 2405 Dei
190 2344 322 2404 hostium
350 2345 486 2413 animus,
520 2340 569 2418 qui
598 2339 773 2420 Apostolum
797 2338 943 2400 dicentem
965 2341 1064 2400 nescio
1088 2338 1165 2400 scire
1188 2335 1285 2412 aiunt,
1315 2343 1345 2400 et

114 2443 274 2506 Dominum
297 2441 434 2504 similiter
455 2440 601 2504 dicentem
625 2445 724 2504 nescio
751 2439 867 2525 nescire
895 2439 1099 2503 contendunt?
1143 2438 1216 2500 Nam
1247 2438 1273 2501 si
1296 2457 1343 2514 co,
1375 2507 1382 2522 ‚

116 2543 197 2625 quod
219 2542 354 2606 Christus
376 2543 407 2605 in
429 2541 479 2604 illo
503 2553 600 2620 esset,
624 2543 710 2606 scivit
730 2542 840 2606 Paulus
863 2562 913 2616 ea,
936 2561 1009 2623 quae
1033 2562 1066 2605 se
1088 2543 1204 2606 nescire
1226 2541 1282 2614 ait,
1305 2559 1343 2602 au

116 2663 178 2708 uon
199 2646 292 2708 multo
313 2644 408 2724 magis
433 2645 489 2707 scit
510 2645 658 2726 Christus,
681 2646 750 2708 licet
770 2665 803 2708 se
825 2643 943 2708 nescire
965 2643 1068 2707 dicat?
1100 2645 1201 2724 ltaque
1224 2642 1342 2706 Christo

117 2747 308 2829 patefaciente
328 2758 453 2810 noverat
473 2749 652 2830 Apostolus,
682 2747 751 2828 quid
781 2747 837 2812 sibi
866 2747 1032 2821 evenisset;
1063 2747 1209 2826 siquidem
1231 2743 1342 2807 idcirco

118 2850 180 2928 ipse
203 2849 257 2910 ait:
292 2847 361 2911 Scio
385 2849 587 2913 dominemini
612 2849 742 2912 Christo.
786 2849 859 2922 Nam
882 2849 931 2928 qai
954 2847 1104 2910 homiuem
1126 2854 1259 2920 noverat,
1282 2862 1344 2906 non

120 2966 189 3010 saue
210 2946 374 3025 ignorabat,
398 2967 526 3028 quonam
549 2950 639 3011 modo
661 2959 764 3030 raptus
786 2949 894 3012 luisset
915 2949 964 3011 ille
979 2950 1080 3010 homo.
1112 2949 1246 3010 Elizaeus
1262 2946 1343 3019 item,

120 3045 170 3127 qui
191 3045 283 3108 liliam
305 3046 335 3108 in
358 3048 468 3110 caelum
491 3049 555 3129 rupi
577 3049 660 3124 vidit,
683 3059 805 3112 noverat
827 3069 899 3112 sane
914 3049 1064 3130 quomodo
1080 3057 1231 3111 assumtus
1246 3054 1343 3120 essem

120 3155 246 3210 attamen
268 3149 402 3228 quamvis
430 3150 459 3212 id
487 3169 548 3214 non
580 3151 748 3230 ignoraret,
782 3153 851 3214 filiis
882 3152 1099 3231 Prophetarum
1132 3145 1343 3212 arbitrantibus
1425 3147 1429 3156 '

119 3249 210 3312 Elium
231 3250 261 3312 ιιι
285 3249 410 3331 aliquem
438 3253 585 3316 montium
612 3273 629 3318 e
658 3255 769 3334 Spiritu
797 3253 963 3334 proiectum
995 3253 1103 3327 tuisse
1136 3251 1184 3313 ille
1213 3249 1426 3330 inquamnsm.

121 3351 167 3431 qui
188 3351 273 3414 initio
301 3361 440 3429 noverat,
456 3357 549 3435 'quod
577 3357 707 3432 viderat,
738 3373 830 3436 esque
852 3356 944 3418 dere
966 3355 1033 3417 illos
1056 3355 1164 3418 lecerat
1186 3352 1340 3426 certiores,

89 3453 221 3540 ‚iisdem
254 3453 423 3533 importune
456 3458 631 3537 urgentibus
661 3466 691 3522 et
719 3457 894 3538 cogentibus
926 3457 1068 3520 οοιιιιοιιιι
1096 3464 1125 3518 et
1154 3453 1235 3516 abire
1263 3451 1341 3515 sivit
1383 3439 1385 3444 ¹

121 3554 194 3616 Num
216 3573 301 3634 ergo,
320 3555 392 3636 ‘quia
414 3558 570 3646 οοιιιιοιιιι,
594 3559 745 3624 nescivit?
782 3561 868 3623 Certe
891 3560 992 3632 scidta
1020 3559 1073 3622 sed
1096 3577 1150 3620 eos
1172 3555 1256 3639 quasi
1278 3574 1341 3617 rem

122 3657 184 3737 ipse
204 3656 334 3721 nesciret
359 3659 487 3734 dimisit,
521 3671 553 3724 ut
582 3664 700 3726 taudem
731 3663 867 3745 persuasi
885 3681 959 3726 Ιιιοιι
981 3661 1107 3742 amplius
1130 3659 1167 3722 de
1188 3645 1269 3719 Elias
1291 3675 1341 3720 as-

155 3809 171 3860 l.
189 3809 245 3860 lide
263 3810 381 3874 Epipbsn.
400 3812 466 3862 beer.
485 3813 525 3862 48.
754 3809 909 3884 bXproro'c.
947 3815 992 3864 dlii
1006 3823 1028 3865 οι
1041 3816 1098 3864 editi
1110 3803 1176 3862 adri
1187 3802 1341 3878 ὄΧριστός.

155 3891 175 3938 g.
192 3877 232 3928 Sic
249 3877 304 3939 lieg.
327 3879 348 3927 l.
367 3879 573 3942 Sequardiohler.
585 3883 702 3932 eti’elclv·
789 3886 810 3934 ι.
830 3885 885 3944 neg.
897 3884 918 3934 l.
938 3883 1037 3946 Seguer.
1057 3881 1303 3934 contererentur.
1319 3881 1341 3930 l.

123 3945 197 4022 manni
217 3945 239 4026 l:
276 3946 337 4026 quiri
356 3961 411 4023 verb
429 3939 459 3995 ἐν
476 3941 550 4013 αὐτῷ
568 3942 618 3996 τὸν
634 3951 702 4018 Χρι-
754 3949 803 3999 τοῦ
819 3953 921 4018 κυρίου.
958 3951 1036 4001 Ceteri
1063 3960 1087 4000 οι
1116 3951 1172 4000 eddi
1199 3946 1249 3996 τοῦ
1273 3938 1342 3996 υἱοῦ.

124 4025 185 4060 σοον
208 4027 258 4061 τον
280 4010 512 4066 minorantem.
549 4017 623 4066 Paulo
647 4026 704 4082 pust
754 4018 806 4067 lior
826 4020 882 4080 lieg.
904 4020 925 4068 l.
950 4027 973 4068 οι
991 4019 1091 4078 Segoer.
1107 4012 1162 4082 reip
1180 4011 1226 4065 καί
1243 4027 1337 4080 φησιν.

124 4081 175 4139 ιιοιι.
193 4081 215 4158 l.
238 4081 378 4144 Segestica.
397 4085 494 4134 Gohler.
514 4092 537 4133 et
555 4085 660 4134 i'elchnr.
680 4085 702 4134 l.
754 4087 800 4135 tui
818 4097 841 4136 οι
860 4087 916 4138 editi
933 4079 988 4151 γάρ
1007 4097 1101 4152 φησιν,

122 4149 271 4214 deopertum
291 4150 370 4200 Ceteri
383 4158 407 4202 οι
420 4144 716 4218 οιιιιΧριοτομάχων.’
789 4152 805 4201 l.
824 4154 879 4215 lice.
900 4155 922 4204 l.
940 4162 964 4204 et
983 4157 1081 4216 Sequar.
1101 4143 1158 4202 οἶδε
1175 4149 1240 4212 πῶς.
1426 4175 1436 4210 ,
1472 4195 1480 4214 ‚

155 4217 176 4292 h.
194 4217 248 4290 lleg.
260 4217 282 4266 l.
301 4219 401 4280 Seguer.
420 4220 510 4270 Gobler
531 4221 667 4272 otiolekur.
681 4219 703 4272 l.
788 4235 820 4270 m.
838 4217 898 4286 μέν
907 4224 975 4272 obest
992 4238 1007 4270 ιι
1025 4222 1096 4272 besil.

123 4293 278 4348 qamouorr.
313 4285 358 4336 htii
376 4295 399 4336 οι
418 4289 474 4338 editi
492 4283 624 4352 λέγουσιν.
789 4305 812 4338 ιι.
832 4290 1011 4352 castulonis
1037 4300 1060 4342 οι
1084 4290 1189 4340 Felchm.
1208 4287 1231 4335 5.
1250 4273 1341 4332 tmu-

129 4409 141 4430 v
155 4353 169 4400 i.
185 4353 240 4414 lieg.
260 4353 282 4402 l.
301 4361 324 4403 οι
341 4355 481 4416 Seguerlso.
498 4349 590 4417 turarii
608 4366 637 4408 et.
650 4371 703 4408 ιιιοι
755 4367 832 4404 σωοι.
872 4357 945 4408 Paulo
969 4367 1023 4422 pom
1048 4369 1148 4422 vivetque
1167 4357 1223 4414 aeg.
1242 4353 1340 4426 Serum,

125 4415 281 4484 ‘thiodfred
318 4421 363 4472 hlii
388 4432 411 4472 et
433 4425 489 4474 editi
513 4417 572 4492 lael
595 4433 618 4476 et
636 4415 703 4491 ὅπερ
754 4421 827 4474 basil.
852 4427 948 4476 Gotler.
973 4435 996 4476 οι
1020 4427 1124 4475 ιοιοιιπι.
1145 4423 1166 4472 1.
1186 4427 1209 4468 οι
1227 4418 1249 4466 5.
1267 4409 1340 4463 uiro

125 4481 197 4548 Myer.
229 4486 472 4554 rnutopoutugm.
490 4495 604 4557 elsegu.
621 4485 704 4546 atris
755 4483 892 4560 ἆρπαγειο.
928 4493 954 4544 ln
973 4493 1027 4546 eliis
1045 4501 1068 4542 et
1086 4491 1156 4542 editis
1175 4479 1189 4534 ι
1208 4485 1282 4532 dett!-

157 4571 279 4620 trainam
289 4583 342 4617 err.
351 4586 421 4620 ιοοι.
434 4589 483 4623 ιιι.
1104 4573 1138 4623 ³⁰
