3090 5048
553 255 715 300 omniurn.
732 253 999 298 commentarios.
1305 243 1367 306 605
1452 223 1454 229 Α

139 409 221 470 suri:
244 405 318 480 „En
342 422 417 484 quae
438 403 598 484 gignimus,
621 423 682 466 non
703 402 862 466 voluntatis
885 412 965 476 sunt,
988 403 1149 468 sednostri
1166 417 1236 472 sunt
1250 409 1455 482 similiantta.

140 527 269 589 „neque
295 507 380 586 prius
406 506 598 570 deliberando
620 515 721 587 patres
744 505 904 578 ellioimur,
928 505 980 566 sed
1004 505 1124 585 gignere
1145 509 1299 588 proprium
1322 521 1370 574 est

141 618 303 686 „naturae
326 607 565 688 qnandoquidem
587 625 644 668 nos
668 625 786 687 quoque
808 606 865 686 ipsi
886 615 1044 686 parentum
1067 625 1172 670 eumue
1194 608 1369 689 imagines.“

140 712 196 774 Vel
219 729 290 789 ergo
313 709 432 788 seipsos
456 709 665 782 condemnent,
688 717 718 768 et
740 707 879 769 mulieres
901 709 938 770 de
952 707 1027 770 lttlto
1043 708 1096 770 Dei
1118 709 1256 770 desinant
1275 711 1369 772 inter-

33 839 38 860 ·
139 831 267 891 rogare3
290 809 335 872 rel
357 819 437 871 certe
459 808 495 869 ab
517 809 592 888 ipsis
615 809 740 880 diseunt,
762 827 824 870 non
847 809 997 872 voluntate
1019 811 1073 872 sed
1095 813 1200 874 uaturt
1224 819 1254 870 et
1267 829 1370 874 revera

139 913 237 976 fllium
264 911 354 992 gigni.
395 911 529 990 Aequum
558 909 637 972 enirn
666 917 713 970 est
739 929 792 971 eos
820 911 1003 988 argumentis
1026 929 1067 998 'er
1090 911 1243 974 bominum
1267 919 1371 975 natura

141 1015 245 1094 petitis
267 1011 372 1085 relelli,
395 1010 446 1090 qui
468 1012 595 1096 bumana
618 1011 656 1072 de
676 1011 830 1072 divinitate
851 1012 987 1090 improbe
1000 1013 1151 1090 cogitant:
1189 1014 1266 1086 Quid
1282 1013 1371 1093 igitur

141 1116 239 1178 adbuc
265 1112 419 1176 insaniunt
446 1112 556 1174 Christi
584 1110 714 1174 bosus?
756 1111 831 1174 Nam
859 1113 936 1174 bano
964 1112 1083 1176 illorum
1111 1114 1257 1181 rationem
1287 1123 1372 1178 utet

141 1217 216 1278 alios
238 1233 344 1276 omnes
368 1214 554 1276 ostendimus
577 1233 611 1276 ao
633 1212 814 1275 convicimus
837 1214 910 1275 nihil
930 1215 990 1276 nisi
1011 1215 1125 1278 labulas
1148 1224 1177 1276 et
1190 1233 1270 1278 mera
1286 1235 1371 1278 eom-

140 1326 244 1404 meuta
267 1333 345 1378 esse.
392 1315 467 1376 Sero
488 1315 581 1394 igitur
602 1314 706 1376 saltem
723 1315 966 1394 animadvertant,
982 1305 1012 1376 in
1026 1325 1168 1396 ¹quautam
1182 1317 1370 1397 insipientiae

138 1418 313 1498 voraginem
335 1434 403 1478 sese
424 1415 691 1495 praecipitaverint,
713 1433 748 1477 aa
759 1417 872 1478 nostris
887 1417 1103 1480 monitionibus
1119 1419 1236 1480 eroimi
1251 1421 1455 1486 tandemnora.

70 1599 76 1604 -
140 1521 213 1582 inde
234 1518 381 1580 festinent
402 1535 555 1596 emergere
577 1535 669 1596 seque
692 1535 727 1580 ex
750 1516 859 1580 diaboli
880 1517 995 1598 laqueis
1019 1519 1167 1598 expedire.
1214 1519 1369 1600 Siquidem

139 1621 270 1700 benigna
292 1627 339 1681 est
360 1617 480 1692 veritas,
503 1637 579 1697 quae
600 1618 720 1679 assidue
744 1618 863 1682 elamat:
886 1620 919 1681 Si
941 1619 1012 1680 mibi
1026 1620 1066 1681 ob
1081 1621 1216 1700 eorporis
1232 1622 1370 1686 ominum

139 1741 203 1784 non
224 1719 356 1794 mellitis,
381 1721 523 1800 operibat
546 1719 655 1783 saltent
676 1721 798 1791 medita
820 1731 856 1783 att
877 1725 1076 1806 cognoscatis,
1100 1727 1171 1804 ptu'o
1193 1723 1371 1803 190111111-

140 1833 202 1892 tre,
219 1834 249 1886 et
269 1821 365 1884 Pater
395 1825 428 1882 in
449 1838 495 1882 ata
518 1831 579 1896 eat,
609 1829 640 1881 et
661 1838 713 1899 ago
737 1831 766 1883 et
787 1820 881 1883 Pater
902 1840 998 1883 onom
1020 1841 1140 1895 sumus,
1172 1833 1202 1886 et
1223 1831 1277 1906 poi
1296 1827 1372 1890 1111111

139 1943 196 1996 sta,
219 1925 294 1986 aldit
314 1922 447 1985 Patron.
492 1920 601 1982 Verum
623 1919 768 1982 Dominus
797 1923 918 2000 quidem
944 1940 1002 2001 pro
1023 1943 1108 1986 more
1131 1943 1187 1987 suo
1210 1926 1371 1990 elementer

140 2025 204 2105 agit
224 2032 255 2085 et
273 2041 381 2085 omnes
404 2021 497 2084 absos
520 2021 622 2101 erigit,
651 2029 685 2082 ut
712 2019 754 2082 ait
773 2021 882 2095 David,
912 2031 942 2084 at
961 2025 1045 2104 impii
1067 2025 1245 2086 dominicam
1267 2045 1371 2088 vocem

139 2126 278 2189 nolentes
307 2124 411 2186 audim
432 2142 489 2185 neo
510 2125 642 2184 serentes
664 2121 823 2182 bonunum
844 2123 937 2184 Deum
961 2133 991 2185 et
1011 2125 1064 2186 liei
1086 2123 1192 2186 Filium
1214 2125 1311 2203 palam
1333 2125 1371 2186 ab

139 2227 281 2291 omnibus
310 2224 432 2305 agnosci
459 2224 549 2286 veluti
577 2222 728 2294 scarabaei
756 2239 822 2282 oum
852 2240 908 2284 suo
938 2231 1022 2300 petre
1044 2223 1162 2284 diabolo
1184 2223 1287 2286 miseri
1309 2223 1370 2285 oin·

138 2337 290 2400 cumeum,
312 2335 345 2390 ut
365 2345 443 2388 nova
465 2325 627 2407 impietatis
649 2323 868 2385 ooniirmaodae
891 2321 1042 2402 reperiant
1063 2332 1245 2402 argumenta.
1291 2323 1370 2397 Quid

139 2431 232 2509 igitur
254 2428 331 2491 ultra
351 2427 398 2490 vel
419 2429 501 2490 uude
524 2426 658 2488 invenire
679 2425 815 2504 possint,
837 2422 897 2486 nisi
919 2443 939 2486 a
957 2424 1074 2486 ludaeis
1097 2433 1127 2487 et
1148 2425 1257 2506 Gnipho
1279 2425 1370 2506 impia

142 2535 317 2604 mutuentur
343 2527 497 2590 maledieta
525 2539 554 2589 et
576 2544 643 2588 eum
665 2515 830 2587 Gentilibus
852 2543 954 2586 verum
976 2525 1070 2588 lleum
1092 2526 1223 2606 negent?
1267 2527 1369 2607 Siqui-

141 2629 210 2692 dem
232 2629 348 2692 drusae
370 2627 429 2692 illis
453 2635 523 2690 suut
544 2627 659 2690 dinnao
682 2626 872 2705 scripturae,
892 2645 927 2688 ex
950 2627 1058 2706 quibus
1078 2627 1214 2690 videlieet
1235 2638 1266 2690 et
1287 2611 1369 2691 stulti

140 2742 172 2796 et
193 2730 306 2796 Christi
326 2731 429 2793 boatus
453 2747 521 2792 esse
543 2729 626 2790 omni
649 2746 683 2790 ex
704 2735 789 2808 parte
811 2737 882 2789 suat
904 2730 1042 2790 eonvioti.

431 3149 633 3213 EIUSDEM
660 3147 1074 3212 nonnullatenus

627 3269 738 3319 onrrro
759 3268 884 3327 ournrt.

230 3407 258 3465 1.
300 3403 346 3463 Ex
371 3401 433 3464 ileo
456 3401 534 3464 Deus
564 3410 609 3464 est
630 3401 774 3474 Verbum,
801 3419 929 3480 namque
956 3400 1038 3463 Deus
1061 3410 1129 3461 erat
1154 3398 1289 3462 Verbum.
1333 3398 1371 3460 Et

67 3547 73 3558 .
139 3522 262 3600 rursus:
289 3504 429 3578 Quorum
448 3514 571 3585 potres,
594 3516 623 3566 et
644 3523 683 3566 aar
703 3503 810 3585 quibus
835 3502 991 3574 Christus,
1015 3506 1068 3582 gui
1086 3513 1132 3564 tet
1153 3519 1248 3581 super
1271 3505 1371 3564 ornatio

174 3658 191 3706 i.
215 3657 272 3718 lleg.
290 3655 313 3706 1.
336 3665 362 3706 et
377 3655 477 3718 Segoar.
494 3648 598 3722 sipon.
632 3656 678 3706 atti
707 3663 731 3705 et
780 3647 870 3702 eatan
884 3648 932 3702 arai
948 3651 1004 3702 τοῦ.
1040 3653 1100 3703 lbid.
1115 3647 1372 3715 seguoruovstaor-

139 3725 199 3775 editi
216 3717 350 3789 Χριστόν.
721 3735 723 3740 ·
781 3735 836 3770 aar.
872 3722 917 3772 1111
937 3730 960 3772 et
978 3721 1033 3770 editi
1053 3715 1234 3769 δανείσονται.

115 3837 121 3846 ,
174 3817 197 3865 ι
216 3816 359 3878 speum·
379 3816 519 3878 etsagum
554 3816 729 3867 Atinflobper·
815 3805 839 3838 n.
858 3791 956 3850 Seguer.
976 3790 1039 3838 butte
1052 3789 1123 3838 babet
1138 3780 1372 3838 titutunzrotai-

139 3883 287 3934 etl'eleltm.
308 3883 329 3932 1.
349 3877 480 3938 tessine,
499 3883 687 3933 inaliisautem
707 3891 730 3932 et
782 3848 967 3934 f⁰5²67⁰9.‘'
1004 3857 1090 3918 Rem
1109 3858 1296 3934 ‘lumprimi’m
1308 3857 1371 3934 im:

782 3933 847 3974 tuone
865 3938 990 3988 superiore
1009 3924 1192 3988 appellabamus
1216 3937 1265 3972 rou
1286 3937 1370 3972 aaron

781 3999 888 4050 tontum,
912 3992 955 4040 aad
979 3991 1041 4040 idem
1067 3993 1089 4040 in
1109 3992 1190 4042 Iudice
1208 3993 1274 4041 addit
1290 3984 1372 4056 λόγος

781 4053 920 4136 sinopeos.
958 4059 1022 4107 liaeo
1046 4067 1124 4108 autent
1149 4061 1231 4108 Oratio
1250 4061 1273 4108 in
1292 4059 1369 4134 altero

173 4167 190 4219 ι.
208 4162 291 4218 ao
308 4170 377 4220 oo
395 4185 408 4220 ·
427 4169 484 4230 n-
505 4169 526 4218 ι.
546 4175 569 4218 ιι
586 4167 687 4229 sen.
777 4126 1083 4260 laetentib-
1097 4126 1371 4254 alemans

173 4277 206 4312 m.
225 4251 265 4313 ste
283 4263 381 4314 Gobler.
401 4268 424 4310 et
442 4261 546 4310 Feleltm.
567 4259 589 4310 1.
624 4259 728 4324 Atlleg.
780 4261 838 4306 νεᾶν
861 4255 942 4322 λόγος
963 4206 1047 4312 ἕως.
1094 4261 1150 4309 vite
1176 4259 1368 4322 Admonitionem

139 4330 163 4380 1.
189 4325 266 4395 παρὰ
288 4324 342 4408 μέγ
361 4321 576 4406 ’11111δαὶ11νῖτοῦ
598 4319 726 4406 1,(αϊάφξε.
781 4327 912 4404 pagfltlil.
938 4325 1004 4408 [pag.
1024 4327 1080 4376 141.
1094 4323 1231 4406 1111111]
1257 4338 1322 4373 num.
1342 4322 1367 4371 2.

136 4397 238 4458 Sagoer.
261 4410 339 4464 παρα
361 4390 414 4462 μὲν
437 4409 494 4443 των
520 4389 655 4444 leolum
673 4409 730 4442 των
779 4395 872 4456 lnglm.
895 4407 965 4443 κατα
981 4393 1124 4463 Λρειινων
1140 4389 1221 4456 loyor
1238 4389 1305 4440 nullo
1323 4389 1367 4440 ad-

137 4461 196 4512 τοῦ.
234 4465 279 4514 1111
302 4472 327 4514 et
344 4465 418 4515 editio
437 4455 729 4530 commensurantes
780 4463 830 4512 dito
848 4477 958 4512 numero.

138 3951 213 4002 editis
230 3943 265 4002 oi.
300 3951 391 4001 lbirlam
410 3952 467 4013 lleg.
480 3951 501 4000 1.
522 3959 545 4000 et
562 3953 661 4012 Segner.
679 3963 731 3998 nu-

136 4011 345 4098 nejus-lomois.
392 4019 471 4069 Ceteri
496 4024 519 4067 et
542 4019 598 4069 editi
624 4013 731 4084 πατρὸς

139 4099 243 4134 aanor.
