3174 5082
425 314 570 356 earsrncs
586 315 624 356 ne
638 314 781 360 necaerts
798 315 941 384 arctasse
958 316 1076 360 srnonr.
1321 304 1361 368 ‘tt

103 467 199 530 dean
225 464 304 527 baud
326 463 419 526 multe
441 472 511 545 post
533 443 662 524 laturum
686 475 740 540 est,
763 473 796 528 ut
817 465 906 528 iidem
929 467 965 528 ad
987 467 1109 530 iniurias
1134 487 1167 528 se
1190 487 1224 530 se
1239 482 1449 533 conam-ems.

106 577 213 642 tant3
242 565 411 648 deindeque
438 564 590 628 cohortem
614 574 642 626 et
665 565 813 630 tribunum
836 568 924 630 nobis
947 569 1176 632 minitabantur:
1205 569 1253 632 bis
1283 570 1362 636 enirn

108 678 198 731 tota
221 668 357 732 innititur
378 685 517 746 perversa
537 668 654 730 illerum
678 669 820 732 doctrina.
864 670 976 754 Nempe
991 681 1150 752 postquam
1166 671 1218 733 llei
1235 671 1365 736 Verbum

47 846 55 860 ¹
112 771 200 834 sive
228 769 375 831 rabonem
396 765 799 843 caecarunt,1neritissimo
822 773 904 834 omni
924 791 1049 852 prorsus
1070 775 1185 838 rabone
1206 782 1277 838 sunt
1298 775 1364 855 pri·

115 871 206 932 vati.
252 870 336 943 Quae
357 867 475 948 quidem
498 885 565 930 cunr
588 869 659 930 mibi
682 869 799 952 penitus
823 882 923 933 essent
945 883 1107 966 perspecta,
1131 875 1204 940 nibil
1224 877 1361 956 prolecto

119 970 198 1042 illis
226 970 460 1049 respondissem.
504 971 613 1032 Verum
641 971 711 1050 quia
734 981 782 1032 ιιι
805 955 916 1034 Caritas
937 993 986 1047 aa,
1007 994 1081 1054 qnae
1103 977 1134 1038 in
1155 978 1274 1057 Synodo
1294 986 1393 1042 anter.
1400 993 1447 1036 ιιι.

122 1082 219 1148 sunt,
242 1072 319 1135 scire
341 1091 377 1134 er
398 1091 446 1134 me
468 1071 569 1145 voluit,
591 1089 653 1134 rem
676 1071 881 1136 diutiusnnlai
897 1073 1025 1149 differre,
1048 1076 1102 1137 sed
1115 1079 1271 1142 confestim
1285 1099 1361 1160 qnae

123 1181 318 1254 susspecta
347 1181 419 1236 sum
445 1182 514 1236 nota
541 1173 596 1234 leci
625 1175 789 1255 paucisque
810 1175 1026 1250 demonstrari,
1059 1195 1145 1258 quant
1167 1198 1183 1240 a
1204 1189 1283 1242 recta
1304 1181 1362 1246 lide

124 1275 243 1356 procul
271 1275 311 1337 sit
331 1274 436 1338 Ariana
463 1276 613 1350 haeresis,
642 1275 743 1354 nilque
771 1275 851 1338 aliud
879 1275 947 1337 illos
977 1277 1034 1338 nisi
1056 1296 1128 1340 vans
1152 1279 1258 1359 effugia
1279 1299 1361 1344 com.
1452 1334 1456 1343 .

127 1376 267 1438 minisci.
312 1377 356 1440 Τιι
378 1395 486 1458 porro,
515 1377 686 1449 carissime,
711 1377 776 1439 vide
798 1397 835 1440 an
858 1396 921 1440 non
943 1378 982 1440 ita
1005 1397 1038 1442 se
1060 1398 1110 1440 res
1132 1379 1247 1442 babeat.
1292 1379 1364 1444 Nam

130 1479 166 1542 si
187 1478 235 1549 bis
258 1479 314 1558 ipsi
337 1479 498 1551 confidunt,
511 1497 596 1564 ‘quae
618 1487 740 1540 auctore
764 1487 793 1541 et
815 1479 997 1542 seminatore
1019 1479 1138 1542 diabolo
1155 1499 1297 1560 perverse
1312 1499 1364 1546 ex-

131 1581 311 1660 cogitavere,
333 1589 461 1660 purgent
484 1599 517 1640 se
539 1580 623 1659 prins
646 1579 683 1640 de
705 1579 762 1642 illis
787 1580 957 1655 erroribus,
980 1591 1104 1662 propter
1126 1601 1201 1662 quos
1224 1583 1364 1646 baeretici

128 1691 206 1746 sunt
227 1681 379 1754 declarati,
403 1700 437 1744 ac
458 1681 565 1743 deinde
588 1700 662 1761 quae
685 1691 786 1774 eontra
810 1701 844 1744 se
866 1683 985 1744 decreta
1008 1691 1088 1754 suut,
1112 1682 1137 1743 si
1160 1684 1281 1763 possint
1302 1685 1362 1748 cri-

128 1783 294 1848 minentur.
345 1783 440 1846 Nemo
477 1783 556 1844 enim
590 1783 740 1846 homicidii
778 1793 828 1848 aut
855 1784 989 1848 adulterii
1019 1783 1170 1847 convictus
1198 1784 1245 1848 ins
1273 1785 1364 1848 babet

129 1895 207 1967 post
234 1883 375 1948 iudicium
404 1885 581 1948 sententiam
609 1886 714 1948 iudicis
738 1885 927 1960 critniuantli,
956 1905 1007 1948 cur
1029 1905 1136 1966 nempe
1158 1905 1218 1948 non
1242 1886 1287 1949 sic
1308 1887 1363 1950 sed

131 1987 182 2050 sic
208 1986 447 2048 miserearis.
491 1988 624 2067 Namque
648 1987 675 2048 id
699 2007 781 2061 eum,
805 1989 854 2067 qui
878 1988 966 2050 luerit
987 1987 1217 2062 condemnatus,
1239 1987 1361 2050 minime

62 2149 66 2156 ,
130 2087 313 2162 liberaverit,
338 2089 391 2150 sed
413 2090 514 2169 potius
537 2089 603 2150 eins
627 2089 710 2170 culpa
733 2089 903 2152 huiusmodi
926 2087 1092 2152 temeritate
1114 2097 1144 2152 et
1164 2087 1283 2150 audacia
1306 2107 1362 2150 au·

129 2196 230 2270 geter.
278 2187 320 2252 illi
343 2208 414 2268 ergo
438 2190 574 2254 similiter
596 2191 640 2252 rel
664 2191 822 2252 ostendant
845 2209 877 2252 se
899 2190 947 2271 pie
964 2191 1091 2264 sentire;
1113 2189 1258 2270 siqnidem
1273 2208 1363 2253 sccu-

129 2291 191 2354 sati
221 2289 347 2354 convicti
377 2299 463 2365 sunt,
492 2312 558 2356 cum
591 2291 663 2354 nillil
686 2299 771 2354 antea
794 2301 895 2356 essem
917 2291 1087 2371 conquesti:
1117 2309 1243 2370 aequum
1263 2299 1363 2354 autem

130 2401 181 2454 est
209 2410 274 2460 eos.
298 2392 348 2473 qni
370 2404 559 2466 accusantur,
588 2395 660 2454 nihil
684 2393 762 2454 aliud
785 2411 872 2470 agere
895 2409 982 2470 quam
1005 2399 1038 2452 ut
1060 2410 1093 2450 se
1116 2391 1291 2466 defendant3
1317 2389 1365 2452 vel

132 2495 162 2554 si
185 2492 337 2556 sordidata
359 2495 483 2556 connati
506 2493 684 2558 conscientia
709 2511 792 2556 susm
815 2492 996 2573 impietatem
1018 2499 1191 2572 agnoscunt,
1215 2490 1365 2570 usigitur

135 2593 257 2674 culpent
285 2612 359 2674 quae
388 2595 538 2676 ignorant,
569 2617 606 2658 ne
628 2597 704 2658 lorte
726 2595 783 2675 ipsi
806 2593 1004 2674 duplexzinde
1027 2591 1135 2654 ιιιιιιιιι
1158 2611 1260 2658 secum
1279 2593 1363 2656 sets-

132 2703 216 2770 rant‚
246 2695 406 2778 impietatis
429 2699 517 2761 simul
541 2711 571 2760 et
591 2697 774 2778 ignorantiae
797 2696 902 2760 merito
924 2693 1122 2758 condennrati.
1166 2693 1241 2755 Rem
1262 2695 1363 2774 potius

133 2797 269 2861 studiose
285 2800 467 2880 expendant,
491 2809 523 2861 ut
544 2800 602 2872 bis,
625 2818 700 2880 quae
721 2798 804 2878 prius
826 2796 1009 2870 nesciebant,
1030 2795 1157 2876 cognitis
1170 2793 1277 2874 impias
1292 2812 1364 2858 suas

138 2917 228 2960 aures
256 2899 389 2961 veritatis
417 2900 495 2960 unda
524 2908 552 2959 et
579 2881 698 2976 pietatis
721 2899 867 2976 dogmatis
890 2897 1007 2976 possint
1028 2896 1160 2958 abluere.
1203 2895 1252 2958 Sic
1273 2895 1364 2974 igtur

142 2998 174 3056 in
196 2997 323 3056 Nicaeae
344 2997 464 3074 Synodo
487 3015 555 3072 erga
577 2995 761 3058 Eusebianos
785 3004 882 3056 actum
904 3005 960 3056 est.
1406 2997 1409 3008 ‘

227 3199 257 3261 3.
303 3196 339 3258 Ut
361 3203 446 3258 erant
469 3195 497 3256 in
521 3214 574 3257 sua
597 3193 747 3274 impietate
768 3195 935 3274 pertinaces
950 3193 1204 3286 moliebanturqne
1218 3212 1283 3258 cum
1297 3195 1367 3275 ipso

135 3299 199 3362 nso
221 3317 366 3379 pugnare,
389 3297 429 3360 ita
451 3315 526 3376 quae
548 3297 585 3360 ab
609 3297 652 3358 eis
675 3295 857 3368 dicebantur,
878 3295 965 3376 plena
988 3303 1073 3358 erant
1088 3293 1256 3374 impietatis.
1292 3293 1365 3378 lipi-

135 3400 221 3482 scopi
242 3407 358 3473 autem,
382 3398 432 3480 qni
456 3398 571 3462 tricenti
594 3398 662 3478 plus
684 3397 783 3482 minus
806 3405 1019 3470 convenerant,
1054 3404 1209 3458 mansuete
1234 3415 1269 3478 ac
1290 3416 1364 3478 per-

135 3503 305 3564 humaniter
326 3501 362 3564 ab
385 3501 444 3567 illis
466 3500 663 3582 postularunt,
687 3508 720 3561 ut
741 3500 778 3560 de
793 3499 850 3572 bis,
874 3517 948 3578 quae
963 3498 1110 3572 dicebant,
1132 3497 1276 3564 munnam
1287 3499 1362 3564 red-

138 3604 243 3668 derent
265 3603 385 3684 piasque
408 3604 549 3666 afferrent
571 3585 854 3688 demonstrationes.
899 3601 956 3674 Qui
980 3609 1012 3664 ut
1033 3601 1080 3662 ιιι
1094 3599 1176 3680 loqui
1189 3609 1362 3682 coeperunt,

136 3703 304 3784 dignissimi
325 3705 381 3768 visi
405 3703 533 3766 suntab
557 3703 696 3764 omnibus
718 3703 768 3782 qui
791 3703 1074 3776 condemnarentur3
1103 3700 1162 3782 ipsi
1184 3702 1262 3764 enim
1285 3703 1363 3766 inter

136 3827 170 3870 se
193 3805 409 3868 altercabantur
431 3805 586 3885 agnitaque
608 3823 680 3867 suae
701 3803 835 3868 haeresis
858 3804 994 3866 futilitate
1017 3803 1091 3865 muti
1106 3801 1318 3882 permanebant
1331 3811 1364 3866 et

137 3926 193 3970 suo
217 3907 334 3970 silentio
356 3925 517 3988 perversae
538 3905 703 3968 sententiae
724 3905 938 3987 turpitudinem
960 3903 1136 3968 fatebantur.
1173 3904 1274 3984 ltaque
1289 3903 1363 3986 Epi·

138 4008 222 4089 scopi
245 4008 405 4082 vocabulis,
429 4027 504 4088 quae
524 4007 567 4068 illi
588 4008 747 4069 commenti
762 3999 863 4081 erant,
886 4005 1023 4068 rescissis
1046 4023 1149 4068 sanam
1171 4013 1201 4065 et
1221 4003 1363 4066 ecclesia-

138 4109 243 4170 sticam
265 4108 352 4170 tidem
375 4109 518 4170 adversus
541 4107 607 4170 iilos
632 4126 806 4188 exposuere,
830 4107 875 4170 cui
899 4126 966 4169 cum
982 4125 1086 4168 omnes
1102 4103 1362 4185 subscripsissent,

137 4208 296 4274 Eusebiani
326 4229 444 4290 quoque
465 4209 513 4272 bis
535 4209 610 4289 ipsis
631 4209 799 4282 vocabulis,
827 4227 903 4290 quae
924 4225 1003 4268 nune
1024 4205 1258 4303 reprehendunt,
1287 4202 1364 4286 sub-

171 4397 196 4448 d.
214 4397 270 4460 ιιι.
290 4395 338 4456 τῆς
355 4387 485 4478 αιρισιιιις
502 4387 602 4446 adesir.
778 4397 812 4460 git
828 4395 970 4450 Ambrosias
989 4393 1198 4454 Camsldnlensis,
1216 4392 1257 4456 qni
1275 4399 1365 4449 „supe

119 4513 123 4518 .
172 4479 193 4516 e.
212 4464 251 4516 Sic
269 4465 326 4528 Rea.
350 4473 421 4530 atque
444 4467 477 4516 its
496 4469 566 4516 etism
586 4465 643 4528 legit
659 4465 725 4516 Nen-
776 4465 861 4516 ιοιιιι.
877 4467 974 4530 ipsoque
991 4463 1085 4514 silentio
1103 4429 1272 4526 coaltcliaatnr
1290 4454 1365 4516 ιιιιΡΙ·

138 4533 200 4584 ains.
236 4533 314 4586 court
334 4541 357 4586 et
375 4533 432 4584 editi
449 4527 597 4596 modoet«.
620 4533 725 4584 ucetie-
760 4535 881 4586 tudetem
897 4535 998 4584 matter
1017 4535 1120 4594 captatae
1138 4529 1235 4592 ebriae
