3102 5042
483 203 629 247 BPlSl'OLA
643 203 663 248 l.
678 203 715 247 sn
731 203 926 280 efflorentem.
1241 190 1304 256 689

81 359 117 419 Ει
136 374 260 418 rursus:
287 353 422 430 Quanto,
441 359 570 436 putatis,
594 355 741 417 deteriori
760 355 917 434 afficietur
939 356 1102 436 supplicio,
1124 359 1177 438 qui
1197 358 1391 422 notrannus.

83 461 138 522 liei
157 443 385 522 conculcaverit
406 465 436 517 et
458 459 635 537 sonpuinem
656 459 828 519 testamenti
843 455 996 535 pollutum
1019 457 1157 528 eluserit,
1184 463 1217 521 in
1248 479 1306 542 quo

83 561 365 641 sanctificatusest,
389 567 417 618 et
438 556 573 638 Spiritui
592 561 711 636 pratiae
726 556 935 620 contumeliam
956 557 1090 637 fecerit?
1132 558 1170 619 Et
1184 559 1306 624 iterum:

85 663 118 724 Si
138 665 218 724 enim
241 663 365 737 sompnis
388 667 552 721 taurorum
575 669 603 720 et
625 657 781 720 birrorum
802 668 831 719 et
853 662 928 720 cinis
951 659 1065 722 vitulae
1093 677 1238 740 aspersus
1260 666 1309 724 in-

83 767 223 844 quinatos
246 759 419 839 sanctificat
447 760 486 822 ad
508 760 747 822 emundationem
769 762 887 832 seruis,
923 773 1035 841 quanto
1065 765 1158 840 mapis
1187 766 1310 842 sompniis

86 864 210 934 Cbristi,
232 865 284 944 qui
299 879 359 941 per
379 859 531 940 Spiritum
551 865 767 940 sempiternum
790 865 979 942 seasen’psum
1005 863 1114 926 obtulit
1135 858 1310 926 inmacula-

86 977 149 1027 tnm
170 961 244 1034 Deo,
267 962 439 1024 emundabit
461 965 673 1025 conscientiam
694 973 834 1024 nostram
855 962 892 1024 ab
916 963 1055 1042 operibus
1076 963 1233 1027 mortuis?
1274 964 1313 1028 lit

88 1065 123 1126 ad
145 1062 446 1126 Thessalonicenses:
468 1062 508 1124 St
529 1072 602 1123 tane
624 1063 810 1126 revelabitur
831 1063 884 1126 ille
903 1067 1036 1148 iniquus,
1058 1067 1142 1145 q‘uem
1162 1065 1311 1132 Dominus

86 1167 170 1230 lesus
193 1164 356 1244 interficiet
377 1162 499 1244 Spiritu
522 1167 586 1226 oris
608 1166 659 1226 sui
679 1177 708 1227 et
729 1166 865 1228 destruet
879 1167 1011 1228 aduentu
1022 1171 1212 1245 praesentiae
1228 1185 1311 1230 suos.

174 1574 201 1636 7.
245 1569 322 1631 ane
344 1588 403 1648 qua
429 1577 519 1652 paeto
543 1567 672 1648 Spiritus
694 1561 814 1632 sanctus
837 1589 896 1649 pen
912 1589 1017 1633 omnes
1039 1569 1154 1632 divinae
1176 1561 1310 1650 Scriptu-

89 1691 139 1736 rse
157 1673 281 1754 paginas
305 1671 459 1734 indicetur.
505 1669 584 1744 Quid
606 1689 677 1751 ergo
700 1689 754 1733 vos
774 1672 823 1732 his
846 1671 942 1734 simile
965 1672 995 1732 in
1010 1655 1158 1751 Propheta
1177 1669 1311 1733 animod-

84 1773 242 1838 vertistis?
284 1773 347 1834 Neo
374 1771 452 1834 enim
481 1772 527 1834 rel
558 1772 646 1834 etism
675 1773 829 1836 articulum
858 1774 1028 1835 adiunctum
1056 1762 1145 1836 hibet
1174 1777 1312 1854 spiritur,

84 1878 120 1940 de
142 1895 204 1957 qno
227 1875 276 1937 ille
297 1873 439 1954 loquitur,
463 1882 496 1936 ut
517 1873 622 1936 saltem
645 1865 741 1954 aliqua
764 1875 848 1938 rabis
870 1874 945 1938 ratio
965 1875 1115 1938 subesset.
1158 1875 1219 1937 Vas
1241 1890 1312 1938 sero

80 1996 243 2058 perperam
269 1976 355 2038 sabis
384 1976 460 2057 ipsis
488 1983 595 2056 tropas
617 1977 728 2056 fingere
749 1978 882 2053 nudetis,
911 1996 967 2040 neo
994 1977 1136 2040 veremini
1166 1995 1312 2053 asserere,

83 2085 242 2161 spiritum,
264 2079 315 2158 qssi
337 2077 431 2140 creari
455 2077 571 2150 dieitur,
595 2078 694 2158 ipsum
716 2099 786 2140 esse
808 2079 952 2159 Spiritum
974 2087 1118 2152 sanctum,
1141 2079 1314 2158 quamristt

80 2180 192 2260 peritis
213 2179 285 2242 siris
307 2180 466 2260 spirituum
488 2179 685 2241 differentiam
704 2180 788 2241 rabis
803 2181 918 2242 discere
933 2180 1043 2241 liceret.
1087 2180 1160 2240 Nem
1177 2187 1207 2241 et
1221 2179 1314 2258 ipsius

81 2301 206 2362 quoque
229 2281 359 2342 hominis
382 2282 506 2361 spiritus
529 2281 647 2355 dicitur,
669 2281 710 2342 uti
733 2281 931 2342 esnitllsrid:
954 2279 1046 2343 Nocte
1063 2299 1131 2344 aum
1146 2282 1236 2343 corde
1248 2297 1313 2344 mco

83 2383 271 2452 meditabar,
295 2392 321 2443 et
344 2387 442 2446 tristis
465 2394 532 2446 erat
554 2387 681 2463 spiritus
703 2402 796 2446 meus.
839 2381 953 2444 Beruah
974 2383 1044 2444 item
1065 2382 1114 2446 his
1129 2381 1227 2446 verbis
1242 2400 1314 2464 pra·

84 2491 191 2546 catur:
219 2485 325 2544 nunna
352 2487 384 2546 in
411 2489 559 2565 anqustiis
589 2497 618 2554 et
646 2489 775 2566 spiritus
803 2489 916 2550 anneus
946 2485 1055 2548 elamat
1082 2487 1122 2548 ad
1144 2495 1182 2550 te.
1225 2483 1262 2547 Et
1282 2483 1314 2547 in
1392 2528 1395 2534 ·

83 2585 203 2665 hymno
225 2583 313 2645 trium
333 2603 510 2664 puerorum:
539 2587 706 2650 Benedicite
736 2591 865 2668 spiritus
887 2598 916 2651 et
937 2593 1054 2688 animae
1074 2592 1229 2651 iustorum
1249 2586 1315 2650 Do-

79 2692 182 2749 meno.
227 2685 269 2746 lta
291 2687 379 2748 etiam
401 2688 506 2750 scribit
526 2687 703 2768 Apostolus:
735 2689 805 2770 lpse
826 2689 963 2769 Spiritus
995 2692 1196 2750 testimouium
1218 2687 1316 2750 reddit

83 2791 219 2870 spiritui
237 2801 361 2861 nostra,
394 2791 473 2871 quod
493 2781 604 2852 'sumus
625 2791 688 2871 filii
706 2789 772 2854 Dei.
816 2790 854 2853 Si
878 2791 978 2853 mitem
1003 2788 1076 2871 filii,
1104 2800 1135 2854 et
1162 2789 1315 2852 baeredcs.

84 2889 126 2949 Et
149 2905 273 2951 rursus:
303 2889 395 2952 Nemo
424 2894 480 2953 soit
501 2909 576 2972 quae
597 2901 670 2954 sunt
692 2891 835 2963 homimis,
864 2897 926 2955 nisi
947 2896 1075 2973 spiritus
1098 2889 1242 2961 bominis,
1265 2891 1319 2968 peti

88 2992 213 3070 inipso
236 3001 290 3054 est.
334 2991 372 3052 Et
393 2991 527 3080 Epistola
547 2993 583 3053 ad
606 2991 887 3054 Thessalonicenses
915 2993 989 3053 haee
1008 2997 1160 3071 precetur:
1193 2990 1316 3068 lnteper

89 3093 222 3170 spiritus
252 3105 353 3156 aester
381 3105 410 3156 et
437 3098 538 3156 anima
565 3106 595 3158 et
624 3111 735 3175 eorpus
759 3097 823 3156 sime
843 3093 966 3174 querela
987 3095 1021 3153 in
1042 3093 1174 3156 adventu
1194 3090 1319 3152 Domini

83 3197 195 3256 nostri
214 3193 285 3255 lesu
310 3193 426 3257 Cbristi
444 3207 595 3258 servetur.
639 3194 751 3258 Dicitur
773 3193 861 3256 etiam
882 3200 1039 3255 ventorum
1061 3192 1199 3272 spiritus,
1228 3189 1316 3254 sicuti

80 3339 193 3394 ailecau
211 3337 240 3393 ἓν
257 3343 297 3410 τῷ
314 3349 332 3393 ei
349 3341 422 3428 λόγῳ
440 3343 496 3394 τῶν
513 3337 677 3406 ἆσκητικῶν·
730 3349 791 3414 apud
809 3349 903 3398 latinos
926 3349 960 3398 sie
983 3353 1058 3396 eestut
1081 3347 1118 3397 bic
1136 3345 1200 3396 locus
1216 3345 1243 3393 in
1260 3359 1316 3396 soa-

77 3404 213 3462 ἀλλὰκαὶ
222 3407 298 3480 παρὰ
311 3405 537 3479 Ῥωμαιοις-οὕτω
548 3415 635 3464 κεῖται
647 3409 677 3463 τὸ
730 3425 794 3466 teatu
823 3416 914 3465 diuinae
942 3416 1081 3480 Scripturas.
1125 3415 1219 3464 Attende
1244 3425 1314 3476 porra

79 3476 177 3564 ῥητὸν
199 3473 230 3528 5⁵¹
253 3480 292 3544 “25
315 3473 381 3560 ῧφὲῑ
398 3480 446 3541 τῆς
463 3481 539 3536 brius
555 3481 675 3550 γραφῆς.
728 3485 993 3547 mopsuosttlonasium
1010 3485 1069 3534 bunc
1087 3481 1317 3534 losumintellecisse

79 3565 141 3615 opu
174 3542 204 3597 δὲ
232 3539 275 3597 ὅτι
300 3563 346 3598 uae
364 3543 408 3617 ἐφ’
429 3540 512 3598 αὐτοῦ
532 3549 579 3598 τοῦ
598 3545 678 3630 siplae
730 3553 758 3602 de
775 3553 825 3615 ipso
844 3557 923 3600 sancta
942 3551 1043 3615 Spiritu,
1069 3565 1116 3599 non
1133 3556 1208 3600 autem
1225 3547 1254 3598 de
1271 3547 1318 3597 ali-

75 3610 247 3682 πνεύματος
256 3611 287 3664 τὸ
297 3612 381 3697 ppsbr
394 3611 408 3666 b
420 3613 507 3684 μέγας
520 3616 679 3672 Αθανασιος
731 3635 775 3684 quo
794 3620 893 3670 aliorum
911 3621 1040 3684 spirituum.

75 3681 212 3742 ἐδέξατο,
233 3675 285 3732 int
301 3699 348 3734 oon
366 3677 411 3735 int
427 3699 501 3740 τινος
518 3685 573 3734 τῶν
591 3679 679 3736 ἄλλων
765 3703 785 3736 c.
803 3687 844 3736 Sic
862 3687 937 3750 liegii,
956 3685 1036 3736 ottob.
1056 3684 1190 3746 etSeguer.
1224 3680 1317 3732 Ibidem

75 3745 263 3818 πνευμάτων.
297 3755 359 3805 iloto
383 3757 443 3804 lune
466 3756 541 3804 locum
564 3757 597 3805 ita
619 3773 680 3806 nune
731 3755 876 3812 Gabiensi
902 3753 1004 3803 Felalm.
1027 3753 1050 3802 1.
1074 3753 1133 3801 haee
1150 3749 1220 3800 serbe
1238 3741 1315 3816 nupsit

74 3841 131 3874 non
155 3828 249 3870 emtore
263 3825 325 3886 opud
333 3824 473 3888 Apostolum,
493 3825 542 3884 sed,
563 3823 679 3873 Dominus
730 3821 780 3870 rab
803 3813 950 3888 προφήτου
967 3813 1114 3887 λεγόμενον
1130 3817 1181 3865 νῦν
1198 3819 1318 3867 amittunt.

75 3889 219 3942 interficiet
237 3890 327 3952 Spiritu
355 3891 405 3940 oris
428 3890 474 3938 soi.
514 3891 605 3940 Videtur
627 3907 680 3941 nero
730 3890 809 3940 etsist
827 3890 885 3939 editi
904 3879 1004 3936 abab
1022 3882 1052 3936 eb
1072 3879 1181 3954 ἄρθρον
1197 3878 1254 3951 ἔχῃ.

76 3963 127 4010 lias
149 3971 233 4018 aocet,
254 3958 322 4006 lesus
339 3957 464 4016 Christus,
481 3960 560 4008 neseio
579 3975 625 4023 qua
641 3973 681 4008 ra-
766 3959 789 4008 d.
814 3957 870 4018 lieu.
890 3956 912 4006 l.
936 3948 966 4004 ἐν
983 3955 1022 4020 τῷ
1038 3949 1188 4018 Δανιὴλγέ
1208 3963 1319 4020 perurat.

76 4031 164 4088 tione,
183 4027 213 4076 ab
231 4025 348 4090 aliquibus
364 4027 533 4076 reiectosesse.
562 4027 683 4082 Ouodau-
733 4025 804 4076 Gabi.
829 4032 854 4073 et
870 4024 973 4074 Felelm.
995 4023 1016 4072 1.
1035 3967 1207 4102 naljdnrsn'z
1245 4021 1320 4070 iidem

76 4103 130 4146 tem
159 4093 195 4142 ita
218 4095 246 4142 ab
267 4095 335 4142 initio
353 4095 472 4158 scripserit
489 4094 623 4158 Apostolus,
643 4107 682 4142 or·
733 4107 787 4142 mox
805 4083 819 4140 ὅ
839 4085 868 4141 di
886 4082 1049 4144 ἀπόστολος·
1069 4085 1192 4140 auriota.
1228 4087 1319 4138 ibidem

76 4167 199 4226 numento
226 4167 279 4211 sunt
301 4167 349 4210 tum
371 4177 431 4226 quae
448 4164 485 4212 bic
502 4178 517 4211 a
534 4167 613 4212 saneto
637 4163 682 4212 isto
733 4159 798 4221 liegii
818 4168 840 4210 et
858 4161 997 4222 Sepueriaa.
1016 4157 1114 4211 Gabler.
1132 4165 1155 4208 et
1173 4155 1277 4205 Felolrm.
1296 4153 1319 4230 ¹:

75 4231 157 4281 Patre
175 4235 229 4278 sunt
247 4229 316 4290 dicto,
336 4235 383 4279 tum
401 4231 463 4294 quad
480 4231 540 4279 bunc
557 4231 632 4279 locum
649 4230 683 4278 si-
734 4219 801 4276 adzo
827 4221 859 4274 rb
884 4226 998 4294 πνεῦμα.
1044 4227 1122 4279 Ceteri
1153 4233 1177 4275 et
1202 4223 1259 4272 editi
1286 4231 1317 4268 to

67 4299 178 4348 'militer
205 4301 326 4360 properent
353 4299 419 4348 dions
450 4297 623 4360 chrysostomus
657 4299 682 4346 in
733 4296 852 4346 omittunt.
1297 4354 1303 4366 ι
1346 4322 1348 4333 ·

56 4366 166 4430 ‚Epist
191 4367 223 4414 od
243 4365 466 4428 Thessalonicenses,
485 4373 510 4415 et·
523 4379 619 4429 mopsus
637 4365 682 4414 lia-
767 4379 788 4412 s.
807 4363 848 4416 Sis
865 4363 921 4427 lieg.
937 4363 959 4413 l.
979 4362 1078 4425 Sepuer.
1096 4371 1120 4413 et
1137 4353 1318 4432 sucession-

75 4435 163 4484 silius
180 4433 240 4482 libra
255 4435 501 4496 primatsceticarum.
523 4434 602 4484 berun
614 4435 683 4484 etiarn
733 4439 818 4504 ptores
835 4435 913 4482 tantm
932 4431 958 4482 iu
975 4431 1087 4482 omnibus
1106 4441 1164 4479 mss.
1174 4421 1230 4473 edri,
1241 4421 1318 4473 Onon.

122 4518 258 4562 Arusnssn
269 4529 323 4564 are.
334 4529 405 4564 osas.
421 4530 470 4564 esc.
623 4533 628 4544 ¹
1084 4511 1118 4562 44
