3220 5046
124 263 129 280 ι
215 228 279 298 264
611 246 638 290 ι.
653 245 808 292 ιτιιιιιειι
821 243 1044 290 nmmum

131 417 206 494 εον
215 421 271 480 νον
292 393 478 482 ’ὑπολάβοι
498 394 538 462 τὸ
556 399 708 482 γέννημα,
731 391 889 460 πάλιν
855 417 914 480 την
935 341 1051 461 οδσίαν
1073 387 1173 460 αὐτοῦ
1194 373 1362 478 σημαίνων
1377 388 1436 457 λό-

141 561 143 566 ,
214 523 273 586 γον
294 492 394 564 αὐτὸν
415 491 575 564 εἶναικαὶ
598 502 721 584 σοφίαν
741 493 798 562 καὶ
819 487 1022 615 άπαήγασμά
1043 515 1156 582 φησιν.
1186 491 1276 560 έν
1240 516 1301 579 γαρ
1316 492 1435 560 τούτου

216 599 273 671 καὶ
297 598 353 666 τδ
364 592 560 676 ἀπαθές
520 621 578 684 της
598 595 777 684 γεννήσεως
797 598 852 662 καλ
873 595 912 661 τὸ
936 589 1044 662 άίδιον
1065 598 1120 662 καί
1141 597 1188 681 τῷ
1210 598 1282 682 θεῷ
1304 599 1436 680 πρέπον

218 701 311 788 λογιζ
310 699 428 784 όμεθα.
473 707 574 766 ποῖον
597 699 653 766 οὖν
663 691 833 822 πάθος
812 723 831 784 η
855 705 956 764 ποίον
977 701 1077 784 μέρος
1099 695 1169 763 ἐστί
1190 699 1249 762 τοῦ
1274 690 1437 782 πατρὸςὸ

133 821 210 866 m
219 802 315 889 λόγος
347 795 450 868 καί“
431 826 450 888 η
484 805 589 888 σοφία
617 797 672 866 καὶ
701 797 740 865 τὸ
769 792 991 884 άπαδγασμα,·
1026 801 1080 865 καί
1101 800 1200 864 τοῦτο
1222 796 1360 866 δυνατὸν
1381 801 1438 864 καί

220 897 338 982 αὐτοὺς
364 900 453 982 τομς
469 897 617 1022 ἄφρονας
644 905 779 985 μαθεῖν.
825 895 871 978 ῶς
897 899 960 987 γάρ
986 903 1146 986 γυναικῶν
1168 899 1337 968 ἐπύθοντο
1358 901 1438 988 περὶ

113 1004 119 1016 “
219 1005 308 1085 οἱοῦ,
331 999 456 1082 Ιὀάτως
477 1027 533 1068 και
523 999 675 1088 ἄνδρας
697 999 958 1086 ἐπερωτάτωσαν
979 1004 1057 1087 περί
1079 1005 1138 1067 τοῦ
1160 999 1258 1087 λογον
1265 1051 1274 1082 ,
1297 1001 1354 1068 ἵνα
1373 1000 1441 1086 μά-

219 1113 344 1184 θωσιν,
367 1099 421 1172 ὅτι
442 1100 519 1170 οὔτε
538 1102 669 1183 πάθος
676 1097 784 1170 αὐτῶν
806 1099 882 1172 οάτε
901 1107 1001 1190 μέρος
1022 1101 1092 1170 έστί
1113 1105 1172 1170 τοῦ
1194 1105 1251 1170 νοῦ
1273 1100 1398 1169 τούτων
1420 1097 1440 1170 6

220 1205 371 1295 λόγος,
361 1205 399 1274 ὁν
426 1209 662 1294 προφέρονται.
703 1204 737 1272 εί
766 1205 802 1272 δὲ
822 1207 889 1272 τῶν
911 1198 1102 1291 ἀνθρώπων
1123 1211 1179 1272 καί
1199 1227 1254 1271 τοι
1273 1201 1441 1292 παθητῶν

222 1307 324 1378 ὄντων
346 1310 399 1376 καί
421 1309 585 1394 μεριστῶν
605 1303 711 1376 ὄντων
732 1309 884 1386 τοιοῦτος
905 1301 924 1372 6
946 1305 1054 1392 λόγος,
1074 1302 1166 1373 διατί
1185 1308 1263 1393 περί
1277 1309 1336 1372 τοῦ
1351 1300 1442 1373 άσω-

220 1409 326 1498 μάιοο
354 1412 408 1478 καί
432 1404 609 1496 άμερίστοο
631 1411 715 1476 θεοῦ
737 1407 835 1496 πάθη
856 1409 910 1474 καί
932 1413 1013 1496 μέρη
1036 1403 1235 1493 λογίζονται,
1266 1407 1321 1476 ἵνα
1341 1411 1441 1474 τοῦτο

220 1509 504 1599 προςποιοάμενοι
536 1510 648 1596 δήθεν
672 1505 892 1595 εὐλαβεῖσθαι
923 1503 1129 1597 ἀρνήσονται
1159 1507 1217 1598 τήν
1248 1504 1361 1598 άληθή
1386 1512 1442 1576 καί

222 1613 322 1703 φύσει
347 1617 495 1699 γέννησιν
523 1614 582 1678 τοῦ
611 1611 704 1694 οίοῦς
736 1610 794 1678 καὶ
821 1607 875 1677 ὅτι
895 1612 972 1695 ”μδν
998 1609 1036 1677 τὸ
1060 1610 1095 1678 έν
1115 1613 1174 1678 τοῦ
1196 1614 1280 1678 θεοῦ
1300 1617 1446 1698 γέννημα·

223 1709 281 1780 οὐκ
299 1714 370 1781 ἔστι
391 1711 515 1792 πάθος,
540 1713 659 1792 ἱκανῶς
680 1711 738 1780 διὰ
757 1714 824 1780 τῶν
847 1711 1041 1798 ἔμπροσθεν
1062 1707 1313 1802 ἀποδέδεικται,
1337 1713 1444 1781 δέδειὲ

222 1840 296 1883 κται
318 1815 354 1880 δὲ
375 1811 431 1881 καὶ
454 1813 523 1900 ἰδίᾳ
544 1816 602 1880 νῦν
625 1809 643 1880 6
665 1812 763 1900 λόγος
783 1809 822 1880 οὐ
843 1812 927 1880 κατὰ
948 1812 1064 1894 πάθος
1084 1813 1292 1900 γεννώμενος.
1328 1809 1444 1882 6106-

221 1937 332 1983 τωσαν
355 1916 391 1982 δέ
412 1916 466 1982 καλ
488 1913 645 2004 περὶτῆς
668 1921 790 2003 σοφίας
810 1913 871 1982 ‘¹16
893 1909 984 1982 οὖτά.
1015 1911 1074 1983 οὐκ
1095 1916 1184 1984 ἔστιν
1200 1912 1245 1996 ῶς
1259 1913 1445 2002 ἄνθρωπος

222 2012 242 2083 6
264 2015 354 2096 θεός.
383 2015 427 2104 μή
445 2010 666 2105 ’ἀνθρώπινον
689 2015 972 2108 φανταζέσθωσαν
992 2020 1045 2085 καί
1067 2017 1101 2085 έν
1116 2017 1221 2104 τούτῳ
1237 2019 1315 2104 περὶ
1330 2012 1441 2084 αὐτοῦ,

222 2117 359 2206 καὶγὰρ
381 2122 448 2186 τῶν
470 2114 661 2207 ἀνθρώπων
684 2117 787 2186 πάλιν
810 2120 963 2186 δεκτικῶν
978 2125 1101 2207 σοφίας
1114 2117 1303 2205 γεγονότων,
1327 2115 1442 2197 ὁθεὸς

224 2214 357 2300 οὐδενὸς
377 2227 520 2306 μετέχων
542 2215 641 2300 αὐτὸς
661 2223 720 2307 τῆς
742 2220 858 2287 ἑαυτοῦ
882 2226 1004 2308 σοφίας
1024 2219 1135 2307 πατήρ
1158 2219 1255 2302 ἐστιν,
1279 2211 1317 2310 ής
1335 2218 1368 2284 οί
1379 2243 1438 2303 με·
1492 2275 1495 2282 .

193 2384 195 2390 .
223 2327 370 2406 τέχοντες
398 2323 542 2391 εἰώθασι
571 2321 673 2410 σοφοὶ
699 2323 895 2390 καλεῖσθαι·
925 2321 980 2388 καὶ
1009 2321 1081 2390 ἔστι
1101 2325 1155 2390 καί
1178 2317 1275 2410 ”αδτή
1296 2317 1314 2410 ἡ
1337 2324 1440 2408 σοφία

224 2417 263 2488 οδ
284 2423 400 2503 πάθος
421 2419 498 2492 οὐδὲ
518 2430 627 2511 μέρος,
651 2421 734 2492 ἀλλὰ
755 2429 896 2510 γέννημα
916 2424 1005 2492 ἰ’δων
1025 2427 1084 2490 τοῦ
1106 2423 1241 2517 πατρός.
1277 2420 1333 2492 διά
1345 2425 1443 2489 τοῦτο

225 2519 277 2592 άελ
299 2524 418 2612 πατήρ,
438 2529 493 2591 καί
516 2520 573 2591 οὐκ
595 2525 764 2610 ἐπιγέγονε
784 2527 831 2609 τῷ
854 2527 926 2610 θεῶ
947 2523 987 2590 τὸ
1009 2519 1128 2613 πατήρ,
1152 2527 1208 2592 ἵνα
1229 2524 1273 2612 μὴ
1295 2526 1350 2592 καί
1371 2549 1445 2609 τρε-

225 2624 311 2716 πτὸς
338 2621 424 2693 εἶναι
451 2629 607 2713 νομισθῇ,
653 2625 682 2692 εί
709 2624 770 2712 γὰρ
791 2624 891 2692 καλὸν
912 2624 965 2691 ’τὸ
987 2621 1073 2694 εἶναι
1094 2622 1193 2694 αὐτὸν
1215 2633 1358 2713 πατέρα,
1387 2619 1446 2692 οὐκ

227 2721 277 2794 άεί
301 2727 338 2795 δέ
358 2717 398 2816 ήν
419 2725 538 2815 πατήρ,
562 2721 620 2793 οὒκ
642 2721 693 2793 άελ
716 2723 781 2814 ἄρα
801 2724 840 2792 τὸ
861 2725 961 2794 καλὸν
981 2717 1021 2814 ήν
1044 2728 1077 2795 ἐν
1100 2725 1198 2816 αδτῷ.

311 2833 361 2896 29.
403 2822 491 2894 Ἀλλ’
517 2828 598 2909 ίδοά,
623 2835 717 2917 φασί,
739 2827 795 2896 καὶ
816 2824 867 2896 άεὶ
889 2829 1029 2917 ποιητής
1052 2829 1140 2898 ίστιν
1163 2826 1182 2896 6
1203 2829 1294 2909 θεός,
1317 2831 1372 2896 καί
1388 2823 1447 2895 οδκ

227 2927 413 3017 έττιγέγονεν
435 2925 524 3018 αὐτῷ
546 2933 604 2997 τοῦ
626 2931 834 3018 δημιουργεῖν
855 2926 874 3017 ή
898 2930 1043 3016 δύναμις,
1067 2921 1115 3018 ἆρ’
1134 2921 1190 2998 οὗν
1213 2929 1328 3019 ἐπειδή
1351 2931 1448 3016 δημι-

227 3031 344 3119 ουργός
366 3033 472 3114 ἐστιν,
509 3026 603 3100 άΐδιά
625 3032 700 3102 έστί
716 3034 771 3100 καί
793 3031 1044 3120 τάποιήματα,
1077 3033 1133 3101 καὶ
1154 3028 1191 3100 οὐ
1216 3039 1316 3117 θέμις
1339 3031 1447 3100 εἰπεῖν

161 3123 164 3134 ’
227 3131 303 3202 οὐδὲ
325 3136 383 3202 ἐπὶ
404 3135 547 3202 τούτων·
571 3129 628 3202 οὐκ
649 3125 688 3224 ἦν
709 3137 789 3221 πρὶν
810 3139 972 3223 εγεννηθῇ,ι
1004 3133 1146 3222 άφρονες
1161 3129 1380 3221 οίἈρειανοί.
1414 3138 1448 3198 τί

225 3235 288 3324 γάρ
317 3233 434 3321 ὅμοιον
461 3237 535 3316 υίὸς
560 3239 614 3303 καί
642 3243 786 3321 ποίημα,
821 3235 877 3302 ἵνα
897 3235 940 3302 τὰ
961 3236 1018 3303 ἐπὶ
1039 3239 1098 3302 τοῦ
1119 3235 1247 3322 πατρὸς
1268 3237 1372 3302 ταῦτα
1392 3235 1447 3301 καλ
1503 3323 1507 3330 .

228 3337 286 3404 ἐπὶ
307 3341 373 3404 τῶν
395 3337 669 3423 1“δημιοοργο”νν’
644 3337 785 3419 είπωσι,·
817 3339 892 3414 πῶς
914 3337 950 3403 δὲ
971 3335 1133 3458 τοσαύτης
1147 3337 1312 3426 διαφορᾶς
1327 3336 1361 3404 έν
1375 3345 1448 3414 τοῖς

230 3436 423 3522 εμπροσθεν
457 3435 645 3523 δειχθείσης
674 3436 872 3558 γεννήματος
903 3440 957 3504 καὶ
990 3437 1176 3526 ποιήματος
1204 3437 1381 3524 ἐμμένουσι
1407 3439 1447 3524 τῇ

230 3531 381 3624 ἀμαθίας
413 3525 576 3602 πάλινς
539 3559 596 3604 ουν
616 3534 655 3603 τὸ
677 3533 757 3605 αὐτὸ
780 3539 923 3606 λεκτέον·
945 3541 984 3606 τὸ
1005 3547 1135 3628 ποίημα
1157 3541 1281 3621 ἔξωθεν
1295 3542 1353 3606 τοῦ
1368 3561 1449 3605 ποι-

229 3635 345 3717 οῦντός
367 3633 518 3719 έστιν,”
490 3651 599 3725 ωςπερ
623 3638 766 3726 εἴρηται,
790 3634 808 3706 6
833 3639 868 3708 δὲ
889 3639 960 3724 οίὸς
982 3641 1128 3709 ἰ’δισν
1090 3667 1148 3730 της
1172 3636 1287 3721 οὐσίας
1307 3637 1450 3728 γέννημά

229 3739 316 3808 ἐστι·
346 3737 400 3806 διὸ
421 3743 476 3806 καί
497 3737 617 3826 τὸμὲν
638 3747 768 3830 ποίημα
789 3735 989 3830 οὐκ-ἀνάγκη
1013 3738 1064 3811 άελ
1087 3739 1231 3824 εἷναι,”
1212 3766 1267 3812 οτε
1286 3742 1347 3831 γάρ
1369 3740 1449 3828 βού-

230 3843 322 3910 λεται
344 3837 362 3908 6
386 3837 581 3930 δημωοργδς
603 3841 779 3930 ἐργάζεται,
802 3842 840 3910 τὸ
864 3844 900 3910 δὲ
920 3849 1061 3932 γέννημα
1083 3839 1121 3912 06
1142 3844 1299 3932 βουλήσει
1313 3840 1450 3911 δπόκει-

266 4014 288 4048 ι.
307 3999 447 4062 θιςοετίιο.
465 3991 593 4068 ὑπολάβῃ.
865 3999 940 4050 θεοῦ,
975 3999 1072 4052 (λολλεε.
1096 4010 1119 4052 ιί
1138 4001 1241 4052 λέίελτο.
1258 4003 1281 4052 ί.
1306 3995 1349 4050 δτι
1371 3994 1403 4050 τὸ
1422 3992 1451 4050 έν

230 4099 292 4219 6.
306 4093 816 4234 666666666‘6666
865 4067 992 4192 66
995 4062 1098 4200 66
1113 4061 1400 4190 6666661
1423 4138 1453 4188 ν

231 4229 815 4318 squar.comer.016666.1.1166o;a6

230 4302 287 4352 τῶν
305 4295 374 4354 οὔτε,
410 4307 465 4362 ίίες,
484 4307 540 4356 ilem
559 4297 628 4356 οὔτε.
663 4305 814 4357 Εδλίίιίιίίί

230 4362 295 4422 οδδὲ
310 4365 402 4428 πάθος
418 4365 482 4424 0666
486 4361 587 4441 μέρος

866 4205 937 4255 Βιελί.
961 4205 1051 4284 Angue.
1075 4207 1132 4268 λος.
1155 4213 1179 4256 εί
1197 4205 1337 4256 ίοΙελαι,5.
1355 4203 1451 4254 ταῦτα.

865 4273 927 4324 Εδίίί
953 4265 1047 4324 εαοτά.
1082 4273 1133 4323 Mox
1158 4273 1255 4353 Βεςοετ.
1278 4267 1317 4339 μή
1343 4264 1454 4340 άνθριι-

865 4335 958 4394 πίνοις.
993 4341 1050 4404 fleg.
1069 4334 1107 4406 μή
1116 4332 1298 4420 άνθρῶπινα.

775 4447 777 4452 ,
900 4423 921 4458 ε.
940 4409 1076 4460 66665.
1096 4399 1171 4469 αὕτη.

265 4491 286 4527 ι.
304 4475 361 4540 fleg
380 4478 518 4546 είθιςιιτ.
536 4465 580 4524 δτι
601 4467 813 4542 perra-6106
898 4477 916 4527 ί.
934 4477 974 4526 Sic
991 4477 1089 4548 θεςοιε.
1107 4485 1132 4527 ιι
1148 4478 1205 4539 ίλις.
1233 4469 1391 4527 Εδίιίκιιλδν
1405 4471 1455 4526 καλ
1537 4495 1539 4500 ·
