3174 5082
666 309 843 354 ammento.
933 323 937 330 =
1329 299 1373 364 23

144 467 213 547 quie
243 463 402 544 theologus
429 462 485 524 init
514 477 640 542 uuquam
669 465 804 522 remotus
833 455 869 520 ah
897 455 1107 538 philosophiae
1133 461 1234 524 studio
1257 473 1287 526 et
1306 483 1374 539 usn,

142 566 328 648 Epiphanius
361 563 497 644 protecto
530 561 556 624 is
586 571 647 636 est,
681 560 789 622 vindex
822 558 871 622 illo
901 557 1068 622 traditionis
1098 561 1272 626 acerrimae.
1316 565 1374 630 bc·

137 669 223 732 cedit
245 667 325 748 quod
358 662 476 742 plebeio
509 661 578 725 stilo
611 653 687 724 nans
718 673 781 734 est,
812 679 871 740 quo
904 660 1026 722 nomine
1057 660 1116 724 iam
1148 671 1268 728 notans
1291 677 1376 730 esta

141 770 252 833 Photio
275 765 343 829 cod.
370 766 440 828 tat.
468 758 526 846 ripa
555 761 591 828 db
613 757 916 848 ostentamenta
937 782 974 826 τε
1001 761 1056 828 aori
1079 755 1136 828 eiu
1159 761 1245 842 εἰκὸς
1263 758 1376 832 Utere·

143 871 204 957 κῆς
232 865 391 940 παιδείας
417 856 617 948 ἀμελέτητον
650 860 827 947 τυγχάνειν.
885 863 967 926 ldem
994 863 1098 926 vitium
1126 867 1257 930 fortasse
1285 869 1374 932 etiam
1405 917 1410 924 .

145 971 346 1048 Hieronymus
368 966 406 1028 be
427 965 501 1028 viris
522 965 628 1028 illustr.
651 985 676 1028 c.
703 970 773 1030 114.
796 965 902 1026 tectius
924 963 1090 1045 significare
1110 969 1211 1041 voluit,
1235 969 1284 1032 obi
1299 970 1374 1051 Epi·

146 1072 257 1152 phanio
280 1068 432 1132 etiamtum
456 1068 617 1146 superstite
639 1067 689 1140 ait,
713 1067 798 1130 illeiis
820 1070 938 1147 scripto
959 1068 1139 1132 sternetur
1158 1085 1291 1152 propter
1313 1091 1374 1144 res,

146 1192 166 1235 n
189 1170 427 1252 simplicioribus
447 1180 578 1249 propter
598 1168 692 1230 uerba
720 1167 863 1230 lectitari.
907 1168 1010 1247 ltaque
1030 1170 1196 1232 Ancoratus
1224 1172 1296 1234 lieet
1321 1191 1372 1234 aa·

128 1267 130 1272 ’
146 1272 357 1338 commodatus
373 1269 452 1332 sitsi
468 1269 604 1343 consilio,
628 1288 687 1348 quo
704 1287 771 1331 enm
788 1269 824 1331 ah
837 1268 1008 1332 Tommasio
1025 1269 1137 1334 editum
1156 1291 1222 1333 esse
1234 1273 1374 1348 diximus,

147 1385 248 1436 mmen
271 1373 312 1434 ita
334 1379 517 1451 comparatus
539 1379 597 1444 est,
622 1378 655 1432 ut
676 1371 821 1444 rationes,
843 1369 951 1452 quihus
967 1390 1025 1434 nos
1041 1371 1186 1446 duamur,
1210 1373 1247 1434 ah
1270 1375 1375 1436 eodem

147 1475 179 1538 in
212 1473 419 1536 bibliothecam
452 1472 619 1534 inserendo
637 1489 693 1534 tros
720 1481 855 1534 avocent.
899 1472 1045 1536 Nimirum
1073 1474 1129 1536 riri
1158 1473 1237 1536 illius
1267 1475 1375 1537 eruditi

146 1577 312 1640 institutum
345 1574 415 1646 tuit,
450 1575 563 1652 scripta
584 1573 727 1652 quaedam
749 1584 876 1654 patrum,
899 1574 929 1636 in
953 1575 1062 1654 quihus
1085 1593 1201 1638 summa
1223 1575 1377 1638 doctrinae

144 1677 322 1742 christianae
355 1675 485 1736 breviter
519 1674 662 1747 traditur,
701 1676 730 1736 io
764 1677 1009 1740 institutionibus
1046 1675 1219 1756 tbeolopicia
1253 1676 1375 1738 collecta

144 1779 250 1852 edere,
280 1779 357 1842 sicin
384 1777 415 1837 in
438 1777 536 1838 tronte
558 1775 632 1836 tomi
658 1776 747 1855 primi
776 1777 850 1838 haec
875 1777 1015 1855 leguntur
1042 1777 1144 1840 rmha:
1174 1777 1373 1858 eornpleeterr

143 1881 309 1946 seeundum
331 1880 470 1940 ordinem
490 1889 661 1957 temporum
683 1877 829 1957 opusculo
852 1887 917 1941 tum
938 1878 1035 1941 lutiam
1057 1889 1120 1942 tam
1140 1897 1263 1958 poseo,
1299 1897 1376 1960 quoe

144 1983 262 2046 otidum
291 1985 471 2061 inuenioque
501 1978 694 2058 patefaciunt
716 1980 756 2041 ori
778 1977 979 2042 melesiosta‘co
1013 1981 1159 2059 dopmutu.
1203 1979 1237 2040 ln
1261 1995 1320 2058 quo
1342 1979 1374 2042 id

144 2082 235 2146 simul
258 2080 409 2161 spectarit,
432 2088 466 2142 ut
485 2078 647 2141 lectoribus
669 2079 914 2159 persuaderetur,
938 2081 1045 2142 veteris
1068 2081 1209 2142 ecclesiae
1233 2081 1374 2142 doctores

143 2183 175 2246 in
198 2183 327 2246 decretis
350 2179 505 2261 religionis
528 2179 706 2242 christianae
721 2180 758 2242 ad
774 2180 943 2242 traditionis
965 2199 1100 2244 normam
1116 2181 1275 2244 tractandis
1299 2201 1373 2244 ean-

143 2279 211 2348 dem
235 2284 398 2347 ohservare
420 2281 604 2354 methodum,
627 2299 713 2361 quum
731 2281 820 2343 hodie
843 2282 966 2344 ecclesia
988 2300 1113 2344 romana
1128 2291 1236 2345 teneat.
1281 2282 1375 2344 Nobis

141 2404 216 2448 vero
239 2385 317 2446 aliud
340 2403 410 2446 esse
432 2383 633 2464 propositum,
656 2383 728 2444 satis
751 2401 901 2460 superque
923 2384 982 2444 iam
1004 2383 1113 2442 dictum
1137 2393 1193 2442 est.
1237 2383 1374 2444 Cetenrm

145 2503 236 2564 quum
251 2485 448 2564 Epiphanium
474 2487 504 2545 in
530 2481 668 2546 manibus
694 2481 868 2554 habeamus,
890 2500 1125 2546 commemorare
1146 2481 1228 2543 lubet
1249 2482 1374 2544 alterum

145 2585 279 2648 eiusdem
299 2584 441 2658 libabam,
464 2581 625 2665 σύντομον
654 2575 765 2668 ἀληθῆ
788 2579 884 2667 λόγον
911 2583 988 2668 περὶ
1017 2587 1164 2660 πίστεως
1191 2581 1375 2667 καθολικῆς

142 2686 198 2754 sat
222 2677 445 2770 ἄποστολικῆς
466 2681 653 2766 ἐκκλησίας,
673 2685 723 2764 qui
745 2695 883 2764 tonqnam
906 2685 1035 2750 dausula
1058 2685 1156 2764 magni
1180 2685 1217 2748 de
1238 2669 1372 2748 haeresi·

143 2779 216 2851 hus'
234 2789 335 2868 operis
358 2807 374 2849 a
396 2788 515 2850 Petavio
549 2787 636 2850 Toni.
659 2787 681 2848 l.
716 2807 745 2866 p.
777 2789 869 2852 1078.
899 2806 943 2866 sq.
978 2798 1008 2848 et
1039 2787 1197 2867 separatim
1231 2786 1371 2848 itidema

145 2889 317 2948 Tommosio
340 2889 427 2950 lom.
449 2888 501 2950 lll.
523 2907 552 2965 p.
568 2890 641 2952 399.
663 2905 710 2965 sq,
733 2887 830 2948 editus
852 2895 909 2950 est.
952 2887 986 2950 ln
1009 2887 1067 2948 hoc
1081 2905 1141 2950 nou
1162 2887 1258 2948 soluto
1273 2888 1373 2961 fldem,

149 2985 203 3046 sed
227 2986 314 3046 etiam
336 2986 413 3046 ritus
436 2993 466 3044 et
486 2994 644 3062 praecepta
665 3003 826 3062 moresque
853 2995 940 3062 atque
960 2985 1127 3046 nniversam
1157 2988 1252 3048 ideam
1275 2987 1371 3048 eecle-

92 3155 99 3164 ,
151 3083 215 3144 siae
245 3083 406 3144 catholicae
433 3081 617 3142 adumbravit
644 3083 685 3142 ita
711 3091 744 3142 ut
769 3082 828 3152 iis,
863 3084 914 3158 qui
940 3084 1114 3144 memoriam
1143 3083 1187 3142 vel
1216 3085 1374 3161 imaginun

147 3181 393 3247 aeneasannos
416 3179 883 3260 aetatisrepraeseutarerolnnt,
906 3179 1031 3242 maxime
1054 3181 1303 3242 commendandus
1325 3183 1374 3244 sit

145 3283 291 3348 Similiter
317 3281 525 3344 Theodoretos
553 3281 584 3342 in
605 3277 787 3365 Αἰρατικῆς
814 3283 1022 3361 manubiae
1048 3276 1191 3365 ἒπιαομῇ
1218 3289 1375 3363 postquam

146 3395 273 3467 quatuor
293 3381 448 3466 prioribus
470 3383 555 3446 libris
582 3382 695 3444 tabulae
723 3382 887 3444 haereticas
913 3382 1078 3456 enemesit,
1107 3391 1241 3473 extremo
1269 3384 1372 3464 quinto

145 3488 223 3550 lihro
246 3485 302 3549 illis
323 3480 367 3548 τὰ
388 3487 470 3549 beto
492 3479 650 3567 δόγματα,
674 3483 756 3546 talsis
773 3501 852 3558 vera,
874 3482 955 3546 hreni
977 3483 1007 3546 in
1031 3492 1191 3565 conspeetu
1213 3489 1370 3566 opposuit:

144 3607 234 3668 quem
255 3587 363 3650 librum
387 3585 577 3648 'tommasins
603 3583 803 3664 praetermisit
830 3584 958 3648 toruae
985 3595 1144 3667 propterea
1166 3585 1246 3668 quod
1269 3588 1369 3652 Theo-

146 3689 272 3752 doretus
293 3705 328 3749 ex
351 3687 498 3749 sententia
514 3685 656 3748 ecclesiae
679 3685 838 3748 catholicae
853 3703 914 3748 non
930 3687 960 3748 in
980 3698 1106 3768 potrum
1127 3705 1252 3750 numero
1275 3689 1368 3752 habe·

146 3799 211 3863 tur,
246 3806 413 3868 quanqnam
443 3789 468 3849 is
492 3787 665 3850 Tertulliani
693 3786 762 3850 item
791 3785 828 3848 ah
860 3787 918 3850 hoc
939 3803 1063 3850 numero
1093 3787 1204 3850 exclusi
1237 3806 1368 3868 oposue-

146 3892 207 3953 lum
243 3889 365 3968 recepit.
430 3888 561 3967 lienique
600 3887 637 3950 de
667 3887 878 3967 chrysostomo
915 3887 998 3950 hreni
1035 3888 1188 3968 defungar.
1264 3889 1367 3954 Seium

148 4007 267 4060 omues,
286 3988 348 4068 -qui
371 3989 481 4068 scripta
502 3988 548 4050 vel
569 3989 673 4051 leviter
693 3988 904 4068 inspexerunt,
925 3988 1124 4050 clarissimum
1152 3987 1232 4052 hune
1258 3993 1368 4055 veteris

146 4087 292 4154 ecclesiae
319 4097 468 4150 oratorem
497 4091 527 4150 iu
556 4087 786 4168 interpretandis
813 4089 925 4168 populo
949 4089 1106 4168 scripturis
1129 4089 1223 4151 sacris
1245 4095 1368 4154 omnino

147 4192 236 4255 etiam
259 4207 335 4270 quae
355 4189 391 4250 ad
419 4189 507 4251 fldem
529 4189 713 4270 pertineant,
739 4189 804 4251 suis
832 4188 907 4250 locis
934 4197 1095 4260 accusso,
1122 4189 1174 4252 sed
1197 4199 1294 4254 umen
1315 4211 1368 4254 re-

145 4303 259 4356 motum
276 4290 371 4352 troisse
392 4289 428 4352 ah
456 4290 504 4352 illa
530 4289 706 4370 disputandi·
728 4288 903 4364 subtilitate,
933 4307 990 4369 qua
1011 4289 1085 4354 alios
1106 4299 1243 4354 oratores
1264 4307 1369 4354 sacros

146 4395 264 4458 illorum
286 4402 456 4472 temporum
476 4391 613 4472 aequales
634 4391 723 4454 etiam
738 4391 774 4452 de
795 4389 1020 4454 sublimioribus
1041 4391 1187 4470 dogmatis
1207 4401 1269 4456 tum
1292 4407 1368 4452 oon-

149 4493 293 4556 trorereis
309 4501 524 4558 commentatos
540 4511 608 4556 esse
623 4499 762 4556 testatum
778 4499 834 4554 ost.
864 4491 1032 4554 Secundum
1048 4488 1232 4572 disciplinam
1250 4486 1360 4552 senotn
