3102 5042
491 262 632 307 sessu-cut
646 263 667 306 t.
682 265 718 307 so
734 265 926 310 susurronum
1250 254 1311 319 685

96 413 255 494 posuique
275 411 488 486 initiationem,
520 413 551 474 in
580 433 636 494 qun
663 415 775 478 scilicet
800 435 857 478 nos
886 417 943 478 sibi
970 417 1028 496 ipsi
1056 428 1086 480 et
1106 437 1159 498 per
1181 422 1397 503 seipsumnsst.

96 517 179 580 Patri
201 514 363 585 coniunxit,
387 514 418 574 in
441 514 545 576 eodem
567 517 718 595 compleas
734 517 886 598 discipulis
905 519 978 580 linco
997 520 1206 598 praecipiebat:
1229 522 1313 585 liun-

98 629 143 682 tes
166 619 265 680 docete
287 634 388 678 omnes
410 627 522 694 pentes,
547 618 735 698 baptizantes
758 637 807 681 eas
828 623 861 681 in
883 624 1002 682 nomine
1022 619 1124 682 Patris
1147 633 1176 683 et
1197 621 1268 682 Filii
1286 635 1314 684 et

95 720 235 801 Spiritus
257 723 365 779 sancti.
410 716 566 780 Praeterea
588 737 654 781 cum
677 737 709 780 sc
725 719 781 780 illis
797 739 863 780 eum
878 715 1046 782 missurum'
1052 721 1199 801 promisit,
1219 740 1313 802 prae-

98 828 176 902 cepit
198 821 235 882 oi
256 818 449 898 lerasalpmis
470 838 508 881 ne
530 821 722 892 discederent,
745 839 779 882 ac
799 821 899 901 paucis
921 821 1025 883 dicbus
1047 823 1223 896 interiectis,
1249 841 1315 884 cunt

96 922 299 1004 compleretur
320 920 382 982 dies
405 918 605 993 Pentecostes,
634 933 723 984 erant
745 940 844 984 amnes
862 927 984 1003 pariter
1004 929 1036 984 in
1059 926 1157 986 eodem
1181 924 1262 1002 loca,·
1284 934 1314 987 et

98 1027 204 1104 [actus
225 1031 267 1084 est
287 1031 410 1102 repente
432 1023 466 1082 de
489 1022 570 1084 caelo
593 1041 687 1085 sonus
709 1033 850 1104 tanquam
871 1026 1055 1088 adomientis
1073 1029 1201 1105 spiritus
1224 1025 1314 1088 celu-

98 1119 215 1196 meritis,
238 1135 266 1186 et
287 1123 415 1203 repleuit
436 1132 530 1184 tatum
552 1124 679 1197 domum,
700 1125 755 1187 udi
774 1136 863 1190 oraru
875 1126 1026 1198 sedentes;
1051 1138 1079 1188 et
1099 1136 1313 1206 apparuerunt

97 1227 162 1290 illis
192 1227 366 1306 dispertitae
396 1223 515 1302 liupuce
542 1235 682 1306 tanquam
703 1230 794 1307 ipnis.
828 1227 1025 1309 sederuntque
1053 1245 1148 1306 supro
1175 1228 1311 1308 sinpulos

97 1345 218 1400 eorum;
242 1337 271 1388 et
292 1324 404 1404 repleti
422 1336 495 1387 sunt
518 1344 617 1388 omnes
639 1326 759 1407 Spiritu
781 1340 896 1404 sancto,
919 1339 948 1390 et
970 1325 1136 1414 coeperunt
1154 1328 1236 1409 loqui
1255 1347 1310 1390 ua-

98 1434 154 1491 riis
176 1427 300 1506 liupuis,
326 1436 423 1506 prout
444 1425 580 1505 Spiritus
602 1439 726 1490 sanctus
756 1428 845 1490 dabat
872 1429 971 1509 eloqui
996 1429 1071 1491 illisi
1111 1429 1186 1490 Hinc
1206 1437 1310 1509 postca

101 1529 288 1610 impositione
309 1545 448 1589 manuum
469 1527 678 1607 Apostolorum
701 1529 828 1608 Spiritus
858 1539 976 1592 sanctus
1004 1529 1234 1592 renascentibus·
1255 1533 1309 1592 da-

100 1631 193 1694 butur.
236 1623 361 1703 Quidam
383 1629 507 1709 insuper
523 1629 638 1709 Agabus
660 1631 692 1692 in
714 1631 816 1693 codem
839 1631 1009 1694 vaticinatus
1032 1641 1088 1706 est,
1109 1631 1207 1692 siens:
1220 1613 1310 1694 'Haec

98 1736 170 1798 dt'cit
189 1732 324 1814 Spiritus
346 1741 480 1794 sanctus.
522 1731 560 1793 Et
580 1731 704 1795 Paulus:
738 1733 776 1796 ln
798 1751 853 1814 pua
876 1752 928 1796 aas
952 1727 1084 1813 Spiritus
1107 1742 1230 1794 sanctus
1249 1751 1310 1813 pc-

93 1841 157 1898 suit
177 1839 347 1917 episaopas,
370 1850 474 1911 repere
497 1831 657 1896 Ecclesiam
677 1833 749 1905 Dei,
783 1853 871 1916 mans
897 1839 1055 1915 acquisivit
1077 1839 1208 1914 proprio
1237 1852 1310 1896 scn-

91 1942 194 2018 puine.
254 1935 291 1997 Et
323 1932 466 1996 Eunucho
498 1933 645 2015 baptizato
678 1935 812 2017 Spiritus
840 1937 964 1999 Domini
993 1939 1098 2017 rapuit
1128 1934 1309 2016 Philippum.

91 2038 221 2120 Scripsit
241 2053 356 2116 quoque
380 2035 501 2096 Petrus:
529 2035 729 2117 Reportantes
757 2039 849 2118 finem
875 2039 948 2118 fidei
974 2037 1100 2100 salutem
1128 2041 1309 2098 animorum.

91 2142 137 2204 De
160 2159 220 2221 pua
241 2137 339 2200 salute
361 2141 569 2219 espuisierunt
590 2147 679 2218 atque
700 2143 832 2201 scrutati
851 2149 924 2201 aunt
944 2137 1119 2218 Proplutae,
1143 2141 1195 2217 qui
1208 2137 1242 2199 de
1255 2138 1310 2217 su-

91 2253 167 2304 tura
188 2245 221 2302 in
242 2239 326 2302 uadis
354 2243 455 2317 pratia
472 2238 748 2318 prophetaverunt,
782 2249 953 2300 scrutantes
981 2242 1014 2299 in
1042 2239 1120 2316 quod
1145 2237 1196 2298 ccl
1222 2237 1309 2316 quale

91 2357 210 2423 tempus
233 2329 460 2421 sipnificaretur
481 2343 513 2399 in
535 2343 577 2400 eis
599 2337 734 2419 Spiritus
760 2339 885 2409 Christi,
904 2342 1130 2418 praenuncians
1161 2355 1211 2398 cas
1235 2351 1393 2418 quaestu.

91 2448 126 2504 iu
150 2442 270 2504 Gltristo
292 2451 363 2504 sunt
380 2444 539 2519 passiones
566 2450 594 2502 et
611 2446 800 2520 posteriores
823 2438 948 2520 picrias.
991 2439 1117 2500 loannes
1139 2438 1209 2500 item
1233 2438 1308 2500 scri-

92 2543 154 2603 bit:
182 2541 222 2603 ln
243 2541 296 2603 ltoa
316 2546 535 2622 copnoseimus,
564 2545 705 2622 quoniam
733 2546 766 2602 in
792 2559 825 2603 ea
851 2559 1003 2603 nmnnnns
1026 2550 1054 2602 et
1076 2545 1139 2622 ipse
1161 2545 1193 2603 in
1213 2541 1308 2614 nadr's,

91 2646 235 2725 qusniam
257 2642 290 2704 de
311 2641 430 2722 Spiritu
451 2661 506 2705 sua
530 2644 608 2706 dedit
628 2644 724 2706 nodis.
767 2641 872 2704 Paulus
895 2642 1029 2704 similiter
1050 2642 1123 2704 hoec
1144 2643 1179 2704 sd
1197 2642 1308 2704 Roma-

89 2765 149 2808 nos
170 2743 287 2807 scribit:
319 2743 375 2807 Vos
397 2755 494 2807 sutem
515 2748 547 2806 in
569 2735 659 2806 carne
680 2763 742 2806 non
764 2748 850 2816 estis,
879 2747 983 2808 sedin
1005 2749 1132 2825 spiritus
1163 2747 1192 2804 si
1211 2753 1309 2804 tamen

92 2847 231 2927 Spiritus
249 2844 308 2909 Dei
328 2845 442 2908 habitat
463 2850 496 2906 in
517 2847 610 2908 colis,
654 2844 691 2908 Si
717 2849 782 2926 puis
809 2857 908 2908 autern
928 2845 1077 2926 Spiritum
1107 2843 1223 2906 Cleristi
1248 2863 1309 2907 nan

96 2949 190 3018 iubet,
213 2930 259 3010 iu
282 2965 345 3008 non
366 2958 411 3009 est
432 2951 504 3010 eius.
549 2946 585 3008 Si
604 2957 702 3008 autern
720 2946 857 3010 Christus
881 2951 912 3008 in
933 2948 1016 3010 cadis
1039 2956 1091 3017 est,
1115 2964 1226 3025 carpus
1241 2950 1308 3027 pui-

98 3049 163 3109 dern
181 3059 334 3111 mortuum
355 3058 400 3111 est
419 3059 548 3129 propter
566 3057 735 3128 peccatum,
769 3051 895 3127 spiritns
923 3067 994 3110 cera
1023 3051 1085 3108 aito
1114 3057 1158 3107 est
1175 3057 1307 3125 propter

97 3152 247 3212 iustitiam
296 3148 385 3222 Quod
416 3154 445 3211 si
468 3149 604 3231 Spiritus
633 3153 712 3219 eius,
747 3151 798 3226 qui
824 3151 950 3210 suscitat
980 3148 1131 3210 Olsn'stum
1159 3145 1258 3206 lesum
1288 3163 1308 3205 o

91 3254 238 3322 mortuis,
269 3251 382 3313 ltclitct
404 3254 436 3312 in
457 3251 555 3320 uadis,
585 3254 636 3332 pni
656 3253 814 3312 snscitccit
835 3246 934 3309 lesum
957 3247 1107 3310 Christum
1130 3265 1148 3307 a
1169 3250 1307 3318 mortuis,

89 3351 257 3433 vivificabit
288 3361 316 3412 et
336 3351 478 3416 mortalia
501 3369 632 3432 corpora
652 3363 755 3414 uestra
772 3359 902 3429 propter
923 3348 1137 3411 inmittentem
1157 3347 1307 3428 Spiritum

89 3459 154 3516 eius
179 3457 211 3514 in
232 3452 326 3514 codis.
369 3451 406 3515 Et
420 3453 457 3514 sd
472 3451 656 3537 Corinthios:
679 3441 813 3531 Spiritus
830 3453 905 3512 enim
921 3453 1204 3526 omniasorutotur,
1220 3453 1309 3512 etiarn

122 3675 140 3724 l.
162 3666 193 3721 ir
210 3655 232 3737 d
249 3664 319 3738 cipido
336 3673 447 3722 omittant
464 3673 520 3736 Reg.
538 3673 559 3721 l.
577 3673 674 3734 segnes.
724 3665 883 3737 παθήματα.
901 3665 947 3718 καὶ
961 3661 1101 3728 Ἰωάννης·
1116 3663 1146 3719 dr
1163 3663 1250 3735 τούτῳ
1261 3677 1307 3720 etc.

86 3741 192 3794 Gubler.
211 3750 234 3790 et
251 3741 354 3790 Felcim.
374 3741 395 3790 l.
726 3741 783 3789 item
803 3740 859 3790 ibid.
877 3739 948 3788 Besil.
966 3731 1124 3786 ἐπίστευεν.

121 3826 145 3872 g.
168 3809 311 3869 nuptm
330 3803 379 3856 iou.
414 3809 558 3870 AtSegaer.
579 3805 675 3858 Gobler.
759 3807 775 3857 l.
794 3806 974 3868 Basil.etingl.
993 3797 1095 3854 ἐνοικεῖ.
1134 3808 1199 3864 Quae
1217 3805 1306 3856 ibidem

86 3887 110 3928 et
130 3875 243 3928 Selcltuu
260 3876 281 3926 l.
328 3873 430 3942 peccori.
725 3883 856 3939 sequuntur
874 3889 948 3938 usque
967 3874 996 3923 sd
1005 3867 1127 3938 Χριστὸς
1144 3865 1172 3922 ir
1182 3865 1247 3939 ipio
1263 3875 1307 3922 hs-

121 3971 136 4018 h
170 3981 201 4016 ,υ
222 3967 419 4020 mmmm
455 3967 470 4017 2
513 3967 675 4018 Mffldemet
723 3943 781 3991 bent
799 3943 872 4004 liegii,
886 3942 984 4002 Sagusr.
1003 3941 1306 4004 Angliioblenetl'alck-

84 4007 146 4099 1393:
162 4037 185 4086 ¹.
203 3981 228 4086 ει
245 4037 342 4100 seem
357 3984 476 4102 ἓγραᾏε]
690 4063 693 4070 ,
725 4011 804 4088 manni
817 4010 838 4058 1.
857 4019 880 4058 ct
897 4009 965 4088 restit
982 4010 1097 4068 Nunnius,
1116 4010 1187 4087 ceteri
1207 4018 1229 4092 et
1249 4009 1306 4060 editi
1356 4019 1358 4028 ⁴

248 4138 271 4180 i
405 4122 481 4204 rire.
723 4085 845 4196 uls
872 4079 977 4196 tin
992 4079 1140 4210 scitu
1158 4081 1305 4195 uisu

120 4216 145 4264 t.
166 4213 207 4263 Sic
229 4228 313 4264 omnes
337 4228 395 4263 mss.
419 4223 513 4278 prsetsr
530 4212 633 4262 Fsloltm.
648 4212 672 4262 2.
723 4203 867 4278 ἁμαρτίαν.
886 4214 964 4264 tutet
976 4214 1031 4264 aditi
1043 4206 1148 4272 atteia
1159 4206 1304 4279 ἁμαρτίαν.

29 4319 38 4338 ,
84 4289 108 4332 et
128 4282 231 4344 Regiam
250 4281 282 4342 2.,
306 4283 345 4346 qui
371 4288 395 4330 at
414 4281 671 4344 GrsscnsSeripturac
756 4295 787 4330 m.
806 4281 936 4342 Siallagii,
955 4281 1052 4343 Seguer.
1071 4281 1240 4341 Besilinglic.
1260 4289 1304 4324 nec

84 4341 281 4408 textusidp'ion
299 4344 329 4396 sd
347 4342 376 4398 ir
395 4340 494 4401 citou.
529 4349 579 4398 ttox
598 4349 674 4410 liegii,
722 4363 768 4397 nou
780 4351 883 4398 Graccus
897 4351 1034 4412 Scripturas
1045 4358 1129 4408 textus,
1148 4341 1302 4416 stitesetuip

84 4417 190 4478 Segner.
209 4418 305 4468 Gobler.
323 4425 346 4467 ot
364 4417 498 4467 Sulcuml.
515 4429 670 4481 upapupru-
721 4415 836 4465 Commcl.
855 4409 1014 4482 ἐγείροντος.
1044 4405 1299 4466 strumentorum

84 4479 233 4550 pauperos.
267 4485 358 4536 lbidem
376 4486 472 4536 Goblcr.
492 4485 670 4535 silescunt.
720 4485 772 4534 llos
787 4474 892 4543 'lusoir
910 4487 977 4540 abest
995 4501 1008 4534 u
1025 4487 1081 4546 llsg.
1093 4485 1114 4532 l.
1133 4489 1156 4528 ot
1174 4479 1271 4537 Scim-

466 4561 478 4588 0
