3214 5048
144 321 149 330 .
240 259 305 326 378
638 273 664 316 ι.
679 271 835 316 Armua
849 267 1075 316 ιεαυιεειεεοει

151 421 276 491 κενεόν
298 415 482 509 ἠρνήσαντο
504 417 615 506 κόριον
636 419 824 506 καθήμενον
847 418 904 488 έπλ
926 419 1001 487 ’τόν
1029 418 1155 507 θρόνον
1175 423 1235 487 τοῦ
1257 423 1389 509 πατρὸς
1402 420 1490 500 ,αῦ-

151 545 228 591 αυτ.
238 527 298 596 τοῦ
320 524 376 592 καί
397 529 551 608 κρίνοντα
574 522 697 604 ζῶντας
718 523 772 590 καί
795 521 941 609 νεκρούς,
965 521 1141 610 δυνήσεταί
1162 547 1213 602 τις
1235 522 1283 603 εἰς
1303 524 1487 612 βοήθειαν

238 625 531 695 1’έπιιιαλέσασθαί
551 648 627 692 τινα
647 625 713 692 τῶν
735 626 793 692 νῦν
815 619 1075 712 ἀπατησάντων·
1097 629 1309 712 κρινομένους
1328 625 1393 712 γὰρ
1418 631 1482 694 καὶ

165 721 168 728 “
239 725 359 808 αὐτοὺς
381 723 527 809 ὄψονται
545 724 601 794 καί
615 727 899 811 μεταμελομένους
913 719 964 815 ἐφ’
983 719 1034 806 οἷς
1048 719 1205 814 ἠδίκησαν
1220 724 1277 794 καὶ
1290 721 1480 816 ἠσέβησαν.

324 836 376 898 44.
423 831 536 897 Ταῦτα
557 826 625 916 πρὸ
646 831 705 896 τοῦ
727 828 827 916 ῥητοῦ
848 831 915 897 τῶν
937 830 1128 916 παροιμιῶν
1148 833 1233 909 τέως
1254 827 1477 915 όιαλόβομεν,

239 928 447 1016 ἐνιστάμενοι
476 930 562 1018 πρὸς
590 929 650 1010 τὰς
679 923 819 1017 ἀλόγους
847 929 882 998 έκ
908 930 1045 1019 καρδίας
1065 923 1174 997 αὐτῶν
1195 931 1478 1015 μυθσπλαστίας,
1575 977 1576 1014 3

239 1033 296 1102 ‘66
316 1031 447 1120 γνόντες
468 1028 514 1112 ὦς
536 1027 594 1116 οὐχ
616 1028 752 1119 άρμόζει
773 1033 877 1120 λέγειν
900 1037 1021 1117 κτίσμα
1042 1031 1101 1100 τὸν
1122 1030 1195 1098 υίὸν
1216 1034 1276 1098 τοῦ
1301 1035 1387 1100 θεοῦ
1402 1033 1477 1118 μά-
1575 1059 1576 1122 j

238 1141 331 1204 θωσι
351 1137 459 1214 καλῶς
480 1128 714 1221 ἀναγινώσκειν
735 1136 789 1201 καί
813 1127 907 1202 αὐτοί
929 1131 968 1201 τό
991 1133 1025 1202 έν
1046 1143 1122 1213 ταῖς
1142 1139 1343 1221 παροιμίαις
1356 1133 1473 1223 ῥητόν,

202 1261 205 1266 ’
239 1231 346 1324 όρθήν
375 1234 447 1320 έγον
474 1238 530 1303 καὶ
561 1229 642 1302 αῦτῦ
663 1234 722 1323 τήν
744 1233 904 1304 διάνοιαν.
952 1240 1136 1323 γέγραπται
1160 1236 1220 1320 μέν
1245 1232 1324 1322 γάρ·
1357 1235 1475 1324 κέρως

239 1338 347 1408 έκτισέ
368 1361 410 1422 με
431 1331 531 1424 ἀρχὴν
554 1331 640 1406 ὁδῶν
664 1331 764 1404 αὐτοῦ
788 1337 836 1417 είς
858 1337 936 1424 έργα
958 1330 1058 1404 αὐτοῦ
1068 1340 1105 1418 ’)·
1128 1331 1197 1404 ἀλλ’
1214 1335 1329 1424 ἐπειδή
1342 1361 1472 1425 παροι-

236 1446 314 1526 μίαι
342 1437 406 1509 είσλ
433 1441 486 1507 καλ
519 1439 760 1526 παρυιμιωόῶς
788 1438 922 1527 έ,λέχθη
958 1434 996 1507 οῦ
1027 1438 1079 1507 δεῖ
1099 1438 1159 1528 τήν
1180 1437 1357 1524 πρόχειρον
1379 1441 1472 1520 λέξιν

106 1553 110 1562 ’
238 1539 356 1621 άπλιῦς
388 1537 494 1621 οῦτως
521 1540 750 1664 ἐκλαμβάνειν,
780 1535 882 1609 ἀλλὰ
908 1541 948 1608 τὸ
969 1539 1151 1628 πρόςωπον
1175 1541 1281 1628 ζητεῖν
1303 1543 1358 1608 και
1381 1536 1471 1608 οῦτω

237 1638 306 1731 μετ’
332 1636 499 1728 εὐσεβείας
528 1641 586 1710 τὸν
608 1645 684 1711 νοῦν
707 1638 967 1732 έφάρμόζειν’
928 1645 1027 1729 αυτῷ.
1065 1641 1108 1710 τά
1128 1641 1190 1728 γάρ
1212 1641 1246 1710 έν
1268 1648 1470 1729 παροιμίαις

162 1815 166 1836 ,
238 1744 398 1834 λεγόμενα
419 1739 477 1812 οῦκ
498 1744 534 1812 ἐκ
556 1767 697 1834 φανερου
683 1745 852 1831 λέγεται,
876 1739 961 1812 ἀλλὰ
975 1749 1200 1831 κεκρυμμένως
1215 1738 1468 1831 ἀπαγγέλλεται,

239 1843 304 1927 ὡς
313 1840 411 1926 αῦτὸς
433 1842 470 1915 6
498 1844 611 1934 κόριος
640 1846 691 1914 έόί
678 1845 832 1927 ίόαξεν’
817 1873 851 1914 εν
873 1849 920 1935 τῷ
942 1847 1026 1916 κατὰ
1044 1841 1194 1970 Ἰωάννην
1216 1841 1393 1934 εὐαγγελίῳ
1352 1846 1471 1913 ί-λέ

237 1970 320 2036 γων·
348 1951 452 2016 ταῦτα
480 1947 514 2016 έν
535 1954 736 2034 παροιμίαις
758 1947 919 2036 λελάληκα
939 1943 1035 2033 ῦμίν,
1059 1941 1171 2014 ἀλλ”
1153 1972 1281 2032 ερχεται
1303 1943 1394 2033 ιῦρα,
1413 1943 1470 2015 ότε
1575 1967 1576 2036 6

142 2139 144 2142 Ι
239 2045 348 2120 οῦκέτι
369 2049 403 2118 έν
425 2056 624 2138 παροιμίαις
645 2049 778 2138 λαλήσω
793 2045 881 2135 ῦμῑν,
905 2043 990 2117 ἀλλὰ
1004 2049 1217 2138 παῤῥησίᾳἿ.
1249 2043 1365 2117 οῦκοῦν
1380 2044 1470 2143 ἀπο-
1575 2047 1576 2068 ³

236 2151 414 2222 καλύπτειν
434 2151 494 2238 χρή
517 2150 575 2218 τὸν
598 2155 675 2239 νοῦν
696 2155 755 2219 τοῦ
777 2153 887 2240 ῥητοῦ,
911 2148 958 2232 ὥς
978 2156 1195 2238 κεκρυμμένον
1217 2177 1254 2218 τε
1274 2154 1392 2220 τοῦτον
1414 2151 1469 2239 ζη-

236 2266 306 2325 τεῖν
333 2253 390 2323 καί
416 2253 461 2341 μή
490 2249 536 2333 ιῦς
565 2252 599 2324 έν
627 2255 799 2342 παῤῥησίφ
821 2253 990 2341 εἰρημένον
1012 2248 1129 2332 άπλιῦς
1151 2252 1383 2340 ἐκλαμβάνειν,
1413 2253 1469 2322 ἵνα

235 2355 281 2446 μή
310 2354 592 2444 παρεξηγοόμενοι
619 2359 847 2444 πλανηθῶμεν
877 2348 947 2422 ἀπὸ
974 2357 1037 2452 τής
1060 2348 1233 2443 ἀληθείας.
1270 2354 1300 2422 εί
1326 2357 1387 2440 μέν
1410 2344 1467 2422 οῦν

112 2451 118 2459 ’
236 2463 315 2542 περί
345 2453 481 2544 ἀγγέλου
508 2453 530 2545 ή
560 2457 672 2544 ἑτέρου
700 2456 791 2536 τινὸς
812 2460 879 2523 τῶν
900 2457 1060 2543 ’γενητῶν
1083 2455 1155 2524 ἐστι
1176 2454 1215 2522 τὸ
1237 2463 1466 2544 γεγραμμένον,

67 2563 72 2570 ’
238 2554 284 2636 ὥς
304 2560 384 2642 περὶ
407 2555 480 2634 ένὸς
501 2553 594 2642 ήμῶν
615 2561 682 2623 τῶν
704 2558 901 2645 ποιημάτων
924 2557 1009 2625 έστω
1032 2555 1206 2643 λεγόμενον
1227 2557 1267 2624 τὸ
1288 2557 1395 2626 έκτισέ
1407 2580 1465 2642 με·

238 2658 267 2728 εί
289 2657 326 2726 66
347 2653 367 2748 6
390 2661 496 2744 σοφία
518 2659 577 2724 τοῦ
600 2660 685 2725 θεοῦ
709 2658 815 2739 έστιν,
839 2657 872 2726 έν
895 2647 916 2746 ᾗ
938 2657 1050 2726 πάντα
1071 2658 1114 2726 τὰ
1134 2655 1250 2744 γενητὰ
1271 2656 1462 2743 δεδημιούρ-

236 2783 349 2847 γηται,
372 2753 392 2846 6
414 2756 509 2844 ’περὶ
532 2757 649 2848 ἓαυτής
671 2761 827 2846 λέγουσα,
855 2766 889 2829 τί
912 2761 963 2830 δεῖ
984 2770 1072 2828 νοεῖν
1094 2753 1115 2846 ἠ
1138 2756 1189 2826 ότι
1208 2756 1247 2824 τὸ
1269 2756 1374 2825 όκτισε
1395 2757 1460 2846 φά-

238 2881 363 2929 σκουσα
385 2854 443 2928 οῦκ
465 2859 612 2932 ἐναντίον
633 2865 681 2950 τῷ
704 2862 852 2951 ἐγέννησε
874 2863 969 2948 λέγει,
994 2857 1072 2930 0666
1091 2856 1136 2941 ὦς
1151 2859 1387 2948 έπιλαθομένη,
1410 2855 1461 2929 ότι

237 2961 392 3045 κτίζουσά
413 2961 485 3032 έστι
507 2963 563 3032 καὶ
584 2963 791 3053 δημιουργός,
815 2958 836 3052 6
858 2959 1024 3051 ἀγνοοῦσα
1045 2961 1103 3050 τὴν
1127 2962 1293 3052 διαφορὰν
1314 2965 1373 3030 τοῦ
1396 2968 1461 3030 κτί-

238 3065 351 3148 ζοντος
375 3069 433 3152 «καὶ
460 3069 527 3135 τῶν
555 3067 744 3152 κτισμάτων
766 3065 800 3134 ἐν
822 3077 894 3146 τοῖς
917 3074 1093 3152 κτίσμασιν
1115 3063 1233 3151 ἑαυτήν
1256 3069 1470 3151 συναριθμεϊ,·

237 3163 323 3238 ἀλλά
343 3195 419 3238 τινα
441 3173 532 3250 νοῦν,
557 3163 659 3248 ιῦςέν
681 3173 896 3254 παροιμίαις,
921 3163 959 3236 οῦ
982 3168 1168 3255 παρῤησίᾳ,
1192 3171 1407 3252 κεκρυμμένον
1428 3167 1462 3234 66

237 3277 406 3359 σημαίνει,
430 3269 467 3337 ὃν
490 3281 577 3348 τοῖς·
583 3269 644 3352 μὲν
667 3264 775 3388 άγίοις
796 3269 929 3338 ένέπνεε
951 3268 1189 3356 προφητεύειν,
1213 3262 1316 3355 ἀὐτή
1339 3266 1375 3334 66
1394 3291 1453 3354 μετ

238 3365 369 3455 όλίγαέ
368 3397 390 3436 κ
411 3368 626 3456 παραλλήλου
647 3367 686 3434 τὸ
710 3369 891 3440 έκτισενέν
914 3371 1041 3458 ἑτέραις
1056 3370 1165 3451 λέξεσι
1179 3366 1387 3455 σημαίνουσά
1401 3369 1460 3457 φή

238 3491 308 3536 σιν·
328 3459 480 3588 ήσοφία
502 3449 749 3590 ᾠκοδόμησενέ
751 3474 832 3560 αντη
855 3466 995 3554 oluff),-
1028 3473 1127 3558 όήλον
1150 3470 1224 3538 όέέ
1226 3493 1299 3539 στιν
1314 3465 1404 3538 οἶκον
1417 3464 1460 3537 ελ-

237 3593 294 3638 ναι
314 3572 373 3654 τῆς
395 3576 519 3657 σοφίας
540 3569 579 3636 τὸ
601 3565 757 3658 ἡμέτερον
773 3576 879 3659 σῶμα,
903 3569 987 3658 ὅπερ
1003 3499 1177 3658 άνάλαβιλν
1191 3578 1321 3659 γέγονεν
1334 3569 1460 3659 ἀνθρω-

237 3692 319 3750 πυς·
351 3671 404 3738 καί
433 3670 568 3751 εἰκότως
589 3672 763 3760 παράν
702 3676 763 3758 μέν
781 3670 931 3742 Ἰωάννου
953 3674 1097 3760 λέγεται
1132 3668 1271 3760 όλόγος
1293 3671 1458 3760 σάρξέγέ·

238 3777 360 3856 νετοέ),
385 3771 499 3840 όιόιέ
463 3773 499 3839 66
521 3774 737 3860 ιιΣολομῶνος
759 3801 839 3864 περι
829 3770 1018 3865 έαοτήςί
998 3802 1018 3863 η
1042 3775 1254 3866 σοφίαμετὰ
1275 3772 1459 3863 παρατηρή-

307 3964 332 4024 1)
351 3965 418 4014 Pro
437 3961 461 4023 8,
481 3963 520 4014 22.
590 3964 615 4025 2)
634 3966 700 4018 Ιοευ
723 3965 760 4026 16,
780 3966 820 4018 25.
891 3966 916 4028 3)
935 3967 1003 4018 Ρτον
1023 3965 1047 4028 9,
1068 3967 1091 4019 4.
1159 3967 1271 4028 6106.
1294 3965 1418 4029 614..

272 4115 297 4152 ι.
314 4101 370 4164 fleg.
384 4101 523 4151 etFelckm
540 4101 563 4152 5.
581 4093 627 4152 ίπι
643 4100 693 4150 τοῦ
677 4093 825 4168 υθρόνου
877 4098 988 4153 λεῖσθαί
1003 4114 1078 4150 τινα·
1096 4093 1322 4169 κρινομένουςγᾶ
1323 4107 1393 4165 θεία
1415 4097 1458 4148 ίίιὶ

237 4171 338 4248 θερέω.
356 4168 414 4219 ibid.
432 4163 537 4237 πατρὸς
553 4163 659 4250 ἑαυτοῦ.
687 4171 826 4222 ῦείαλωηί
877 4169 1046 4249 έεωθρσΙετ.
1066 4171 1170 4219 Felckm.
1184 4167 1205 4216 1.
1215 4167 1275 4218 εεί
1293 4161 1459 4233 κρινομένους

238 4227 653 4290 τῦτνόσ.λ1ῦείεέίιίαυτου.
876 4227 1056 4301 γῦραότοῦτι

270 4305 295 4356 b.
313 4305 413 4368 Seguer.
425 4305 562 4358 etFelckm.
569 4307 593 4358 4.
602 4299 824 4357 summam·
913 4301 1051 4352 c..Gobler
1076 4308 1100 4350 ιι
1125 4287 1493 4360 ίεΙυλω.1.ἀλλόιοτρότ-

239 4373 330 4424 Ibidem
349 4373 448 4438 Seguor.
467 4383 491 4425 εί
509 4375 597 4436 Regius
614 4371 672 4422 τιῦν
679 4369 739 4420 νῦν
757 4361 826 4422 οἰντα-Ι
878 4381 961 4418 ωπον.

238 4432 390 4523 maium:
426 4438 824 4502 ΒιείΙ.λυςΙ.θο1νΙετ.1·“ε.Ιε4αι
910 4417 1455 4508 ε.ῦουια.ιιέε1ε1ιω.ι.όκέριωέηη

239 4509 329 4562 1..εε5
348 4508 405 4558 τῶν
423 4457 630 4567 ἀπατησόντων.
655 4505 718 4554 Edit!
736 4496 826 4552 ίπικα·
878 4501 965 4552 ταῦτα
988 4495 1018 4552 ίν
1040 4495 1210 4570 παροιμίαις.
1247 4499 1307 4554 ibid.
1327 4497 1453 4564 seguntiam.
