3174 5082
241 227 291 300 26
756 241 944 290 musmo.

247 395 383 462 iaculato
405 403 436 458 et
463 393 628 473 scripturae
660 409 762 456 romae
794 391 1047 456 demonstratione
1078 392 1166 470 louge
1200 401 1372 472 superata
1399 412 1476 458 esso

246 495 397 563 iudicarit.
438 494 502 557 vid.
525 493 550 556 Ι.
574 493 607 556 S.
631 494 851 574 baumgartens
877 493 1107 572 Untsrsusbnsp
1128 492 1346 573 thoolcpr'rcier
1367 494 1474 561 Stesi-

248 600 400 679 tr'plrciten.
444 595 507 658 Vol.
522 594 574 658 lll.
598 595 707 658 histor.
723 588 940 675 Eisieiturtpp.
957 597 1028 658 tuti.
1043 599 1082 671 ⁴¹).
1126 593 1207 657 idem
1222 593 1253 656 in
1269 595 1349 658 lint
1366 595 1473 660 sets.

247 698 365 762 selectis
389 715 473 778 sopp.
497 696 582 760 Thur.
603 696 626 758 l.
650 715 679 776 p.
705 697 775 761 179.
799 696 848 759 ubi
870 695 987 776 potiora
1016 695 1158 775 matum
1178 693 1330 774 Athanasii
1359 696 1472 777 scripta

248 798 505 872 commemorarit,
537 797 575 861 de
596 797 643 860 his
665 796 788 860 strictim
818 796 983 876 subiungit:
1012 796 1079 860 isto
1099 807 1199 859 entem
1220 797 1387 876 deprensa
1407 815 1473 860 sorr

12 933 13 972 ι
142 979 144 984 Δ
250 903 371 963 mnino
394 911 498 964 aurern
530 901 717 980 suspicioncr
750 899 823 962 odeo
855 897 952 962 nubo
982 897 1079 980 lutino
1105 899 1209 977 potine
1223 911 1227 919 ’
1242 914 1330 978 pm
1359 917 1470 979 proteo

248 1005 607 1084 animumanimum
641 1001 677 1064 de
698 1002 951 1080 interpretatione
983 997 1062 1060 nihil
1094 1001 1215 1060 omino
1241 999 1470 1077 mrim-font,

249 1102 326 1170 odeo,
345 1106 502 1166 inemec
521 1111 635 1164 tractet
649 1099 705 1164 SS.
729 1099 804 1170 locu.
827 1112 863 1164 nt
883 1100 1024 1170 simonos,
1046 1100 1190 1180 omnimo·
1211 1109 1330 1164 nuceto
1351 1101 1472 1178 fuerim

248 1207 309 1266 isto
330 1206 453 1284 scriptu,
475 1207 587 1269 mirum
609 1208 649 1266 rit
671 1205 845 1282 reposuisse
867 1201 954 1264 sitit.
996 1199 1078 1262 lines
1099 1208 1130 1262 et
1149 1199 1205 1264 alia
1226 1200 1282 1262 oni
1302 1199 1469 1262 doctissimi

232 1304 380 1378 ‚sermm
409 1323 484 1384 quoe
514 1321 594 1366 onoc
618 1321 680 1364 nou
707 1302 830 1366 multum
858 1303 942 1364 abest
963 1302 1034 1383 quin
1058 1311 1169 1364 temere
1190 1301 1304 1381 prolata
1325 1287 1468 1372 dieamus,
1573 1337 1574 1340 =

245 1407 353 1469 mirum
386 1413 528 1484 quantum
560 1405 736 1484 placuerunt
767 1403 837 1466 otim
865 1413 895 1466 et
921 1403 1045 1484 probata
1079 1411 1150 1466 sunt
1179 1402 1254 1476 illis,
1286 1403 1336 1482 qui
1369 1402 1468 1464 auimo
1573 1403 1574 1406 ’

245 1506 365 1570 alienati
388 1515 473 1569 erent
495 1525 512 1566 a
533 1505 666 1568 doctriua
690 1504 885 1568 ecelesiastica
908 1513 940 1567 et
960 1504 1152 1584 opinionibus
1169 1505 1234 1566 suis
1258 1503 1297 1566 ita
1313 1502 1465 1566 mosomii

246 1615 362 1679 mente,
390 1614 424 1666 nt
444 1607 475 1668 in
498 1606 618 1669 intimos
651 1606 818 1685 theologiae
838 1606 1053 1670 htbaumioueo
1069 1624 1212 1668 racemus
1245 1624 1301 1666 uec
1328 1615 1469 1685 cuperent
1573 1645 1574 1672 ;

247 1725 303 1771 neu
323 1715 449 1786 possent
470 1714 636 1786 penetrare.
679 1708 755 1771 lliuc
777 1709 819 1770 lo.
840 1707 911 1770 Ero.
934 1707 1120 1770 Christianus
1143 1707 1279 1770 Schmidt
1303 1706 1335 1766 io
1356 1706 1467 1768 llistor.

247 1807 445 1872 ecclesiastica
478 1808 657 1883 (llnndlnoi
690 1810 743 1873 tier
776 1809 969 1873 ehrr'atlr‘then
1001 1807 1310 1890 Kircbengsseltr'ehte)
1346 1807 1409 1868 Vol.
1431 1806 1467 1868 ll.

246 1925 277 1988 p.
303 1911 372 1974 tos.
396 1927 441 1987 sq.
464 1909 589 1974 Sernleri
610 1910 732 1990 vestigia
753 1929 860 1991 presse
881 1919 1002 1974 secutus
1023 1910 1215 1972 Athanasium
1244 1927 1310 1970 cem
1340 1907 1466 1988 seriptu-

246 2008 330 2072 ribus
350 2009 449 2072 lstinis
471 2011 594 2084 Hilario,
615 2011 745 2074 Eusebio
767 2012 956 2086 vercellensi,
978 2012 1127 2086 Luciloro‚
1149 2009 1321 2074 Phoebadio
1343 2027 1466 2089 compo-

246 2110 292 2172 nit
313 2111 468 2174 ethorum
491 2113 622 2178 omniunt
643 2113 737 2176 libros
752 2114 789 2176 de
810 2115 947 2194 dogmate
968 2121 1161 2176 eonuoserso
1182 2110 1367 2192 conscriptos
1388 2109 1467 2190 perri

246 2212 334 2292 pretii
357 2231 425 2274 esse
448 2215 565 2287 statuit,
596 2215 674 2294 quod
703 2216 763 2294 ipsi
782 2233 888 2296 parum
914 2214 1085 2278 subtilitatis
1108 2223 1147 2302 et¹
1163 2212 1386 2294 perspicuitatis
1402 2211 1467 2290 sive

113 2316 119 2322 '
233 2313 449 2394 explicationis
472 2302 509 2378 ed
529 2333 596 2378 reru
618 2315 798 2378 tractandam
827 2316 1010 2380 attulissent:
1039 2315 1107 2378 ideo
1136 2310 1398 2381 extrema'soeuuii
1420 2312 1466 2374 lll.

245 2423 329 2494 parte
352 2415 540 2496 Cappadoces
562 2416 721 2478 nonnullos
744 2417 890 2480 dochinis
915 2417 1123 2480 instructiores
1145 2425 1176 2477 et
1196 2415 1312 2478 dicendi
1333 2414 1468 2476 iambnte

245 2514 404 2588 florentes,
437 2515 584 2595 imprimis
610 2516 751 2580 Basilium
782 2527 812 2619 gt
839 2518 1017 2597 Gregorius,
1044 2517 1228 2580 deierrdentlu
1256 2517 1313 2580 ute
1342 2515 1466 2578 Nioeena

246 2615 402 2678 maximam
429 2615 545 2678 laudem
572 2627 749 2682 consecutos
777 2637 855 2680 esse.
898 2617 1111 2680 Muensoborus
1133 2625 1231 2680 auum
1254 2617 1465 2680 inhibentem

245 2732 308 2778 uon
329 2716 419 2779 ruodo
442 2717 618 2780 eruditionis
639 2719 883 2794 mediocritatem,
905 2727 1055 2781 contortos
1069 2719 1235 2797 scripturae
1250 2737 1350 2781 sanae
1363 2717 1464 2780 inter·
1573 2739 1574 2806 l

245 2817 427 2896 prolationes
448 2818 656 2898 scribendique
678 2821 921 2882 consuetudinem
944 2818 1077 2898 neglecto
1099 2837 1200 2881 rerum
1222 2819 1327 2882 ordine
1347 2827 1377 2880 ct
1396 2836 1464 2880 ete-

246 2915 310 2980 bris
332 2917 557 2997 repetitionibus
586 2920 691 2982 lectori
721 2919 878 2984 molestent
905 2921 1112 3000 reprehendit,
1142 2920 1196 2982 sed
1225 2920 1312 2982 etiam
1334 2917 1413 2999 quod
1434 2919 1464 2978 in

245 3020 459 3084 controuersiis
488 3021 664 3102 theologicis
694 3022 731 3086 ad
758 3023 962 3104 prodigendos
986 3021 1173 3085 adversarios
1196 3021 1333 3084 omuibus
1354 3017 1464 3082 auibus

244 3121 332 3184 etiem
360 3140 464 3202 parum
492 3122 627 3186 honestis
660 3142 735 3188 usus
764 3123 819 3200 sit,
851 3126 950 3187 minus
972 3141 1042 3186 nero
1076 3122 1265 3184 subtilitatem
1297 3118 1461 3202 disputmdi

242 3221 428 3300 probabilem
457 3232 486 3283 et
512 3223 634 3284 liberale
660 3224 793 3284 veritatis
820 3223 950 3284 studium
977 3221 1172 3300 praestiterit.
1213 3221 1464 3286 vindentiani
1541 3257 1546 3260 -

161 3301 166 3316 '
245 3321 300 3382 nr
327 3320 522 3385 carituose·
548 3321 1004 3398 comminuebantur.
1033 3340 1062 3401 p.
1088 3325 1158 3387 tor.
1207 3324 1303 3386 reso
1331 3323 1464 3386 nonos

246 3417 369 3480 aliorum
412 3415 645 3482 existimationes
678 3419 855 3499 praesertim
888 3421 925 3483 de
958 3421 1056 3484 mimo
1090 3423 1283 3504 moribusque
1319 3431 1349 3485 et
1381 3423 1463 3485 iactis

245 3516 406 3592 Athanasii,
428 3517 459 3579 in
482 3518 590 3598 quibus
612 3519 637 3581 si
659 3521 728 3600 quid
745 3529 793 3584 est
809 3522 881 3598 veri,
903 3529 936 3584 ut
957 3523 1015 3586 lert
1029 3524 1155 3586 bumana
1176 3543 1257 3600 sors,
1279 3523 1310 3587 id
1331 3526 1361 3586 iu
1384 3533 1464 3586 uoto

313 3771 339 3834 *l
357 3773 432 3824 llcrbu
450 3773 551 3826 Seruleri
568 3773 584 3826 l.
603 3775 618 3825 Ι.
637 3784 707 3826 suot:
729 3777 878 3828 Oioerochtet
894 3779 1033 3828 libertatico
1051 3793 1096 3828 oon
1118 3779 1223 3828 notrae
1241 3779 1303 3829 alten
1321 3777 1464 3840 Schriftatti·

245 3857 295 3908 tero
317 3859 358 3909 der
383 3859 542 3910 imbolirehrn
563 3861 644 3924 Portep
667 3863 720 3911 sehr
742 3863 818 3925 pciobt
840 3863 912 3926 nied,
938 3864 992 3912 ders
1011 3877 1035 3911 er
1054 3862 1154 3912 llrheber
1171 3863 1213 3912 der
1236 3863 1349 3924 deunce
1366 3862 1464 3912 bebric—

246 3943 367 4006 rtiaunenp
383 3959 429 3994 aon
447 3944 497 3994 Gott
514 3945 563 3995 uad
581 3946 626 3994 den
642 3945 693 3995 drei
707 3947 822 3998 Paiones
838 3947 899 3996 scie:
918 3961 944 3996 se
962 3948 993 3996 irt
1009 3947 1085 3996 diem
1103 3947 1162 3998 dn'clr
1180 3945 1241 3996 troil
1257 3947 1321 3996 mehr
1339 3945 1463 3996 nuent

245 4027 321 4076 aeincr
338 4027 495 4078 dumniieies
515 4027 712 4093 Verdndertrnperr,
731 4031 770 4081 dic
786 4031 822 4081 olr
843 4030 1008 4094 l'ersolptrapcn
1028 4045 1105 4094 espen
1128 4031 1170 4080 der
1185 4031 1264 4080 raison
1282 4030 1354 4080 Lehrc
1374 4031 1463 4093 pilente

245 4111 376 4173 norpertelit
392 4127 422 4162 ru
438 4111 542 4174 under,
569 4114 619 4164 end
635 4115 661 4164 in
676 4114 769 4166 ltetetr
792 4116 868 4164 reirer
884 4114 1058 4177 mehuapcn,
1085 4115 1124 4164 dte
1139 4114 1291 4176 durbreitunp
1321 4114 1464 4164 meinans

244 4195 317 4248 terre
333 4210 363 4244 ru
380 4197 488 4258 Ιιὲιιὰοιιι,
504 4198 568 4248 ectr
584 4199 641 4248 oder
656 4199 766 4248 mniiiclr
788 4200 929 4250 sedition:
953 4199 989 4249 ota
1007 4199 1062 4248 dcrr
1080 4211 1104 4247 er
1120 4198 1248 4262 tbnhetpt
1264 4199 1313 4247 und
1329 4199 1356 4246 io
1371 4197 1463 4247 Adrisit

245 4280 308 4332 unes
325 4279 513 4344 nierreupenden
532 4281 638 4344 Vprtrepr
655 4283 732 4332 dieser
747 4283 832 4344 tene,
850 4284 899 4332 nod
914 4284 978 4332 ihrer
994 4281 1126 4344 llerbitunp
1144 4296 1186 4332 eus
1204 4281 1245 4331 der
1261 4281 1362 4345 Milipen
1378 4280 1464 4343 Sebrtll

244 4364 309 4414 ectr
325 4367 388 4412 ntro
392 4380 402 4424 ,·
425 4367 498 4414 uorin
516 4379 540 4414 er
561 4381 607 4416 non
628 4366 691 4417 clleo
712 4367 812 4430 peterten
828 4365 949 4430 Bircbttfcn
971 4368 1045 4417 dieser
1068 4367 1155 4418 »intra
1171 4365 1351 4426 luitbestlmr,
1377 4377 1404 4416 rc
1421 4375 1464 4412 rur

247 4446 404 4509 mecinense
421 4447 578 4501 iothoiiaeben
594 4450 674 4514 roten
691 4451 795 4516 pennen,
814 4452 942 4516 euimpior
958 4453 1011 4503 seir
1027 4453 1167 4514 ntsnopen
1184 4451 1284 4502 worden.
