3174 5082
509 1110 1091 1228 PRAEFATIO.

195 1689 200 1703 '
275 1665 409 1776 Saepius
432 1703 462 1759 et
484 1693 559 1760 alios
581 1703 742 1777 quarentes
757 1694 854 1758 audiri
876 1703 908 1759 et
928 1696 994 1777 ipse
1016 1705 1199 1778 conquestus
1222 1715 1301 1774 sum,
1325 1719 1416 1783 opera

183 1795 448 1860 celeberrimorum
470 1796 613 1862 ecclesiae
634 1805 761 1880 patrum,
792 1815 920 1877 quorum
948 1815 1063 1860 summa
1088 1797 1146 1860 luit
1172 1798 1204 1861 in
1226 1799 1414 1881 dogmatibus

182 1897 254 1960 fidei
276 1897 451 1962 definiendis
472 1905 502 1962 et
524 1897 710 1961 stabiliendis
732 1897 903 1972 sumentes,
936 1907 1061 1980 propter
1088 1898 1239 1964 mritatem
1262 1904 1414 1985 exempla·

183 1997 262 2062 mum
285 2007 316 2062 et
335 1999 424 2082 pretii
444 2017 504 2080 quo
525 2007 657 2062 veneunt
680 1987 913 2080 magnitudinem
928 2001 1030 2078 paucis
1045 2006 1160 2062 tantum
1174 2000 1247 2064 viris
1262 2001 1359 2066 doctis
1377 2005 1414 2068 ad

183 2117 306 2162 manum
327 2119 407 2175 esse,
429 2117 486 2163 nec
507 2099 640 2164 delectos
663 2116 699 2161 ex
720 2098 779 2162 illis
800 2106 938 2179 prostare
960 2118 1013 2162 eus
1027 2099 1121 2163 libros
1137 2101 1295 2182 dogmatici
1310 2111 1341 2167 et
1354 2123 1413 2186 po·

68 2229 73 2234 ·
181 2200 281 2264 lemici
302 2200 480 2282 argumenti,
502 2201 609 2281 quibus
630 2207 748 2284 praeter
768 2199 963 2263 condilomm
984 2198 1090 2264 retain
1109 2201 1258 2283 theologia
1272 2204 1415 2268 historica

182 2302 247 2366 sire
275 2300 446 2384 dogmatum
474 2301 600 2366 historia
628 2300 802 2366 illustranda
829 2300 990 2382 plurimum
1017 2301 1139 2365 utimur.
1181 2303 1315 2368 Pertinet
1341 2305 1416 2370 baec

182 2402 304 2484 querela
326 2405 454 2466 maxima
475 2403 512 2466 ad
534 2402 601 2465 illus
624 2402 766 2466 ecclesiae
788 2419 910 2482 graecae
932 2401 1099 2482 theologos,
1127 2404 1177 2482 qui
1204 2423 1261 2484 per
1288 2414 1415 2470 aetatem

183 2503 262 2566 iuter
284 2503 406 2566 coucilia
427 2503 589 2588 Nicaeuum
613 2511 644 2567 et
665 2502 907 2565 chalcedonense
929 2501 1122 2577 interiectam,
1152 2521 1209 2584 qua
1237 2513 1413 2569 controver-

184 2603 247 2666 siae
268 2603 459 2684 gravissimae
480 2605 517 2666 dc
540 2603 740 2668 laudamentis
760 2603 896 2666 scutatis
918 2602 1044 2678 diuinae,
1067 2605 1103 2666 de
1126 2605 1275 2685 mysteriis
1294 2607 1413 2670 trinita-

185 2704 224 2766 tis
247 2710 277 2766 et
296 2703 508 2768 incarnationis
531 2705 589 2780 dei,
613 2713 754 2769 mutatae
776 2713 856 2777 suut,
879 2704 1057 2785 scriptorum
1075 2704 1263 2769 multitudine
1278 2717 1308 2770 ct
1322 2725 1418 2788 prae·

183 2805 292 2867 stantia
313 2805 564 2870 immortalitatem
585 2806 717 2870 nominis
740 2805 798 2869 sihi
820 2813 1010 2888 pepererunb
1056 2805 1173 2879 Quotus
1190 2807 1270 2870 enim
1286 2808 1413 2890 quisque

184 2911 240 2978 ast,
269 2905 450 2986 quiopihus
472 2905 604 2969 abundet
625 2915 657 2970 ct
682 2906 735 2970 cui.
752 2907 911 2986 contingat,
938 2913 973 2968 ut
995 2905 1135 2968 meliores
1157 2907 1304 2970 editiones
1325 2909 1411 2970 Pari·

186 3003 303 3065 aienses
332 3021 459 3084 operum
486 3004 646 3079 Athanasii,
674 3003 776 3066 Basilii
802 3005 908 3084 Magni,
937 3005 1153 3082 Gregoriorum
1176 3007 1353 3070 Nazianzeui
1383 3015 1414 3071 et

184 3101 325 3182 Npsaeui,
347 3102 565 3182 chrysostomi,
597 3103 696 3183 cyrilli
722 3103 921 3176 Alexandrini,
950 3102 1144 3176 Theodorou,
1172 3105 1308 3178 aliorum,
1337 3123 1413 3186 guae

181 3201 292 3282 partim
314 3201 402 3264 etlam
424 3201 455 3262 in
484 3200 609 3282 publicis
630 3201 821 3266 bibliothecis
843 3203 954 3263 lrustra
982 3211 1175 3280 quaeruntur,
1203 3201 1261 3265 sibi
1291 3221 1413 3286 eompa-
1482 3213 1488 3222 '

182 3321 251 3366 rare
265 3299 389 3383 possiti
431 3301 606 3366 Nec-tamen
628 3303 687 3366 illis
710 3301 891 3366 editionibus
914 3301 1166 3386 emendatioribus
1189 3311 1219 3365 et
1236 3303 1413 3368 instntetio·

180 3403 266 3466 ribus
288 3403 353 3465 sine
375 3403 566 3466 incommodo
588 3403 709 3478 carebit,
740 3404 789 3483 qni
812 3404 842 3466 in
864 3404 993 3466 lectione
1015 3411 1045 3466 et
1067 3421 1123 3466 usu
1143 3411 1262 3483 patrum
1284 3405 1412 3488 diligan-

181 3504 252 3566 tiam
275 3511 361 3584 atque
383 3503 600 3566 accurationem
623 3505 793 3568 criticorum
816 3504 893 3568 sicut
914 3505 999 3567 decet
1025 3504 1168 3567 aemulari
1195 3505 1285 3587 cupit,
1313 3515 1347 3570 nt
1374 3527 1411 3572 ex
1485 3523 1495 3542 ··

183 3604 303 3684 scriptis
324 3603 462 3684 genuinis
485 3614 515 3666 et
536 3613 676 3682 quantum
698 3605 730 3667 id
751 3605 816 3668 lieri
837 3613 939 3686 potest
965 3604 1127 3685 integritati
1160 3623 1233 3669 suae
1261 3608 1408 3673 restitutis

180 3722 281 3767 reram
303 3703 423 3767 illorum
443 3705 475 3766 iu
498 3704 686 3784 dogmatibus
708 3705 776 3768 fidei
798 3715 974 3786 assequatur
996 3705 1184 3782 sententiam,
1206 3725 1303 3788 neque
1317 3710 1409 3772 lalsa-
1439 3739 1444 3750 ·

179 3804 294 3867 riorum
316 3804 469 3869 fraudibus
491 3805 537 3868 val
558 3789 748 3868 librariorum
771 3807 925 3870 erroribus
948 3806 993 3868 rel
1014 3805 1209 3886 interpretum
1237 3803 1351 3872 incuria
1379 3818 1410 3873 et

180 3903 329 3984 imperitia
356 3903 394 3966 de
423 3904 545 3968 varitate
572 3906 757 3970 deturbetur.
800 3905 873 3970 Nam
907 3915 939 3969 ut
970 3914 1082 3970 taceam
1111 3885 1204 3970 etiam'
1228 3909 1408 3972 vetustiores
1483 3915 1486 3920 '

181 4005 367 4084 minorisque
388 4005 557 4068 aestimatas
580 4005 727 4069 editiones
747 4025 828 4070 nunc
848 4025 917 4069 raro
941 4015 1057 4080 artare,
1090 4006 1121 4068 in
1149 4007 1187 4068 iis
1215 4009 1330 4088 passim
1352 4009 1407 4073 de·

181 4114 251 4169 suut
271 4106 392 4185 scripta,
426 4124 503 4185 quac
523 4115 628 4186 postea
652 4126 686 4170 ex
709 4106 860 4172 codicibus
882 4125 972 4170 mauu
997 4107 1116 4200 scriptis
1139 4107 1192 4168 viri
1212 4107 1291 4171 docti
1317 4127 1407 4172 erue-

179 4215 260 4281 runt,
287 4206 453 4269 adulterina
476 4215 507 4268 ct
528 4206 716 4286 supposititia
738 4225 804 4270 cum
826 4207 962 4287 genuinis
985 4207 1229 4280 commiscentur,
1265 4208 1331 4289 ipsa
1352 4227 1407 4288 ge·

165 4308 280 4383 noina,
303 4325 379 4388 quae
393 4309 599 4388 proferuntur,
621 4307 735 4370 lacunis
750 4305 1030 4388 interpolationibus
1045 4307 1219 4388 mendisque
1241 4308 1407 4388 scripturae

180 4409 274 4489 magis
295 4408 431 4471 minusve
453 4409 609 4489 depravata
634 4415 719 4483 sunt,
750 4407 878 4488 denique
905 4407 1113 4470 desiderantur
1138 4407 1280 4487 pleraque
1308 4403 1407 4467 omnia

180 4509 298 4573 uiduae
319 4509 505 4574 recensionis
527 4517 617 4590 atque
637 4507 891 4590 interpretationis
912 4507 1073 4572 historicae
1101 4505 1235 4576 subsidia
1263 4513 1293 4566 et
1320 4501 1406 4566 adiu·
1451 4511 1457 4520 '
