<?xml version="1.0" encoding="UTF-8"?>
<!DOCTYPE html PUBLIC "-//W3C//DTD XHTML 1.0 Transitional//EN"
    "http://www.w3.org/TR/xhtml1/DTD/xhtml1-transitional.dtd">
<html xmlns="http://www.w3.org/1999/xhtml" xml:lang="en" lang="en">
 <head>
  <title>
</title>
<meta http-equiv="Content-Type" content="text/html;charset=utf-8" />
  <meta name='ocr-system' content='tesseract 3.04.00' />
  <meta name='ocr-capabilities' content='ocr_page ocr_carea ocr_par ocr_line ocrx_word'/>
</head>
<body>
  <div class='ocr_page' id='page_1' title='image "./sanctiathanasii03athagoog_0023.png"; bbox 0 0 3174 5082; ppageno 0'>
   <div class='ocr_carea' id='block_1_1' title="bbox 669 319 1368 388">
    <p class='ocr_par' dir='ltr' id='par_1_1' title="bbox 669 319 1368 388">
     <span class='ocr_line' id='line_1_1' title="bbox 669 319 1368 388; baseline 0.009 -7"><span class='ocrx_word' id='word_1_1' title='bbox 669 319 853 382; x_wconf 62' lang='lat' dir='ltr'><strong>trarrsrat&#39;rm.v</strong></span> <span class='ocrx_word' id='word_1_2' title='bbox 1327 323 1368 388; x_wconf 83' lang='lat' dir='ltr'><strong>te</strong></span> 
     </span>
    </p>
   </div>
   <div class='ocr_carea' id='block_1_2' title="bbox 137 484 1369 1073">
    <p class='ocr_par' dir='ltr' id='par_1_2' title="bbox 137 484 1369 972">
     <span class='ocr_line' id='line_1_2' title="bbox 137 484 1366 571; baseline -0.004 -15"><span class='ocrx_word' id='word_1_3' title='bbox 137 493 307 556; x_wconf 71' lang='lat' dir='ltr'><strong>mom</strong></span> <span class='ocrx_word' id='word_1_4' title='bbox 322 491 500 562; x_wconf 76' lang='lat' dir='ltr'><strong>relatarum,</strong></span> <span class='ocrx_word' id='word_1_5' title='bbox 523 497 556 550; x_wconf 92' lang='lat' dir='ltr'><strong>nt</strong></span> <span class='ocrx_word' id='word_1_6' title='bbox 570 484 754 570; x_wconf 77' lang='lat' dir='ltr'><strong>Epiphanius</strong></span> <span class='ocrx_word' id='word_1_7' title='bbox 768 497 798 552; x_wconf 91' lang='lat' dir='ltr'><strong>et</strong></span> <span class='ocrx_word' id='word_1_8' title='bbox 813 487 1038 564; x_wconf 66' lang='lat' dir='ltr'><strong>theodoretum</strong></span> <span class='ocrx_word' id='word_1_9' title='bbox 1060 495 1110 550; x_wconf 90' lang='lat' dir='ltr'><strong>aut</strong></span> <span class='ocrx_word' id='word_1_10' title='bbox 1131 496 1236 552; x_wconf 89' lang='lat' dir='ltr'><strong>contra</strong></span> <span class='ocrx_word' id='word_1_11' title='bbox 1258 489 1366 571; x_wconf 86' lang='lat' dir='ltr'><strong>singn-</strong></span> 
     </span>
     <span class='ocr_line' id='line_1_3' title="bbox 139 587 1368 674; baseline -0.002 -19"><span class='ocrx_word' id='word_1_12' title='bbox 139 595 184 656; x_wconf 87' lang='lat' dir='ltr'><strong>las</strong></span> <span class='ocrx_word' id='word_1_13' title='bbox 206 587 348 674; x_wconf 81' lang='lat' dir='ltr'><strong>quasdam</strong></span> <span class='ocrx_word' id='word_1_14' title='bbox 363 592 504 653; x_wconf 81' lang='lat' dir='ltr'><strong>haereses</strong></span> <span class='ocrx_word' id='word_1_15' title='bbox 520 589 754 670; x_wconf 82' lang='lat' dir='ltr'><strong>disputaverunt,</strong></span> <span class='ocrx_word' id='word_1_16' title='bbox 778 609 854 671; x_wconf 90' lang='lat' dir='ltr'><strong>quae</strong></span> <span class='ocrx_word' id='word_1_17' title='bbox 874 609 964 654; x_wconf 88' lang='lat' dir='ltr'><strong>ansas</strong></span> <span class='ocrx_word' id='word_1_18' title='bbox 985 609 1046 652; x_wconf 92' lang='lat' dir='ltr'><strong>non</strong></span> <span class='ocrx_word' id='word_1_19' title='bbox 1062 590 1172 652; x_wconf 88' lang='lat' dir='ltr'><strong>dabant</strong></span> <span class='ocrx_word' id='word_1_20' title='bbox 1192 590 1229 652; x_wconf 89' lang='lat' dir='ltr'><strong>ad</strong></span> <span class='ocrx_word' id='word_1_21' title='bbox 1252 599 1368 670; x_wconf 74' lang='lat' dir='ltr'><strong>myste-</strong></span> 
     </span>
     <span class='ocr_line' id='line_1_4' title="bbox 140 690 1369 771; baseline 0 -15"><span class='ocrx_word' id='word_1_22' title='bbox 140 697 186 756; x_wconf 87' lang='lat' dir='ltr'><strong>ria</strong></span> <span class='ocrx_word' id='word_1_23' title='bbox 197 693 267 756; x_wconf 85' lang='lat' dir='ltr'><strong>iidei</strong></span> <span class='ocrx_word' id='word_1_24' title='bbox 289 691 432 755; x_wconf 84' lang='lat' dir='ltr'><strong>subtilitas</strong></span> <span class='ocrx_word' id='word_1_25' title='bbox 446 690 624 768; x_wconf 81' lang='lat' dir='ltr'><strong>explicanda,</strong></span> <span class='ocrx_word' id='word_1_26' title='bbox 647 693 894 771; x_wconf 81' lang='lat' dir='ltr'><strong>quemadmodum</strong></span> <span class='ocrx_word' id='word_1_27' title='bbox 909 691 1028 754; x_wconf 89' lang='lat' dir='ltr'><strong>saeculo</strong></span> <span class='ocrx_word' id='word_1_28' title='bbox 1050 693 1155 771; x_wconf 86' lang='lat' dir='ltr'><strong>&#39;quarto</strong></span> <span class='ocrx_word' id='word_1_29' title='bbox 1168 691 1369 756; x_wconf 74' lang='lat' dir='ltr'>Alexandrum</span> 
     </span>
     <span class='ocr_line' id='line_1_5' title="bbox 138 789 1368 875; baseline -0.002 -16"><span class='ocrx_word' id='word_1_30' title='bbox 138 793 359 875; x_wconf 75' lang='lat' dir='ltr'><strong>bycopobtam,</strong></span> <span class='ocrx_word' id='word_1_31' title='bbox 381 789 534 870; x_wconf 71' lang='lat' dir='ltr'><strong>Didymum</strong></span> <span class='ocrx_word' id='word_1_32' title='bbox 557 791 794 866; x_wconf 80' lang='lat' dir='ltr'><strong>alexandrinum,</strong></span> <span class='ocrx_word' id='word_1_33' title='bbox 815 793 916 856; x_wconf 86' lang='lat' dir='ltr'><strong>&#39;litum</strong></span> <span class='ocrx_word' id='word_1_34' title='bbox 937 794 1148 866; x_wconf 78' lang='lat' dir='ltr'><strong>bostrensem,</strong></span> <span class='ocrx_word' id='word_1_35' title='bbox 1171 793 1368 875; x_wconf 75' lang='lat' dir='ltr'><strong>Serapionem</strong></span> 
     </span>
     <span class='ocr_line' id='line_1_6' title="bbox 140 890 1265 972; baseline 0.001 -16"><span class='ocrx_word' id='word_1_36' title='bbox 140 891 297 956; x_wconf 77' lang='lat' dir='ltr'><strong>&#39;l&#39;bmueos</strong></span> <span class='ocrx_word' id='word_1_37' title='bbox 321 891 494 972; x_wconf 87' lang='lat' dir='ltr'><strong>episcopum</strong></span> <span class='ocrx_word' id='word_1_38' title='bbox 516 891 548 952; x_wconf 92' lang='lat' dir='ltr'><strong>in</strong></span> <span class='ocrx_word' id='word_1_39' title='bbox 569 890 758 953; x_wconf 87' lang='lat' dir='ltr'><strong>llanicbaeos</strong></span> <span class='ocrx_word' id='word_1_40' title='bbox 779 893 921 956; x_wconf 88' lang='lat' dir='ltr'><strong>calamum</strong></span> <span class='ocrx_word' id='word_1_41' title='bbox 941 895 1098 958; x_wconf 75' lang='lat' dir='ltr'>strinxisse</span> <span class='ocrx_word' id='word_1_42' title='bbox 1120 894 1265 957; x_wconf 87' lang='lat' dir='ltr'><strong>ridemus.</strong></span> 
     </span>
    </p>

    <p class='ocr_par' dir='ltr' id='par_1_3' title="bbox 148 990 1367 1073">
     <span class='ocr_line' id='line_1_7' title="bbox 148 990 1367 1073; baseline 0.002 -16"><span class='ocrx_word' id='word_1_43' title='bbox 148 1030 151 1039; x_wconf 90' lang='lat'>·</span> <span class='ocrx_word' id='word_1_44' title='bbox 228 993 332 1073; x_wconf 82' lang='lat' dir='ltr'><strong>Neque</strong></span> <span class='ocrx_word' id='word_1_45' title='bbox 345 1001 456 1063; x_wconf 89' lang='lat' dir='ltr'><strong>tamen,</strong></span> <span class='ocrx_word' id='word_1_46' title='bbox 472 999 504 1054; x_wconf 90' lang='lat' dir='ltr'><strong>ut</strong></span> <span class='ocrx_word' id='word_1_47' title='bbox 519 990 716 1070; x_wconf 81' lang='lat' dir='ltr'><strong>significatum</strong></span> <span class='ocrx_word' id='word_1_48' title='bbox 732 999 787 1062; x_wconf 90' lang='lat' dir='ltr'><strong>est,</strong></span> <span class='ocrx_word' id='word_1_49' title='bbox 803 993 902 1054; x_wconf 86' lang='lat' dir='ltr'><strong>omnia</strong></span> <span class='ocrx_word' id='word_1_50' title='bbox 917 996 1024 1073; x_wconf 86' lang='lat' dir='ltr'><strong>scripta</strong></span> <span class='ocrx_word' id='word_1_51' title='bbox 1045 996 1200 1058; x_wconf 90' lang='lat' dir='ltr'><strong>doctorum</strong></span> <span class='ocrx_word' id='word_1_52' title='bbox 1219 996 1367 1060; x_wconf 76' lang='lat' dir='ltr'><strong>&#39;ecdcsiac</strong></span> 
     </span>
    </p>
   </div>
   <div class='ocr_carea' id='block_1_3' title="bbox 48 1089 1368 1174">
    <p class='ocr_par' dir='ltr' id='par_1_4' title="bbox 48 1089 1368 1174">
     <span class='ocr_line' id='line_1_8' title="bbox 48 1089 1368 1174; baseline 0.008 -23"><span class='ocrx_word' id='word_1_53' title='bbox 48 1133 52 1138; x_wconf 83' lang='lat'>-</span> <span class='ocrx_word' id='word_1_54' title='bbox 142 1095 310 1174; x_wconf 62' lang='lat' dir='ltr'><strong>murico</strong></span> <span class='ocrx_word' id='word_1_55' title='bbox 331 1105 361 1156; x_wconf 89' lang='lat' dir='ltr'><strong>et</strong></span> <span class='ocrx_word' id='word_1_56' title='bbox 380 1093 528 1174; x_wconf 81' lang='lat' dir='ltr'><strong>polentieo</strong></span> <span class='ocrx_word' id='word_1_57' title='bbox 551 1094 581 1153; x_wconf 88' lang='lat' dir='ltr'><strong>in</strong></span> <span class='ocrx_word' id='word_1_58' title='bbox 603 1089 812 1155; x_wconf 68' lang='lat' dir='ltr'><strong>bibliothecam</strong></span> <span class='ocrx_word' id='word_1_59' title='bbox 842 1092 1011 1172; x_wconf 88' lang='lat' dir='ltr'><strong>recipienda</strong></span> <span class='ocrx_word' id='word_1_60' title='bbox 1037 1095 1116 1156; x_wconf 82' lang='lat' dir='ltr'><strong>duri.</strong></span> <span class='ocrx_word' id='word_1_61' title='bbox 1158 1097 1368 1160; x_wconf 83' lang='lat' dir='ltr'><strong>Commemoro</strong></span> 
     </span>
    </p>
   </div>
   <div class='ocr_carea' id='block_1_4' title="bbox 136 1193 1391 4684">
    <p class='ocr_par' dir='ltr' id='par_1_5' title="bbox 136 1193 1391 4684">
     <span class='ocr_line' id='line_1_9' title="bbox 142 1193 1368 1274; baseline 0.002 -17"><span class='ocrx_word' id='word_1_62' title='bbox 142 1213 180 1258; x_wconf 82' lang='lat' dir='ltr'><strong>er</strong></span> <span class='ocrx_word' id='word_1_63' title='bbox 202 1195 249 1256; x_wconf 87' lang='lat' dir='ltr'><strong>bis</strong></span> <span class='ocrx_word' id='word_1_64' title='bbox 270 1193 499 1274; x_wconf 88' lang='lat' dir='ltr'><strong>praetermissas</strong></span> <span class='ocrx_word' id='word_1_65' title='bbox 520 1211 536 1254; x_wconf 88' lang='lat' dir='ltr'><strong>a</strong></span> <span class='ocrx_word' id='word_1_66' title='bbox 559 1211 609 1255; x_wconf 90' lang='lat' dir='ltr'><strong>me</strong></span> <span class='ocrx_word' id='word_1_67' title='bbox 631 1193 730 1273; x_wconf 79' lang='lat' dir='ltr'><strong>Gyrilli</strong></span> <span class='ocrx_word' id='word_1_68' title='bbox 756 1193 1020 1274; x_wconf 77' lang='lat' dir='ltr'><strong>hierosolymitani</strong></span> <span class='ocrx_word' id='word_1_69' title='bbox 1041 1193 1215 1256; x_wconf 76' lang='lat' dir='ltr'><strong>Catachems</strong></span> <span class='ocrx_word' id='word_1_70' title='bbox 1243 1200 1368 1262; x_wconf 73' lang='lat' dir='ltr'><strong>euode-</strong></span> 
     </span>
     <span class='ocr_line' id='line_1_10' title="bbox 138 1293 1369 1378; baseline 0 -18"><span class='ocrx_word' id='word_1_71' title='bbox 138 1296 197 1360; x_wconf 86' lang='lat' dir='ltr'><strong>eim</strong></span> <span class='ocrx_word' id='word_1_72' title='bbox 221 1296 257 1358; x_wconf 90' lang='lat' dir='ltr'><strong>ad</strong></span> <span class='ocrx_word' id='word_1_73' title='bbox 291 1303 493 1374; x_wconf 82' lang='lat' dir='ltr'><strong>competenter</strong></span> <span class='ocrx_word' id='word_1_74' title='bbox 526 1295 590 1356; x_wconf 86' lang='lat' dir='ltr'><strong>aire</strong></span> <span class='ocrx_word' id='word_1_75' title='bbox 622 1295 871 1368; x_wconf 75' lang='lat' dir='ltr'><strong>catechumenos,</strong></span> <span class='ocrx_word' id='word_1_76' title='bbox 906 1295 937 1356; x_wconf 91' lang='lat' dir='ltr'><strong>in</strong></span> <span class='ocrx_word' id='word_1_77' title='bbox 970 1294 1077 1374; x_wconf 85' lang='lat' dir='ltr'><strong>quibus</strong></span> <span class='ocrx_word' id='word_1_78' title='bbox 1100 1293 1125 1358; x_wconf 85' lang='lat' dir='ltr'><strong>ie</strong></span> <span class='ocrx_word' id='word_1_79' title='bbox 1148 1295 1276 1374; x_wconf 86' lang='lat' dir='ltr'><strong>quidem,</strong></span> <span class='ocrx_word' id='word_1_80' title='bbox 1307 1317 1369 1378; x_wconf 92' lang='lat' dir='ltr'><strong>quo</strong></span> 
     </span>
     <span class='ocr_line' id='line_1_11' title="bbox 142 1393 1372 1476; baseline 0 -18"><span class='ocrx_word' id='word_1_81' title='bbox 142 1405 280 1475; x_wconf 88' lang='lat' dir='ltr'><strong>tempore</strong></span> <span class='ocrx_word' id='word_1_82' title='bbox 301 1393 463 1476; x_wconf 72' lang='lat' dir='ltr'><strong>presbyteri</strong></span> <span class='ocrx_word' id='word_1_83' title='bbox 479 1411 602 1458; x_wconf 89' lang='lat' dir='ltr'><strong>munere</strong></span> <span class='ocrx_word' id='word_1_84' title='bbox 625 1394 810 1474; x_wconf 84' lang='lat' dir='ltr'><strong>tangebatur,</strong></span> <span class='ocrx_word' id='word_1_85' title='bbox 833 1412 940 1458; x_wconf 88' lang='lat' dir='ltr'><strong>omues</strong></span> <span class='ocrx_word' id='word_1_86' title='bbox 955 1395 1096 1458; x_wconf 73' lang='lat' dir='ltr'><strong>articulos</strong></span> <span class='ocrx_word' id='word_1_87' title='bbox 1120 1394 1245 1476; x_wconf 78' lang='lat' dir='ltr'><strong>symboli</strong></span> <span class='ocrx_word' id='word_1_88' title='bbox 1261 1397 1372 1459; x_wconf 88' lang='lat' dir='ltr'><strong>llieco·</strong></span> 
     </span>
     <span class='ocr_line' id='line_1_12' title="bbox 142 1495 1374 1578; baseline 0.002 -20"><span class='ocrx_word' id='word_1_89' title='bbox 142 1497 311 1578; x_wconf 69' lang='lat' dir='ltr'><strong>solymitani</strong></span> <span class='ocrx_word' id='word_1_90' title='bbox 333 1495 506 1577; x_wconf 76' lang='lat' dir='ltr'><strong>copiosiore</strong></span> <span class='ocrx_word' id='word_1_91' title='bbox 526 1513 676 1570; x_wconf 87' lang='lat' dir='ltr'><strong>sermone,</strong></span> <span class='ocrx_word' id='word_1_92' title='bbox 700 1505 733 1560; x_wconf 95' lang='lat' dir='ltr'><strong>ut</strong></span> <span class='ocrx_word' id='word_1_93' title='bbox 754 1496 879 1570; x_wconf 84' lang='lat' dir='ltr'><strong>ridetur,</strong></span> <span class='ocrx_word' id='word_1_94' title='bbox 902 1496 1094 1576; x_wconf 74' lang='lat' dir='ltr'><strong>extemporali</strong></span> <span class='ocrx_word' id='word_1_95' title='bbox 1118 1498 1257 1576; x_wconf 84' lang='lat' dir='ltr'><strong>exposuit</strong></span> <span class='ocrx_word' id='word_1_96' title='bbox 1279 1515 1374 1578; x_wconf 90' lang='lat' dir='ltr'><strong>eaque</strong></span> 
     </span>
     <span class='ocr_line' id='line_1_13' title="bbox 142 1597 1373 1678; baseline 0 -18"><span class='ocrx_word' id='word_1_97' title='bbox 142 1599 258 1662; x_wconf 88' lang='lat' dir='ltr'><strong>ratione</strong></span> <span class='ocrx_word' id='word_1_98' title='bbox 279 1597 435 1676; x_wconf 78' lang='lat' dir='ltr'><strong>praecipere</strong></span> <span class='ocrx_word' id='word_1_99' title='bbox 457 1597 610 1659; x_wconf 77' lang='lat' dir='ltr'><strong>docrinae</strong></span> <span class='ocrx_word' id='word_1_100' title='bbox 632 1597 809 1660; x_wconf 78' lang='lat' dir='ltr'><strong>christianae</strong></span> <span class='ocrx_word' id='word_1_101' title='bbox 831 1598 924 1678; x_wconf 89' lang='lat' dir='ltr'><strong>capita</strong></span> <span class='ocrx_word' id='word_1_102' title='bbox 947 1605 1123 1677; x_wconf 88' lang='lat' dir='ltr'><strong>persecutus</strong></span> <span class='ocrx_word' id='word_1_103' title='bbox 1139 1605 1197 1658; x_wconf 81' lang='lat' dir='ltr'><strong>ast</strong></span> <span class='ocrx_word' id='word_1_104' title='bbox 1243 1598 1373 1660; x_wconf 82' lang='lat' dir='ltr'><strong>Verum-</strong></span> 
     </span>
     <span class='ocr_line' id='line_1_14' title="bbox 139 1685 1371 1780; baseline 0 -18"><span class='ocrx_word' id='word_1_105' title='bbox 139 1710 238 1762; x_wconf 89' lang='lat' dir='ltr'><strong>tamen</strong></span> <span class='ocrx_word' id='word_1_106' title='bbox 270 1715 331 1760; x_wconf 91' lang='lat' dir='ltr'><strong>non</strong></span> <span class='ocrx_word' id='word_1_107' title='bbox 366 1685 425 1760; x_wconf 73' lang='grc' dir='ltr'>ιιι]</span> <span class='ocrx_word' id='word_1_108' title='bbox 448 1707 551 1760; x_wconf 76' lang='lat' dir='ltr'><strong>exacte</strong></span> <span class='ocrx_word' id='word_1_109' title='bbox 571 1711 601 1760; x_wconf 90' lang='lat' dir='ltr'><strong>et</strong></span> <span class='ocrx_word' id='word_1_110' title='bbox 635 1717 755 1779; x_wconf 86' lang='lat' dir='ltr'><strong>presse,</strong></span> <span class='ocrx_word' id='word_1_111' title='bbox 788 1719 876 1780; x_wconf 88' lang='lat' dir='ltr'><strong>quam</strong></span> <span class='ocrx_word' id='word_1_112' title='bbox 899 1699 929 1760; x_wconf 92' lang='lat' dir='ltr'><strong>in</strong></span> <span class='ocrx_word' id='word_1_113' title='bbox 957 1697 1081 1760; x_wconf 87' lang='lat' dir='ltr'><strong>eruditis</strong></span> <span class='ocrx_word' id='word_1_114' title='bbox 1115 1697 1371 1777; x_wconf 77' lang='lat' dir='ltr'><strong>disputationibus</strong></span> 
     </span>
     <span class='ocr_line' id='line_1_15' title="bbox 137 1799 1368 1880; baseline -0.003 -16"><span class='ocrx_word' id='word_1_115' title='bbox 137 1801 202 1864; x_wconf 84' lang='lat' dir='ltr'><strong>lieri</strong></span> <span class='ocrx_word' id='word_1_116' title='bbox 237 1799 330 1874; x_wconf 86' lang='lat' dir='ltr'><strong>solet,</strong></span> <span class='ocrx_word' id='word_1_117' title='bbox 364 1799 402 1862; x_wconf 92' lang='lat' dir='ltr'><strong>de</strong></span> <span class='ocrx_word' id='word_1_118' title='bbox 423 1799 612 1879; x_wconf 77' lang='lat' dir='ltr'><strong>dogmatibus</strong></span> <span class='ocrx_word' id='word_1_119' title='bbox 646 1801 819 1880; x_wconf 77' lang='lat' dir='ltr'><strong>theologicis</strong></span> <span class='ocrx_word' id='word_1_120' title='bbox 850 1800 1014 1872; x_wconf 74' lang='lat' dir='ltr'><strong>diremit,</strong></span> <span class='ocrx_word' id='word_1_121' title='bbox 1042 1799 1095 1862; x_wconf 89' lang='lat' dir='ltr'><strong>sed</strong></span> <span class='ocrx_word' id='word_1_122' title='bbox 1119 1805 1222 1861; x_wconf 86' lang='lat' dir='ltr'><strong>utres</strong></span> <span class='ocrx_word' id='word_1_123' title='bbox 1246 1799 1368 1873; x_wconf 88' lang='lat' dir='ltr'><strong>larebat,</strong></span> 
     </span>
     <span class='ocr_line' id='line_1_16' title="bbox 136 1898 1370 1982; baseline 0 -18"><span class='ocrx_word' id='word_1_124' title='bbox 136 1919 232 1982; x_wconf 80' lang='lat' dir='ltr'><strong>qaum</strong></span> <span class='ocrx_word' id='word_1_125' title='bbox 254 1901 438 1980; x_wconf 73' lang='lat' dir='ltr'><strong>explanatius</strong></span> <span class='ocrx_word' id='word_1_126' title='bbox 466 1911 527 1964; x_wconf 90' lang='lat' dir='ltr'><strong>tum</strong></span> <span class='ocrx_word' id='word_1_127' title='bbox 555 1903 645 1964; x_wconf 90' lang='lat' dir='ltr'><strong>etiam</strong></span> <span class='ocrx_word' id='word_1_128' title='bbox 675 1901 769 1964; x_wconf 80' lang='lat' dir='ltr'><strong>fusius</strong></span> <span class='ocrx_word' id='word_1_129' title='bbox 791 1911 822 1964; x_wconf 91' lang='lat' dir='ltr'><strong>et</strong></span> <span class='ocrx_word' id='word_1_130' title='bbox 842 1901 878 1963; x_wconf 89' lang='lat' dir='ltr'><strong>ad</strong></span> <span class='ocrx_word' id='word_1_131' title='bbox 901 1898 1220 1964; x_wconf 77' lang='lat' dir='ltr'><strong>commune-iudicium</strong></span> <span class='ocrx_word' id='word_1_132' title='bbox 1240 1900 1370 1982; x_wconf 90' lang='lat' dir='ltr'><strong>popula-</strong></span> 
     </span>
     <span class='ocr_line' id='line_1_17' title="bbox 139 2000 1370 2082; baseline 0 -18"><span class='ocrx_word' id='word_1_133' title='bbox 139 2020 265 2082; x_wconf 78' lang='lat' dir='ltr'><strong>remque</strong></span> <span class='ocrx_word' id='word_1_134' title='bbox 287 2002 509 2081; x_wconf 81' lang='lat' dir='ltr'><strong>intelligentiam</strong></span> <span class='ocrx_word' id='word_1_135' title='bbox 539 2001 806 2075; x_wconf 82' lang='lat' dir='ltr'><strong>accommodatius,</strong></span> <span class='ocrx_word' id='word_1_136' title='bbox 837 2009 925 2082; x_wconf 91' lang='lat' dir='ltr'><strong>atque</strong></span> <span class='ocrx_word' id='word_1_137' title='bbox 952 2003 1045 2064; x_wconf 86' lang='lat' dir='ltr'><strong>multo</strong></span> <span class='ocrx_word' id='word_1_138' title='bbox 1067 2002 1156 2063; x_wconf 88' lang='lat' dir='ltr'><strong>etiam</strong></span> <span class='ocrx_word' id='word_1_139' title='bbox 1177 2000 1277 2064; x_wconf 86' lang='lat' dir='ltr'><strong>minus</strong></span> <span class='ocrx_word' id='word_1_140' title='bbox 1299 2003 1370 2064; x_wconf 88' lang='lat' dir='ltr'><strong>uni·</strong></span> 
     </span>
     <span class='ocr_line' id='line_1_18' title="bbox 141 2103 1371 2186; baseline 0.002 -22"><span class='ocrx_word' id='word_1_141' title='bbox 141 2121 258 2167; x_wconf 83' lang='lat' dir='ltr'><strong>ceream</strong></span> <span class='ocrx_word' id='word_1_142' title='bbox 298 2103 450 2166; x_wconf 70' lang='lat' dir='ltr'><strong>doemone</strong></span> <span class='ocrx_word' id='word_1_143' title='bbox 484 2103 664 2166; x_wconf 78' lang='lat' dir='ltr'><strong>christianae</strong></span> <span class='ocrx_word' id='word_1_144' title='bbox 695 2105 820 2166; x_wconf 73' lang='lat' dir='ltr'><strong>torma·</strong></span> <span class='ocrx_word' id='word_1_145' title='bbox 859 2112 939 2166; x_wconf 84' lang='lat' dir='ltr'><strong>carta</strong></span> <span class='ocrx_word' id='word_1_146' title='bbox 977 2103 1093 2166; x_wconf 79' lang='lat' dir='ltr'><strong>rabone</strong></span> <span class='ocrx_word' id='word_1_147' title='bbox 1123 2111 1155 2186; x_wconf 78' lang='lat' dir='ltr'><strong>et</strong></span> <span class='ocrx_word' id='word_1_148' title='bbox 1188 2111 1251 2166; x_wconf 87' lang='lat' dir='ltr'><strong>arte</strong></span> <span class='ocrx_word' id='word_1_149' title='bbox 1282 2119 1371 2166; x_wconf 87' lang='lat' dir='ltr'><strong>eom·</strong></span> 
     </span>
     <span class='ocr_line' id='line_1_19' title="bbox 138 2203 1391 2286; baseline -0.002 -18"><span class='ocrx_word' id='word_1_150' title='bbox 138 2206 246 2286; x_wconf 77' lang='lat' dir='ltr'><strong>picam</strong></span> <span class='ocrx_word' id='word_1_151' title='bbox 277 2213 333 2266; x_wconf 84' lang='lat' dir='ltr'><strong>eet.</strong></span> <span class='ocrx_word' id='word_1_152' title='bbox 390 2205 591 2277; x_wconf 83' lang='lat' dir='ltr'><strong>Quamobrem</strong></span> <span class='ocrx_word' id='word_1_153' title='bbox 616 2213 843 2268; x_wconf 88' lang='lat' dir='ltr'><strong>monumentum</strong></span> <span class='ocrx_word' id='word_1_154' title='bbox 872 2204 930 2267; x_wconf 90' lang='lat' dir='ltr'><strong>boe</strong></span> <span class='ocrx_word' id='word_1_155' title='bbox 955 2205 1065 2268; x_wconf 79' lang='lat' dir='ltr'><strong>veteris</strong></span> <span class='ocrx_word' id='word_1_156' title='bbox 1095 2203 1238 2268; x_wconf 89' lang='lat' dir='ltr'><strong>ecclesiae</strong></span> <span class='ocrx_word' id='word_1_157' title='bbox 1258 2203 1288 2265; x_wconf 87' lang='lat' dir='ltr'><strong>io</strong></span> <span class='ocrx_word' id='word_1_158' title='bbox 1311 2219 1391 2266; x_wconf 89' lang='lat' dir='ltr'><strong>suo·</strong></span> 
     </span>
     <span class='ocr_line' id='line_1_20' title="bbox 137 2305 1371 2387; baseline -0.002 -18"><span class='ocrx_word' id='word_1_159' title='bbox 137 2324 251 2387; x_wconf 89' lang='lat' dir='ltr'><strong>genere</strong></span> <span class='ocrx_word' id='word_1_160' title='bbox 273 2307 393 2368; x_wconf 89' lang='lat' dir='ltr'><strong>unicum</strong></span> <span class='ocrx_word' id='word_1_161' title='bbox 416 2323 584 2387; x_wconf 77' lang='lat' dir='ltr'><strong>quenquam</strong></span> <span class='ocrx_word' id='word_1_162' title='bbox 598 2305 674 2368; x_wconf 90' lang='lat' dir='ltr'><strong>lectu</strong></span> <span class='ocrx_word' id='word_1_163' title='bbox 689 2307 899 2386; x_wconf 85' lang='lat' dir='ltr'><strong>dignissimum</strong></span> <span class='ocrx_word' id='word_1_164' title='bbox 922 2315 977 2380; x_wconf 91' lang='lat' dir='ltr'><strong>est,</strong></span> <span class='ocrx_word' id='word_1_165' title='bbox 999 2313 1033 2368; x_wconf 92' lang='lat' dir='ltr'><strong>ut</strong></span> <span class='ocrx_word' id='word_1_166' title='bbox 1046 2323 1122 2385; x_wconf 89' lang='lat' dir='ltr'><strong>quae</strong></span> <span class='ocrx_word' id='word_1_167' title='bbox 1143 2305 1258 2384; x_wconf 90' lang='lat' dir='ltr'><strong>publica</strong></span> <span class='ocrx_word' id='word_1_168' title='bbox 1280 2306 1371 2368; x_wconf 89' lang='lat' dir='ltr'><strong>luerit</strong></span> 
     </span>
     <span class='ocr_line' id='line_1_21' title="bbox 136 2407 1370 2488; baseline -0.003 -18"><span class='ocrx_word' id='word_1_169' title='bbox 136 2427 176 2470; x_wconf 88' lang='lat' dir='ltr'><strong>ee</strong></span> <span class='ocrx_word' id='word_1_170' title='bbox 200 2419 335 2488; x_wconf 86' lang='lat' dir='ltr'><strong>tempore</strong></span> <span class='ocrx_word' id='word_1_171' title='bbox 357 2407 432 2468; x_wconf 89' lang='lat' dir='ltr'><strong>tides</strong></span> <span class='ocrx_word' id='word_1_172' title='bbox 455 2419 485 2469; x_wconf 88' lang='lat' dir='ltr'><strong>ct</strong></span> <span class='ocrx_word' id='word_1_173' title='bbox 505 2407 600 2488; x_wconf 89' lang='lat' dir='ltr'><strong>qoalis</strong></span> <span class='ocrx_word' id='word_1_174' title='bbox 623 2407 771 2470; x_wconf 89' lang='lat' dir='ltr'><strong>institutio</strong></span> <span class='ocrx_word' id='word_1_175' title='bbox 787 2407 974 2477; x_wconf 76' lang='lat' dir='ltr'><strong>esturbatina,</strong></span> <span class='ocrx_word' id='word_1_176' title='bbox 997 2407 1067 2467; x_wconf 92' lang='lat' dir='ltr'><strong>inde</strong></span> <span class='ocrx_word' id='word_1_177' title='bbox 1081 2407 1242 2478; x_wconf 88' lang='lat' dir='ltr'><strong>discamus,</strong></span> <span class='ocrx_word' id='word_1_178' title='bbox 1265 2421 1370 2485; x_wconf 84' lang='lat' dir='ltr'><strong>parum</strong></span> 
     </span>
     <span class='ocr_line' id='line_1_22' title="bbox 141 2505 1369 2584; baseline -0.002 -14"><span class='ocrx_word' id='word_1_179' title='bbox 141 2523 241 2571; x_wconf 86' lang='lat' dir='ltr'><strong>tamen</strong></span> <span class='ocrx_word' id='word_1_180' title='bbox 262 2509 448 2570; x_wconf 83' lang='lat' dir='ltr'><strong>auctoritatis</strong></span> <span class='ocrx_word' id='word_1_181' title='bbox 471 2519 502 2570; x_wconf 91' lang='lat' dir='ltr'><strong>et</strong></span> <span class='ocrx_word' id='word_1_182' title='bbox 522 2527 599 2570; x_wconf 89' lang='lat' dir='ltr'><strong>usus</strong></span> <span class='ocrx_word' id='word_1_183' title='bbox 619 2508 723 2582; x_wconf 88' lang='lat' dir='ltr'><strong>habet,</strong></span> <span class='ocrx_word' id='word_1_184' title='bbox 752 2507 802 2570; x_wconf 91' lang='lat' dir='ltr'><strong>ubi</strong></span> <span class='ocrx_word' id='word_1_185' title='bbox 825 2508 862 2570; x_wconf 92' lang='lat' dir='ltr'><strong>de</strong></span> <span class='ocrx_word' id='word_1_186' title='bbox 884 2505 1040 2570; x_wconf 78' lang='lat' dir='ltr'><strong>subtiliore</strong></span> <span class='ocrx_word' id='word_1_187' title='bbox 1062 2506 1230 2584; x_wconf 87' lang='lat' dir='ltr'><strong>dogmatum</strong></span> <span class='ocrx_word' id='word_1_188' title='bbox 1253 2505 1369 2568; x_wconf 89' lang='lat' dir='ltr'><strong>enoda-</strong></span> 
     </span>
     <span class='ocr_line' id='line_1_23' title="bbox 138 2607 1370 2687; baseline -0.002 -16"><span class='ocrx_word' id='word_1_189' title='bbox 138 2609 222 2671; x_wconf 87' lang='lat' dir='ltr'><strong>tione</strong></span> <span class='ocrx_word' id='word_1_190' title='bbox 245 2619 276 2670; x_wconf 91' lang='lat' dir='ltr'><strong>et</strong></span> <span class='ocrx_word' id='word_1_191' title='bbox 303 2607 474 2678; x_wconf 83' lang='lat' dir='ltr'><strong>delinitione</strong></span> <span class='ocrx_word' id='word_1_192' title='bbox 501 2609 546 2672; x_wconf 88' lang='lat' dir='ltr'><strong>rel</strong></span> <span class='ocrx_word' id='word_1_193' title='bbox 569 2609 605 2672; x_wconf 82' lang='lat' dir='ltr'><strong>tle</strong></span> <span class='ocrx_word' id='word_1_194' title='bbox 633 2609 776 2672; x_wconf 78' lang='lat' dir='ltr'><strong>artificiali</strong></span> <span class='ocrx_word' id='word_1_195' title='bbox 807 2625 911 2672; x_wconf 88' lang='lat' dir='ltr'><strong>eorum</strong></span> <span class='ocrx_word' id='word_1_196' title='bbox 940 2607 1113 2670; x_wconf 75' lang='lat' dir='ltr'><strong>bacmtione</strong></span> <span class='ocrx_word' id='word_1_197' title='bbox 1141 2613 1171 2668; x_wconf 88' lang='lat' dir='ltr'><strong>at</strong></span> <span class='ocrx_word' id='word_1_198' title='bbox 1191 2607 1370 2687; x_wconf 86' lang='lat' dir='ltr'><strong>probatione</strong></span> 
     </span>
     <span class='ocr_line' id='line_1_24' title="bbox 137 2707 1369 2792; baseline -0.003 -18"><span class='ocrx_word' id='word_1_199' title='bbox 137 2711 303 2791; x_wconf 84' lang='lat' dir='ltr'><strong>quaeritur.</strong></span> <span class='ocrx_word' id='word_1_200' title='bbox 347 2710 409 2772; x_wconf 87' lang='lat' dir='ltr'><strong>Nec</strong></span> <span class='ocrx_word' id='word_1_201' title='bbox 430 2709 556 2773; x_wconf 87' lang='lat' dir='ltr'><strong>dubitari</strong></span> <span class='ocrx_word' id='word_1_202' title='bbox 580 2720 689 2790; x_wconf 86' lang='lat' dir='ltr'><strong>potest,</strong></span> <span class='ocrx_word' id='word_1_203' title='bbox 712 2709 781 2792; x_wconf 91' lang='lat' dir='ltr'><strong>quin</strong></span> <span class='ocrx_word' id='word_1_204' title='bbox 804 2719 923 2790; x_wconf 87' lang='lat' dir='ltr'><strong>praeter</strong></span> <span class='ocrx_word' id='word_1_205' title='bbox 943 2708 1309 2788; x_wconf 86' lang='lat' dir='ltr'><strong>auctorisprocliritatem</strong></span> <span class='ocrx_word' id='word_1_206' title='bbox 1331 2707 1369 2771; x_wconf 88' lang='lat' dir='ltr'><strong>ad</strong></span> 
     </span>
     <span class='ocr_line' id='line_1_25' title="bbox 140 2787 1368 2891; baseline 0 -19"><span class='ocrx_word' id='word_1_207' title='bbox 140 2787 316 2874; x_wconf 74' lang='lat' dir='ltr'><strong>sententiam</strong></span> <span class='ocrx_word' id='word_1_208' title='bbox 340 2811 617 2874; x_wconf 77' lang='lat' dir='ltr'><strong>Semi-trianomm</strong></span> <span class='ocrx_word' id='word_1_209' title='bbox 639 2810 685 2874; x_wconf 86' lang='lat' dir='ltr'><strong>rel</strong></span> <span class='ocrx_word' id='word_1_210' title='bbox 720 2821 800 2874; x_wconf 87' lang='lat' dir='ltr'><strong>certe</strong></span> <span class='ocrx_word' id='word_1_211' title='bbox 832 2811 975 2891; x_wconf 77' lang='lat' dir='ltr'><strong>quasdem</strong></span> <span class='ocrx_word' id='word_1_212' title='bbox 1000 2810 1075 2872; x_wconf 34' lang='lat' dir='ltr'><strong>*eius</strong></span> <span class='ocrx_word' id='word_1_213' title='bbox 1109 2809 1298 2890; x_wconf 87' lang='lat' dir='ltr'><strong>suspiciones</strong></span> <span class='ocrx_word' id='word_1_214' title='bbox 1320 2809 1368 2872; x_wconf 91' lang='lat' dir='ltr'><strong>illa</strong></span> 
     </span>
     <span class='ocr_line' id='line_1_26' title="bbox 141 2909 1369 2991; baseline 0.001 -20"><span class='ocrx_word' id='word_1_215' title='bbox 141 2912 240 2988; x_wconf 86' lang='lat' dir='ltr'><strong>ipsine</strong></span> <span class='ocrx_word' id='word_1_216' title='bbox 262 2913 362 2991; x_wconf 83' lang='lat' dir='ltr'><strong>operis</strong></span> <span class='ocrx_word' id='word_1_217' title='bbox 384 2913 580 2972; x_wconf 75' lang='lat' dir='ltr'><strong>conformatio</strong></span> <span class='ocrx_word' id='word_1_218' title='bbox 601 2913 798 2989; x_wconf 83' lang='lat' dir='ltr'><strong>prohibuerit,</strong></span> <span class='ocrx_word' id='word_1_219' title='bbox 821 2929 879 2989; x_wconf 91' lang='lat' dir='ltr'><strong>quo</strong></span> <span class='ocrx_word' id='word_1_220' title='bbox 902 2913 1000 2974; x_wconf 90' lang='lat' dir='ltr'><strong>minue</strong></span> <span class='ocrx_word' id='word_1_221' title='bbox 1023 2909 1053 2970; x_wconf 89' lang='lat' dir='ltr'><strong>ld</strong></span> <span class='ocrx_word' id='word_1_222' title='bbox 1068 2917 1204 2989; x_wconf 90' lang='lat' dir='ltr'><strong>tauquam</strong></span> <span class='ocrx_word' id='word_1_223' title='bbox 1227 2911 1369 2976; x_wconf 82' lang='lat' dir='ltr'><strong>scientiae</strong></span> 
     </span>
     <span class='ocr_line' id='line_1_27' title="bbox 143 3008 1370 3088; baseline 0 -18"><span class='ocrx_word' id='word_1_224' title='bbox 143 3008 280 3087; x_wconf 71' lang='lat' dir='ltr'><strong>artisque</strong></span> <span class='ocrx_word' id='word_1_225' title='bbox 309 3011 495 3087; x_wconf 76' lang='lat' dir='ltr'><strong>theologicae</strong></span> <span class='ocrx_word' id='word_1_226' title='bbox 529 3011 679 3086; x_wconf 83' lang='lat' dir='ltr'><strong>specimen</strong></span> <span class='ocrx_word' id='word_1_227' title='bbox 717 3010 828 3086; x_wconf 87' lang='lat' dir='ltr'><strong>pariter</strong></span> <span class='ocrx_word' id='word_1_228' title='bbox 866 3010 1065 3072; x_wconf 85' lang='lat' dir='ltr'><strong>celebraretur</strong></span> <span class='ocrx_word' id='word_1_229' title='bbox 1098 3019 1185 3088; x_wconf 89' lang='lat' dir='ltr'><strong>atque</strong></span> <span class='ocrx_word' id='word_1_230' title='bbox 1212 3011 1370 3088; x_wconf 81' lang='lat' dir='ltr'><strong>praecipua</strong></span> 
     </span>
     <span class='ocr_line' id='line_1_28' title="bbox 145 3103 1372 3185; baseline 0 -15"><span class='ocrx_word' id='word_1_231' title='bbox 145 3107 314 3180; x_wconf 76' lang='lat' dir='ltr'><strong>Athanasii,</strong></span> <span class='ocrx_word' id='word_1_232' title='bbox 336 3107 453 3178; x_wconf 72' lang='lat' dir='ltr'><strong>Basilii,</strong></span> <span class='ocrx_word' id='word_1_233' title='bbox 476 3105 610 3183; x_wconf 84' lang='lat' dir='ltr'><strong>Gregorii</strong></span> <span class='ocrx_word' id='word_1_234' title='bbox 633 3107 806 3167; x_wconf 76' lang='lat' dir='ltr'><strong>nazianzeni</strong></span> <span class='ocrx_word' id='word_1_235' title='bbox 829 3103 935 3185; x_wconf 85' lang='lat' dir='ltr'><strong>scripta</strong></span> <span class='ocrx_word' id='word_1_236' title='bbox 963 3105 1128 3182; x_wconf 88' lang='lat' dir='ltr'><strong>dogmatica</strong></span> <span class='ocrx_word' id='word_1_237' title='bbox 1149 3109 1208 3168; x_wconf 86' lang='lat' dir='ltr'><strong>iam</strong></span> <span class='ocrx_word' id='word_1_238' title='bbox 1229 3109 1266 3172; x_wconf 87' lang='lat' dir='ltr'><strong>ab</strong></span> <span class='ocrx_word' id='word_1_239' title='bbox 1288 3110 1372 3170; x_wconf 85' lang='lat' dir='ltr'><strong>eius-</strong></span> 
     </span>
     <span class='ocr_line' id='line_1_29' title="bbox 142 3204 1373 3287; baseline -0.001 -16"><span class='ocrx_word' id='word_1_240' title='bbox 142 3209 214 3272; x_wconf 89' lang='lat' dir='ltr'><strong>dem</strong></span> <span class='ocrx_word' id='word_1_241' title='bbox 243 3217 276 3269; x_wconf 88' lang='lat' dir='ltr'><strong>et</strong></span> <span class='ocrx_word' id='word_1_242' title='bbox 301 3205 440 3287; x_wconf 84' lang='lat' dir='ltr'><strong>proxime</strong></span> <span class='ocrx_word' id='word_1_243' title='bbox 472 3205 624 3285; x_wconf 86' lang='lat' dir='ltr'><strong>sequentis</strong></span> <span class='ocrx_word' id='word_1_244' title='bbox 656 3205 761 3268; x_wconf 86' lang='lat' dir='ltr'><strong>aetatis</strong></span> <span class='ocrx_word' id='word_1_245' title='bbox 796 3204 944 3284; x_wconf 87' lang='lat' dir='ltr'><strong>theologis</strong></span> <span class='ocrx_word' id='word_1_246' title='bbox 977 3205 1122 3268; x_wconf 86' lang='lat' dir='ltr'><strong>celebrata</strong></span> <span class='ocrx_word' id='word_1_247' title='bbox 1155 3225 1224 3269; x_wconf 87' lang='lat' dir='ltr'><strong>esse</strong></span> <span class='ocrx_word' id='word_1_248' title='bbox 1245 3213 1373 3270; x_wconf 85' lang='lat' dir='ltr'><strong>constat.</strong></span> 
     </span>
     <span class='ocr_line' id='line_1_30' title="bbox 139 3305 1373 3388; baseline -0.002 -15"><span class='ocrx_word' id='word_1_249' title='bbox 139 3312 281 3373; x_wconf 83' lang='lat' dir='ltr'><strong>Ceteram</strong></span> <span class='ocrx_word' id='word_1_250' title='bbox 309 3305 399 3388; x_wconf 83' lang='lat' dir='ltr'><strong>quod·</strong></span> <span class='ocrx_word' id='word_1_251' title='bbox 415 3307 562 3370; x_wconf 84' lang='lat' dir='ltr'><strong>editiones</strong></span> <span class='ocrx_word' id='word_1_252' title='bbox 584 3307 680 3387; x_wconf 78' lang='lat' dir='ltr'><strong>Cyrilli</strong></span> <span class='ocrx_word' id='word_1_253' title='bbox 702 3306 864 3369; x_wconf 87' lang='lat' dir='ltr'><strong>llillesiana</strong></span> <span class='ocrx_word' id='word_1_254' title='bbox 887 3313 917 3366; x_wconf 90' lang='lat' dir='ltr'><strong>et</strong></span> <span class='ocrx_word' id='word_1_255' title='bbox 939 3307 1119 3370; x_wconf 84' lang='lat' dir='ltr'><strong>Touttaeana</strong></span> <span class='ocrx_word' id='word_1_256' title='bbox 1140 3323 1220 3370; x_wconf 85' lang='lat' dir='ltr'><strong>nunc</strong></span> <span class='ocrx_word' id='word_1_257' title='bbox 1240 3309 1373 3372; x_wconf 87' lang='lat' dir='ltr'><strong>rariores</strong></span> 
     </span>
     <span class='ocr_line' id='line_1_31' title="bbox 140 3407 1368 3490; baseline -0.002 -16"><span class='ocrx_word' id='word_1_258' title='bbox 140 3421 231 3482; x_wconf 90' lang='lat' dir='ltr'><strong>suot,</strong></span> <span class='ocrx_word' id='word_1_259' title='bbox 269 3427 343 3472; x_wconf 87' lang='lat' dir='ltr'><strong>sane</strong></span> <span class='ocrx_word' id='word_1_260' title='bbox 375 3409 537 3490; x_wconf 88' lang='lat' dir='ltr'><strong>optandum</strong></span> <span class='ocrx_word' id='word_1_261' title='bbox 567 3418 629 3476; x_wconf 86' lang='lat' dir='ltr'><strong>est.</strong></span> <span class='ocrx_word' id='word_1_262' title='bbox 676 3418 708 3472; x_wconf 91' lang='lat' dir='ltr'><strong>nt</strong></span> <span class='ocrx_word' id='word_1_263' title='bbox 743 3425 818 3470; x_wconf 81' lang='lat' dir='ltr'><strong>nora</strong></span> <span class='ocrx_word' id='word_1_264' title='bbox 858 3407 1059 3470; x_wconf 80' lang='lat' dir='ltr'><strong>Gateclteaeon</strong></span> <span class='ocrx_word' id='word_1_265' title='bbox 1091 3407 1195 3471; x_wconf 83' lang='lat' dir='ltr'><strong>xxttt.</strong></span> <span class='ocrx_word' id='word_1_266' title='bbox 1229 3407 1320 3472; x_wconf 89' lang='lat' dir='ltr'><strong>editio</strong></span> <span class='ocrx_word' id='word_1_267' title='bbox 1352 3427 1368 3472; x_wconf 90' lang='lat' dir='ltr'><strong>a</strong></span> 
     </span>
     <span class='ocr_line' id='line_1_32' title="bbox 140 3507 1368 3591; baseline 0 -17"><span class='ocrx_word' id='word_1_268' title='bbox 140 3514 206 3576; x_wconf 86' lang='lat' dir='ltr'><strong>rino</strong></span> <span class='ocrx_word' id='word_1_269' title='bbox 229 3512 316 3574; x_wconf 90' lang='lat' dir='ltr'><strong>docto</strong></span> <span class='ocrx_word' id='word_1_270' title='bbox 340 3509 376 3572; x_wconf 89' lang='lat' dir='ltr'><strong>ad</strong></span> <span class='ocrx_word' id='word_1_271' title='bbox 400 3507 458 3572; x_wconf 91' lang='lat' dir='ltr'><strong>hoc</strong></span> <span class='ocrx_word' id='word_1_272' title='bbox 484 3529 593 3572; x_wconf 86' lang='lat' dir='ltr'><strong>munus</strong></span> <span class='ocrx_word' id='word_1_273' title='bbox 622 3511 693 3572; x_wconf 87' lang='lat' dir='ltr'><strong>satie</strong></span> <span class='ocrx_word' id='word_1_274' title='bbox 722 3511 868 3572; x_wconf 87' lang='lat' dir='ltr'><strong>instructo</strong></span> <span class='ocrx_word' id='word_1_275' title='bbox 891 3520 921 3570; x_wconf 90' lang='lat' dir='ltr'><strong>ct</strong></span> <span class='ocrx_word' id='word_1_276' title='bbox 942 3509 1052 3572; x_wconf 89' lang='lat' dir='ltr'><strong>idoneo</strong></span> <span class='ocrx_word' id='word_1_277' title='bbox 1074 3511 1250 3584; x_wconf 84' lang='lat' dir='ltr'><strong>adornetur,</strong></span> <span class='ocrx_word' id='word_1_278' title='bbox 1277 3529 1368 3591; x_wconf 88' lang='lat' dir='ltr'><strong>quunt</strong></span> 
     </span>
     <span class='ocr_line' id='line_1_33' title="bbox 139 3611 1370 3694; baseline 0.002 -19"><span class='ocrx_word' id='word_1_279' title='bbox 139 3631 219 3694; x_wconf 83' lang='lat' dir='ltr'><strong>qnae</strong></span> <span class='ocrx_word' id='word_1_280' title='bbox 246 3611 345 3674; x_wconf 86' lang='lat' dir='ltr'><strong>studio</strong></span> <span class='ocrx_word' id='word_1_281' title='bbox 375 3611 453 3673; x_wconf 80' lang='lat' dir='ltr'><strong>uuit.</strong></span> <span class='ocrx_word' id='word_1_282' title='bbox 480 3611 577 3676; x_wconf 80' lang='lat' dir='ltr'><strong>Caroli</strong></span> <span class='ocrx_word' id='word_1_283' title='bbox 605 3611 723 3672; x_wconf 85' lang='lat' dir='ltr'><strong>Reiscltl</strong></span> <span class='ocrx_word' id='word_1_284' title='bbox 751 3611 864 3672; x_wconf 72' lang='lat' dir='ltr'><strong>Moneri</strong></span> <span class='ocrx_word' id='word_1_285' title='bbox 892 3612 1147 3676; x_wconf 76' lang='lat' dir='ltr'><strong>a1848.minus</strong></span> <span class='ocrx_word' id='word_1_286' title='bbox 1175 3612 1370 3692; x_wconf 85' lang='lat' dir='ltr'><strong>probabiliter</strong></span> 
     </span>
     <span class='ocr_line' id='line_1_34' title="bbox 140 3711 1368 3794; baseline 0 -18"><span class='ocrx_word' id='word_1_287' title='bbox 140 3714 278 3787; x_wconf 85' lang='lat' dir='ltr'><strong>inchoata</strong></span> <span class='ocrx_word' id='word_1_288' title='bbox 308 3721 369 3786; x_wconf 87' lang='lat' dir='ltr'><strong>est,</strong></span> <span class='ocrx_word' id='word_1_289' title='bbox 396 3729 456 3773; x_wconf 89' lang='lat' dir='ltr'><strong>noo</strong></span> <span class='ocrx_word' id='word_1_290' title='bbox 485 3712 598 3775; x_wconf 82' lang='lat' dir='ltr'><strong>absolvi</strong></span> <span class='ocrx_word' id='word_1_291' title='bbox 627 3713 769 3774; x_wconf 81' lang='lat' dir='ltr'><strong>rideatur.</strong></span> <span class='ocrx_word' id='word_1_292' title='bbox 814 3713 936 3774; x_wconf 84' lang='lat' dir='ltr'><strong>Praeter</strong></span> <span class='ocrx_word' id='word_1_293' title='bbox 958 3711 1054 3792; x_wconf 78' lang='lat' dir='ltr'><strong>Cyrilli</strong></span> <span class='ocrx_word' id='word_1_294' title='bbox 1084 3711 1260 3775; x_wconf 84' lang='lat' dir='ltr'><strong>Catacheeea</strong></span> <span class='ocrx_word' id='word_1_295' title='bbox 1282 3715 1368 3794; x_wconf 88' lang='lat' dir='ltr'><strong>plura</strong></span> 
     </span>
     <span class='ocr_line' id='line_1_35' title="bbox 141 3811 1368 3894; baseline 0 -16"><span class='ocrx_word' id='word_1_296' title='bbox 141 3813 340 3878; x_wconf 56' lang='lat' dir='ltr'><strong>embnornm</strong></span> <span class='ocrx_word' id='word_1_297' title='bbox 355 3813 547 3893; x_wconf 79' lang='lat' dir='ltr'><strong>scriptmum,</strong></span> <span class='ocrx_word' id='word_1_298' title='bbox 570 3813 620 3894; x_wconf 89' lang='lat' dir='ltr'><strong>qui</strong></span> <span class='ocrx_word' id='word_1_299' title='bbox 641 3813 795 3878; x_wconf 88' lang='lat' dir='ltr'><strong>ecclesiam</strong></span> <span class='ocrx_word' id='word_1_300' title='bbox 819 3813 950 3876; x_wconf 88' lang='lat' dir='ltr'><strong>Orientis</strong></span> <span class='ocrx_word' id='word_1_301' title='bbox 972 3811 1091 3874; x_wconf 89' lang='lat' dir='ltr'><strong>sacculo</strong></span> <span class='ocrx_word' id='word_1_302' title='bbox 1111 3827 1217 3892; x_wconf 88' lang='lat' dir='ltr'><strong>quarto</strong></span> <span class='ocrx_word' id='word_1_303' title='bbox 1238 3813 1368 3878; x_wconf 84' lang='lat' dir='ltr'><strong>illustra·</strong></span> 
     </span>
     <span class='ocr_line' id='line_1_36' title="bbox 139 3910 1367 3994; baseline -0.001 -16"><span class='ocrx_word' id='word_1_304' title='bbox 139 3923 223 3986; x_wconf 86' lang='lat' dir='ltr'><strong>runt,</strong></span> <span class='ocrx_word' id='word_1_305' title='bbox 247 3913 284 3975; x_wconf 85' lang='lat' dir='ltr'><strong>ad</strong></span> <span class='ocrx_word' id='word_1_306' title='bbox 305 3931 362 3975; x_wconf 90' lang='lat' dir='ltr'><strong>nos</strong></span> <span class='ocrx_word' id='word_1_307' title='bbox 384 3913 479 3977; x_wconf 77' lang='lat' dir='ltr'><strong>datan</strong></span> <span class='ocrx_word' id='word_1_308' title='bbox 502 3921 573 3976; x_wconf 87' lang='lat' dir='ltr'><strong>eunt</strong></span> <span class='ocrx_word' id='word_1_309' title='bbox 594 3914 736 3994; x_wconf 89' lang='lat' dir='ltr'><strong>opuscula</strong></span> <span class='ocrx_word' id='word_1_310' title='bbox 764 3914 927 3994; x_wconf 87' lang='lat' dir='ltr'><strong>dogmatica</strong></span> <span class='ocrx_word' id='word_1_311' title='bbox 956 3930 1048 3993; x_wconf 90' lang='lat' dir='ltr'><strong>eaque</strong></span> <span class='ocrx_word' id='word_1_312' title='bbox 1069 3913 1104 3975; x_wconf 88' lang='lat' dir='ltr'><strong>ad</strong></span> <span class='ocrx_word' id='word_1_313' title='bbox 1132 3914 1230 3976; x_wconf 87' lang='lat' dir='ltr'><strong>locum</strong></span> <span class='ocrx_word' id='word_1_314' title='bbox 1251 3910 1288 3976; x_wconf 90' lang='lat' dir='ltr'><strong>de</strong></span> <span class='ocrx_word' id='word_1_315' title='bbox 1309 3917 1367 3977; x_wconf 84' lang='lat' dir='ltr'><strong>tri-</strong></span> 
     </span>
     <span class='ocr_line' id='line_1_37' title="bbox 142 4011 1367 4094; baseline -0.002 -14"><span class='ocrx_word' id='word_1_316' title='bbox 142 4017 235 4080; x_wconf 87' lang='lat' dir='ltr'><strong>nitate</strong></span> <span class='ocrx_word' id='word_1_317' title='bbox 257 4015 443 4094; x_wconf 80' lang='lat' dir='ltr'><strong>pertinentia,</strong></span> <span class='ocrx_word' id='word_1_318' title='bbox 466 4031 541 4094; x_wconf 84' lang='lat' dir='ltr'><strong>qnae</strong></span> <span class='ocrx_word' id='word_1_319' title='bbox 563 4015 692 4076; x_wconf 85' lang='lat' dir='ltr'><strong>tortasse</strong></span> <span class='ocrx_word' id='word_1_320' title='bbox 715 4023 802 4077; x_wconf 90' lang='lat' dir='ltr'><strong>erunt</strong></span> <span class='ocrx_word' id='word_1_321' title='bbox 831 4013 879 4094; x_wconf 88' lang='lat' dir='ltr'><strong>qui</strong></span> <span class='ocrx_word' id='word_1_322' title='bbox 903 4015 958 4078; x_wconf 87' lang='lat' dir='ltr'><strong>bac</strong></span> <span class='ocrx_word' id='word_1_323' title='bbox 985 4015 1015 4076; x_wconf 90' lang='lat' dir='ltr'><strong>in</strong></span> <span class='ocrx_word' id='word_1_324' title='bbox 1037 4011 1217 4076; x_wconf 82' lang='lat' dir='ltr'><strong>Bibliotheca</strong></span> <span class='ocrx_word' id='word_1_325' title='bbox 1245 4015 1367 4078; x_wconf 88' lang='lat' dir='ltr'><strong>deside-</strong></span> 
     </span>
     <span class='ocr_line' id='line_1_38' title="bbox 141 4113 1369 4194; baseline -0.002 -14"><span class='ocrx_word' id='word_1_326' title='bbox 141 4125 221 4180; x_wconf 85' lang='lat' dir='ltr'><strong>racc.</strong></span> <span class='ocrx_word' id='word_1_327' title='bbox 266 4114 355 4178; x_wconf 83' lang='lat' dir='ltr'><strong>Culus</strong></span> <span class='ocrx_word' id='word_1_328' title='bbox 378 4114 495 4194; x_wconf 87' lang='lat' dir='ltr'><strong>generis</strong></span> <span class='ocrx_word' id='word_1_329' title='bbox 518 4124 587 4177; x_wconf 88' lang='lat' dir='ltr'><strong>sunt</strong></span> <span class='ocrx_word' id='word_1_330' title='bbox 607 4115 730 4178; x_wconf 78' lang='lat' dir='ltr'><strong>Eusebii</strong></span> <span class='ocrx_word' id='word_1_331' title='bbox 745 4116 954 4178; x_wconf 66' lang='lat' dir='ltr'><strong>taceareensts</strong></span> <span class='ocrx_word' id='word_1_332' title='bbox 976 4114 1044 4176; x_wconf 89' lang='lat' dir='ltr'><strong>libri</strong></span> <span class='ocrx_word' id='word_1_333' title='bbox 1066 4113 1125 4176; x_wconf 88' lang='lat' dir='ltr'><strong>duo</strong></span> <span class='ocrx_word' id='word_1_334' title='bbox 1148 4123 1256 4176; x_wconf 86' lang='lat' dir='ltr'><strong>contro</strong></span> <span class='ocrx_word' id='word_1_335' title='bbox 1279 4115 1369 4178; x_wconf 79' lang='lat' dir='ltr'><strong>ncr-</strong></span> 
     </span>
     <span class='ocr_line' id='line_1_39' title="bbox 138 4210 1375 4298; baseline -0.003 -16"><span class='ocrx_word' id='word_1_336' title='bbox 138 4219 253 4282; x_wconf 83' lang='lat' dir='ltr'><strong>oellarn</strong></span> <span class='ocrx_word' id='word_1_337' title='bbox 273 4226 306 4278; x_wconf 90' lang='lat' dir='ltr'><strong>et</strong></span> <span class='ocrx_word' id='word_1_338' title='bbox 326 4223 387 4278; x_wconf 80' lang='lat' dir='ltr'><strong>uas</strong></span> <span class='ocrx_word' id='word_1_339' title='bbox 399 4217 446 4278; x_wconf 80' lang='lat' dir='ltr'><strong>&#39;dc</strong></span> <span class='ocrx_word' id='word_1_340' title='bbox 466 4216 669 4280; x_wconf 70' lang='lat' dir='ltr'><strong>acatalectico</strong></span> <span class='ocrx_word' id='word_1_341' title='bbox 690 4217 850 4298; x_wconf 82' lang='lat' dir='ltr'><strong>theologie,</strong></span> <span class='ocrx_word' id='word_1_342' title='bbox 872 4210 986 4295; x_wconf 79' lang='lat' dir='ltr'><strong>llidqmi</strong></span> <span class='ocrx_word' id='word_1_343' title='bbox 1007 4213 1195 4280; x_wconf 81' lang='lat' dir='ltr'><strong>aterendrtnt</strong></span> <span class='ocrx_word' id='word_1_344' title='bbox 1217 4215 1253 4278; x_wconf 91' lang='lat' dir='ltr'><strong>de</strong></span> <span class='ocrx_word' id='word_1_345' title='bbox 1274 4219 1375 4278; x_wconf 64' lang='lat' dir='ltr'><strong>omne</strong></span> 
     </span>
     <span class='ocr_line' id='line_1_40' title="bbox 143 4315 1366 4398; baseline -0.007 -15"><span class='ocrx_word' id='word_1_346' title='bbox 143 4329 206 4384; x_wconf 83' lang='lat' dir='ltr'><strong>tcta</strong></span> <span class='ocrx_word' id='word_1_347' title='bbox 219 4317 289 4380; x_wconf 89' lang='lat' dir='ltr'><strong>libri</strong></span> <span class='ocrx_word' id='word_1_348' title='bbox 304 4323 365 4380; x_wconf 88' lang='lat' dir='ltr'><strong>tres</strong></span> <span class='ocrx_word' id='word_1_349' title='bbox 381 4335 485 4397; x_wconf 89' lang='lat' dir='ltr'><strong>graece</strong></span> <span class='ocrx_word' id='word_1_350' title='bbox 498 4317 536 4387; x_wconf 82' lang='lat' dir='ltr'><strong>ab</strong></span> <span class='ocrx_word' id='word_1_351' title='bbox 551 4318 594 4380; x_wconf 92' lang='lat' dir='ltr'><strong>lo.</strong></span> <span class='ocrx_word' id='word_1_352' title='bbox 609 4317 728 4398; x_wconf 82' lang='lat' dir='ltr'><strong>hloysio</strong></span> <span class='ocrx_word' id='word_1_353' title='bbox 744 4315 905 4396; x_wconf 84' lang='lat' dir='ltr'><strong>lliogarelli</strong></span> <span class='ocrx_word' id='word_1_354' title='bbox 920 4315 1071 4378; x_wconf 76' lang='lat' dir='ltr'><strong>bononiae</strong></span> <span class='ocrx_word' id='word_1_355' title='bbox 1086 4335 1112 4378; x_wconf 87' lang='grc' dir='ltr'>ι.</span> <span class='ocrx_word' id='word_1_356' title='bbox 1130 4318 1221 4382; x_wconf 72' lang='lat' dir='ltr'><strong>ttae·</strong></span> <span class='ocrx_word' id='word_1_357' title='bbox 1238 4316 1366 4394; x_wconf 84' lang='lat' dir='ltr'><strong>primurn</strong></span> 
     </span>
     <span class='ocr_line' id='line_1_41' title="bbox 141 4415 1369 4500; baseline -0.008 -18"><span class='ocrx_word' id='word_1_358' title='bbox 141 4420 212 4482; x_wconf 85' lang='lat' dir='ltr'><strong>editi</strong></span> <span class='ocrx_word' id='word_1_359' title='bbox 236 4428 266 4481; x_wconf 88' lang='lat' dir='ltr'><strong>et</strong></span> <span class='ocrx_word' id='word_1_360' title='bbox 295 4417 430 4482; x_wconf 84' lang='lat' dir='ltr'><strong>eiusdem</strong></span> <span class='ocrx_word' id='word_1_361' title='bbox 457 4419 492 4482; x_wconf 86' lang='lat' dir='ltr'><strong>de</strong></span> <span class='ocrx_word' id='word_1_362' title='bbox 510 4423 628 4500; x_wconf 77' lang='lat' dir='ltr'><strong>optritae</strong></span> <span class='ocrx_word' id='word_1_363' title='bbox 655 4427 762 4482; x_wconf 79' lang='lat' dir='ltr'><strong>concta</strong></span> <span class='ocrx_word' id='word_1_364' title='bbox 790 4425 933 4480; x_wconf 85' lang='lat' dir='ltr'><strong>tractatus</strong></span> <span class='ocrx_word' id='word_1_365' title='bbox 954 4435 989 4479; x_wconf 79' lang='lat' dir='ltr'><strong>er</strong></span> <span class='ocrx_word' id='word_1_366' title='bbox 1012 4417 1257 4498; x_wconf 86' lang='lat' dir='ltr'><strong>interpretatione</strong></span> <span class='ocrx_word' id='word_1_367' title='bbox 1278 4415 1369 4476; x_wconf 85' lang='lat' dir='ltr'><strong>latina</strong></span> 
     </span>
     <span class='ocr_line' id='line_1_42' title="bbox 142 4515 1375 4601; baseline -0.01 -19"><span class='ocrx_word' id='word_1_368' title='bbox 142 4519 326 4601; x_wconf 75' lang='lat' dir='ltr'><strong>llierongmi,</strong></span> <span class='ocrx_word' id='word_1_369' title='bbox 342 4519 499 4600; x_wconf 80' lang='lat' dir='ltr'><strong>Epipbaoii</strong></span> <span class='ocrx_word' id='word_1_370' title='bbox 514 4517 696 4594; x_wconf 78' lang='lat' dir='ltr'><strong>decoratur,</strong></span> <span class='ocrx_word' id='word_1_371' title='bbox 718 4518 838 4583; x_wconf 78' lang='lat' dir='ltr'><strong>imonis</strong></span> <span class='ocrx_word' id='word_1_372' title='bbox 854 4517 1061 4600; x_wconf 78' lang='lat' dir='ltr'><strong>chrysostomi</strong></span> <span class='ocrx_word' id='word_1_373' title='bbox 1076 4515 1375 4592; x_wconf 73' lang='lat' dir='ltr'><strong>coetrednortoeoe</strong></span> 
     </span>
     <span class='ocr_line' id='line_1_43' title="bbox 1126 4632 1166 4684; baseline 0 -22"><span class='ocrx_word' id='word_1_374' title='bbox 1126 4632 1166 4684; x_wconf 64' lang='lat' dir='ltr'><strong>Bt</strong></span> 
     </span>
    </p>
   </div>
   <div class='ocr_carea' id='block_1_5' title="bbox 0 0 1593 5082">
    <p class='ocr_par' dir='ltr' id='par_1_6' title="bbox 0 0 1593 5082">
     <span class='ocr_line' id='line_1_44' title="bbox 0 0 1593 5082; baseline 0 0"><span class='ocrx_word' id='word_1_375' title='bbox 0 0 1593 5082; x_wconf 95' lang='lat' dir='ltr'><strong> </strong></span> 
     </span>
    </p>
   </div>
  </div>
 </body>
</html>
