3216 5048
564 214 673 258 limbo
689 214 710 258 1.
727 215 843 260 colim
856 215 992 261 ammos.
1324 211 1386 276 Μ

153 365 244 432 nobis
271 366 350 430 lleus
382 365 414 430 in
443 363 518 428 Filio
546 363 664 428 loastm
693 373 740 428 est
770 375 802 430 et
827 375 1020 448 peecatorum
1047 369 1124 432 lacta
1163 379 1213 433 est
1240 376 1388 456 purgatio.
1398 393 1474 440 esu.

154 465 282 544 Quando
304 487 398 550 porro
419 466 509 528 nobis
530 465 562 526 in
583 465 658 528 Filio
680 467 796 532 locutus
819 477 876 548 est,
899 477 929 533 et
941 479 1132 552 peecatorum
1153 475 1292 554 purgatio
1315 477 1391 540 laeta

154 579 212 647 est,
235 569 283 634 rel
304 568 422 651 quando
444 569 538 630 iactus
560 576 607 630 cat
628 569 729 646 homo,
752 571 811 634 nisi
833 572 1081 654 postl’ropbetss
1096 573 1128 636 ia
1142 577 1307 656 postremis
1323 578 1389 642 die-

153 671 240 738 bus‘l
282 671 397 734 Deinde
426 687 493 730 eum
530 687 631 732 sermo
661 671 701 734 sit
733 672 771 734 de
800 671 1037 754 dispensatione,
1070 694 1146 756 quae
1173 678 1272 741 nestri
1300 699 1389 743 causa

154 781 296 853 suscepta
318 779 381 844 est,
404 770 442 832 de
463 769 576 832 ultimis
598 772 784 851 temporibus
805 773 895 834 verba
917 775 1027 838 iaciens
1049 777 1260 842 convenienter
1281 781 1386 844 admo·

155 884 219 950 net,
241 891 338 953 neque
360 871 511 954 prioribus
534 871 721 954 temporibus
742 873 836 936 lleum
859 875 998 950 tacuisse,
1020 876 1166 955 siquidem
1179 899 1234 961 per
1248 881 1385 964 Prophe·

157 985 203 1036 tas
225 974 341 1036 locutus
365 983 420 1036 est
466 973 614 1048 Quoniam
635 974 726 1055 igitur
746 975 914 1056 Prophetae
935 975 1157 1054 ministravere,
1187 990 1216 1043 et
1243 983 1287 1044 lex
1308 1003 1384 1065 pro-

127 1133 133 1148 ,
158 1073 284 1152 mugen
304 1092 360 1152 per
379 1074 508 1154 Angelos
531 1083 586 1149 est,
610 1075 774 1156 deindeque
796 1075 916 1139 advenit
930 1075 1036 1150 Filius,-
1054 1085 1089 1140 ut
1108 1077 1175 1156 ipse
1195 1081 1384 1160 ministraret,

157 1174 328 1238 necessario
351 1175 425 1238 baec
446 1175 534 1238 verba
557 1175 670 1238 intulit:
703 1176 797 1242 Tanto
822 1183 1037 1259 praestantior
1064 1180 1169 1260 sactus
1192 1178 1327 1261 dapalis,
1353 1195 1387 1248 ut

154 1277 270 1340 scilieet
291 1277 472 1352 ostenderet,
494 1286 637 1358 quantum
659 1298 746 1342 servo
768 1289 902 1359 praestat
922 1281 1012 1356 lilius,
1035 1289 1119 1343 tanto
1143 1281 1232 1343 etiam
1254 1281 1319 1344 Filii
1334 1285 1387 1347 sd-

152 1377 403 1442 ministrationem
425 1368 581 1442 sertorum
603 1380 860 1444 administratione
880 1383 1130 1463 praestantiorem
1152 1383 1255 1445 luisse.
1300 1383 1388 1446 Vete-

152 1500 215 1544 rem
238 1482 337 1561 itaque
360 1490 391 1543 et
410 1500 518 1544 noram
545 1480 835 1544 administrationem
865 1483 1050 1564 distinguens
1072 1483 1236 1566 Apostolus
1264 1485 1391 1548 lidonter

152 1583 224 1646 baec
251 1582 288 1644 ad
316 1581 443 1644 ludaeos
474 1581 592 1644 scribit:
627 1581 722 1646 Tanto
747 1589 964 1666 praestantior
990 1587 1093 1667 sactus
1125 1585 1259 1665 dapalis.
1305 1586 1387 1660 Qua-

151 1693 275 1766 propter
295 1683 376 1746 nnlla
397 1683 447 1746 bic
467 1703 542 1746 usus
565 1693 612 1746 est
633 1684 865 1764 comparatione,
891 1704 949 1747 nec
972 1685 1045 1747 dixit
1066 1687 1163 1748 maior
1184 1687 1231 1750 rel
1252 1688 1387 1750 bonora-

152 1787 226 1862 tior,
255 1805 294 1848 ne
322 1785 387 1865 quis
416 1785 500 1848 illum
528 1785 663 1849 eiusdem
691 1805 726 1848 ac
753 1786 820 1848 illos
851 1805 918 1849 esse
940 1787 1057 1866 generis
1079 1789 1298 1870 suspicaretur3
1331 1789 1386 1852 ssd

150 1891 362 1970 praestantior
392 1887 480 1962 dixit,
515 1895 548 1949 ut
574 1895 697 1950 naturae
719 1887 786 1950 Filii
813 1894 843 1948 el
870 1907 969 1950 rerum
997 1897 1164 1951 creatarum
1186 1873 1386 1952 differentiam

153 1989 383 2064 demonstraret,
408 1988 499 2068 idque
520 2007 624 2051 verum
646 2007 714 2050 esse
737 2007 773 2050 ex
794 1987 903 2050 divinis
925 1997 1008 2077 patet
1028 1988 1201 2070 Scripturis.
1234 1987 1310 2053 Nam
1322 1990 1383 2052 lla-

151 2091 200 2154 rid
220 2091 262 2154 ita
282 2091 397 2174 psallit:
421 2090 638 2154 Praestantiar
660 2091 722 2154 dies
743 2109 807 2154 ana
828 2094 862 2152 in
875 2094 966 2155 atriis
983 2094 1044 2155 tais
1059 2109 1154 2172 saper
1167 2091 1275 2154 asr'llia.
1305 2091 1386 2154 llaec

148 2193 220 2256 item
241 2203 312 2256 sunt
333 2193 503 2256 Salomonis
526 2191 630 2255 verba:
652 2192 786 2274 Accipite
808 2192 999 2273 disciplinam
1021 2204 1050 2256 et
1071 2211 1135 2256 non
1157 2202 1333 2272 arpentum,
1355 2203 1385 2255 et

150 2299 350 2376 sepultionem
367 2313 447 2376 prae
469 2311 548 2355 auro
567 2294 710 2374 prototo.
755 2292 972 2357 Praestantior
996 2305 1041 2356 est
1063 2295 1142 2356 enim
1163 2297 1315 2374 sapientia
1335 2292 1385 2354 le-

146 2395 268 2476 pidibas
287 2399 455 2476 pretiosis,·
483 2393 618 2476 nilsilqas
640 2403 686 2456 est
704 2399 891 2476 pretiosam,
922 2395 1002 2476 qnod
1024 2399 1065 2456 sit
1085 2391 1142 2455 illa
1164 2393 1295 2475 dipnam.
1339 2393 1470 2460 lenm.

149 2514 213 2558 non
235 2496 314 2558 enim
337 2496 471 2558 diversae
492 2503 564 2559 sunt
584 2503 706 2558 naturae
728 2503 759 2558 et
781 2495 965 2559 substantiae
986 2493 1131 2575 sapientia
1147 2501 1176 2557 et
1190 2493 1304 2576 lapides
1318 2503 1383 2558 ter-
1425 2559 1427 2564 ,

143 2595 238 2676 reni?
283 2590 437 2672 Quaenam
466 2608 564 2660 autem
586 2598 723 2679 cognatio
746 2597 1021 2662 aulis·caelestibns
1043 2615 1109 2659 cum
1132 2597 1260 2659 terrenis
1283 2596 1382 2659 domi·

148 2697 249 2764 ciliis?
292 2701 344 2762 Vel
374 2697 444 2781 quid
474 2700 571 2762 simile
598 2709 699 2780 potest
727 2719 795 2762 esse
823 2720 873 2762 res
902 2707 1037 2762 aeternas
1067 2699 1275 2780 spiritalesque
1304 2699 1383 2761 inter

148 2819 184 2864 ao
196 2821 247 2863 res
271 2801 398 2864 caducas
421 2809 451 2862 et
471 2801 642 2863 mortalesi
685 2802 717 2863 ld
735 2801 814 2862 enim
830 2802 928 2882 ipsum
944 2811 1000 2876 est,
1023 2801 1102 2881 qnod
1116 2801 1208 2862 lanias
1224 2797 1279 2861 ait:
1302 2799 1384 2862 Haec

149 2903 221 2964 dieit
245 2901 394 2962 Dominus
416 2901 589 2964 manebis:
624 2901 688 2974 Qui
710 2902 910 2964 custodierint
939 2902 1065 2964 sabbata
1093 2920 1159 2963 mea
1186 2909 1216 2962 et
1238 2899 1384 2978 cleperint

151 3019 228 3084 qnae
251 3017 303 3080 epo
325 2999 395 3060 cola
419 3010 447 3061 et
469 3004 623 3061 tenuerint
643 3001 752 3081 [aedas
775 3020 886 3073 mnam,
918 3001 992 3063 dabo
1016 3001 1079 3061 illis
1101 3005 1134 3060 in
1157 3001 1244 3062 doaso
1266 3017 1333 3060 msa
1354 3006 1384 3058 et

150 3105 185 3164 in
204 3119 296 3164 muro
318 3118 385 3163 meo
409 3100 506 3162 laeum
528 3099 682 3172 celebrem,
700 3105 913 3182 praestantius
928 3119 1017 3182 qnam
1031 3099 1107 3180 filiis
1130 3108 1158 3160 et
1179 3098 1304 3178 filiabus
1325 3115 1384 3159 no·

149 3221 218 3266 men
240 3206 457 3281 senpiternam
479 3201 555 3264 dabo
579 3205 636 3275 et’s,
664 3203 744 3286 qnod
770 3219 835 3264 non
857 3201 983 3283 deficiet.
1028 3197 1171 3261 Similiter
1192 3198 1282 3278 igitur
1303 3195 1383 3260 nulla

150 3311 196 3368 sat
217 3303 354 3384 cognatio
375 3303 451 3364 Filia
474 3321 541 3366 cum
563 3302 700 3384 Angelis;
721 3323 756 3368 ac
775 3302 902 3385 proinde
924 3321 985 3365 non
1007 3301 1237 3382 comparationis
1259 3301 1312 3364 sed
1334 3299 1381 3364 di·

149 3553 245 3612 arelas·
261 3547 313 3617 mir
329 3551 552 3608 sermocinari
568 3551 740 3638 riqrrawir.
792 3563 816 3609 et
840 3557 896 3608 editi
917 3557 1029 3608 amittant
1051 3549 1118 3607 ἐστι.
1162 3557 1216 3608 bas
1240 3557 1381 3619 sapuerim.

147 3627 210 3677 Editt
234 3633 259 3677 el
282 3625 323 3676 alii
347 3615 402 3704 dipsa
423 3626 525 3708 κρίνων
549 3618 563 3674 ὃ
588 3621 741 3681 animaist
790 3613 1167 3690 Anglie.etielclm.b.ad1'
1188 3617 1379 3691 desponsione.¹

146 3691 195 3754 τῆς
217 3706 248 3743 τε
269 3687 389 3746 παλαιαί*
410 3707 457 3743 και
479 3691 527 3752 τῆς
549 3693 650 3753 καινῆς.
687 3695 740 3746 llos
824 3694 847 3742 lt.
866 3693 906 3744 Sic
924 3695 1024 3756 Segner.
1052 3695 1079 3743 it
1092 3691 1191 3744 Gobler.
1210 3701 1233 3741 et
1242 3689 1382 3743 l'eleltm.l.

81 3758 87 3768 '
148 3761 302 3812 ielebmauni
320 3761 343 3810 2.
363 3770 386 3811 et
404 3763 461 3816 editi
481 3763 594 3812 omittant
612 3757 736 3828 τοσούτῳ
789 3759 850 3814 retr
876 3751 1024 3828 οὐρανίαις.
1066 3760 1128 3810 liditi
1155 3759 1246 3826 aliique
1267 3757 1329 3812 raia
1351 3752 1382 3808 lv

147 3823 279 3896 κρείττων
295 3820 443 3910 ysraJteror
463 3826 521 3877 sair
538 3821 669 3896 dyptiaw.
789 3819 925 3895 eiramis.

181 3899 198 3948 l.
216 3899 318 3960 Sequor.
336 3909 451 3962 ειρηται.
482 3895 534 3946 llos
553 3899 615 3948 idem
636 3897 737 3959 atlagl.
822 3897 838 3946 l.
857 3897 899 3948 Sic
916 3897 1016 3958 Seme.
1035 3893 1134 3945 liobler.
1152 3895 1293 3947 uteletas.
1306 3895 1328 3946 l.
1352 3897 1382 3947 n

147 3964 246 4018 Gobler.
271 3973 294 4016 et
312 3965 417 4016 ielcltm.
430 3965 452 4016 l.
478 3957 640 4032 τιμιώτερος
661 3957 738 4029 ytri-
788 3965 811 4016 iu
836 3966 937 4027 Segner.
960 3961 1009 4011 nni
1035 3963 1161 4012 omittitur.
1202 3963 1247 4015 titt
1271 3968 1297 4014 et
1322 3965 1381 4015 edlti

196 4046 234 4087 ος.
272 4033 298 4083 ln
318 4031 388 4084 editis
406 4041 431 4084 et
441 4033 496 4084 aliis
506 4034 574 4084 deest
581 4025 736 4100 γενόμενος.
786 4025 932 4080 καὶτοῦτο
950 4023 1006 4096 γὰρ
1025 4021 1172 4084 i‘Hsnioe.

164 4099 220 4151 anlo
245 4109 304 4166 post
326 4101 426 4166 Sequar.
449 4091 575 4164 κᾷκεϊνόν
600 4113 643 4155 res
664 4093 737 4166 toyt
820 4115 853 4150 m.
872 4099 912 4150 Sic
929 4101 985 4162 lleg.
1003 4097 1077 4148 baad.
1101 4105 1126 4149 et
1142 4099 1233 4162 baalia.
1256 4106 1284 4149 nt
1300 4107 1325 4149 et
1340 4099 1380 4151 le·-

145 4177 236 4228 a'qsns.
787 4169 850 4231 gitur
868 4167 932 4217 Esai.
947 4165 994 4227 bd,
1012 4166 1037 4216 4.
1080 4167 1179 4217 Seuer.
1205 4159 1376 4232 Μίγανται.

178 4251 201 4300 p.
220 4236 326 4287 l'elclrn.
338 4235 362 4287 b.
379 4231 506 4302 remitti.
785 4235 830 4288 stit
849 4243 873 4286 et
891 4233 964 4284 editio
982 4234 1100 4286 Commel.
1113 4181 1278 4291 §addimus

178 4305 202 4354 li.
220 4305 322 4367 sepner.
346 4306 446 4357 Goblsr.
471 4312 496 4355 et
519 4301 736 4356 lteleln.1.2a·
819 4317 843 4354 ι.
861 4305 903 4354 Sic
919 4303 1020 4366 &asan
1037 4303 1136 4355 Gobler.
1153 4300 1328 4353 esistunt.
1348 4303 1378 4350 m

142 4363 293 4439 lepidum.
786 4370 826 4420 alii
845 4378 869 4420 et
886 4370 943 4420 editi
969 4369 1019 4419 τοῦ
1035 4363 1106 4420 niati.
1143 4369 1197 4420 ilos
1213 4369 1314 4430 squar.
1332 4354 1377 4415 ot·

180 4441 196 4490 i.
214 4441 256 4491 Sic
273 4441 374 4502 Sequar.
392 4440 494 4492 etl’ror.
505 4435 530 4504 8,
550 4437 590 4490 ll).
623 4437 667 4490 titt
679 4449 737 4490 raro
787 4445 836 4497 aas
852 4433 1017 4502 συγγενείας.
