2822 5030
347 202 461 246 conum
476 203 692 248 succussatura
708 205 793 272 mnan
803 204 836 246 u.
1142 194 1204 258 ste

0 380 8 407 a
48 361 87 416 ct
111 353 224 416 virtute
247 371 280 413 se
301 352 415 434 peccati
436 361 587 433 expertem
603 354 730 430 exbibet,
753 361 911 435 postquam
926 359 1113 422 necessitatis
1129 376 1291 422 con-rou.

1 459 118 518 'onem
144 464 175 516 et
196 455 307 535 peccati
329 455 424 534 legem
446 455 592 530 dissoluit,
617 447 841 536 et'captiritatis
865 458 1033 550 Tyrannum
1056 461 1087 522 in
1109 461 1205 540 capti·
1263 493 1267 500 ·

12 567 88 618 tem
113 556 246 630 adduxit,
269 566 303 617 ut
323 557 363 618 ait
384 556 548 636 Propheta:
571 559 743 621 dseendr'str'
761 563 793 622 in
815 560 927 634 cltum,
951 567 1058 644 cepr'sti
1078 565 1207 644 captivi-

4 677 67 718 m.
120 656 196 720 lVam
219 676 285 719 cum
307 659 432 720 formam
454 659 534 722 servi
557 659 677 722 inimice
699 659 828 722 Verbum
852 662 1008 739 obiecerit,
1041 683 1097 743 per
1126 683 1204 742 eum,

30 757 116 818 olim
141 758 236 820 victus
257 761 362 832 luerat,
386 760 537 822 victoriam
560 770 763 840 consequutus
786 771 841 823 est.
886 762 1032 836 Quocirca
1046 782 1101 845 per
1116 785 1206 830 omne

1 859 150 922 nationis
172 878 265 940 genus
286 861 479 939 pertransivit
498 861 601 936 lesus,
624 861 693 942 quia
715 863 814 924 omnia
836 864 962 936 sumsit,
985 865 1016 926 in
1038 886 1112 946 quae
1136 877 1205 931 ten-

8 961 92 1022 onis
120 962 355 1043 experimentum
378 964 484 1025 cadere
506 965 619 1046 possit,
647 963 756 1043 quibus
784 964 934 1026 victoriam
957 984 1012 1046 pro
1034 966 1206 1034 bominibus
1282 981 1287 994 “

0 1062 149 1138 ortavit,
173 1063 316 1143 dicitque:
342 1065 497 1146 Confids'te,
522 1083 572 1144 eqo
595 1066 830 1128 pleimundum.
872 1065 975 1145 Neque
1002 1065 1081 1128 enim
1102 1077 1206 1134 contra

10 1172 136 1237 tatem,
168 1183 256 1244 φιιιιι
278 1165 308 1226 in
332 1165 381 1227 illo
404 1184 465 1228 non
488 1174 591 1239 uorat,
624 1163 732 1228 bellum
755 1167 886 1246 suscepit
908 1165 1060 1241 diabolus,
1090 1185 1205 1246 nequa-

0 1265 165 1328 :menius
188 1265 218 1326 id
239 1285 331 1328 ausus
353 1276 446 1340 esset,
469 1266 597 1348 ideoque
618 1267 730 1330 aiebat:
753 1267 1037 1344 substruentem
1060 1268 1113 1330 sed
1129 1275 1205 1330 cou'-

27 1367 205 1440 bominem,
228 1387 315 1448 quem
337 1368 406 1430 clim
428 1367 459 1430 in
483 1387 614 1430 errorem
637 1369 782 1432 deducere
803 1368 902 1442 valuit,
926 1389 961 1430 ex
976 1389 1036 1450 quo
1051 1369 1083 1432 in
1099 1387 1204 1432 omncs

18 1468 112 1530 ines
136 1470 265 1532 malitiae
287 1489 360 1534 suae
382 1469 541 1534 efficaciam
563 1471 745 1551 propagarit.
790 1470 865 1534 Cum
885 1479 983 1534 autem
1006 1470 1086 1534 ldae
1108 1471 1207 1534 anima

11 1569 135 1632 mortis
159 1571 403 1634 condemnatione
426 1571 609 1634 detineretur
636 1589 670 1633 ac
696 1580 840 1651 perpetuo
869 1573 906 1634 ad
928 1571 1088 1635 Dominum
1116 1573 1204 1634 sunm

4 1678 123 1744 maret,
148 1671 217 1734 item
241 1691 308 1734 cum
329 1672 369 1746 ii,
392 1671 442 1752 qul
465 1673 527 1734 lleo
550 1672 720 1751 placuerant
742 1673 843 1752 etqui
866 1673 896 1736 in
918 1673 984 1753 lege
1006 1673 1132 1735 naturali
1153 1673 1202 1736 iu·

0 1773 80 1834 iam
106 1772 262 1852 assequuti
285 1775 418 1847 luerent,
441 1793 500 1836 una
523 1792 590 1836 cum
611 1773 723 1836 ddamo
747 1774 950 1836 detinerentur
971 1793 1005 1836 ae
1026 1774 1115 1836 simul
1138 1793 1205 1837 cum

0 1899 2 1926 ι
36 1874 182 1952 lugerent
203 1874 441 1954 clamarentque,
465 1874 609 1938 Dominus
633 1893 720 1956 quem
743 1875 915 1938 condiderat
937 1876 1089 1938 bominem
1112 1875 1205 1938 mise-

1 1995 48 2038 us
73 1975 174 2037 voluit
195 1994 248 2055 per
270 1976 454 2054 mysterium,
478 1976 557 2054 quud
578 1976 785 2050 manifestavit,
809 1995 914 2038 noram
935 1977 1059 2039 salutem
1075 1976 1205 2038 humano

22 2077 70 2137 eri
96 2075 274 2150 conciliare,
298 2075 532 2156 inimicumque,
555 2076 605 2156 qui
627 2096 681 2155 per
703 2077 842 2138 invidiam
864 2077 1016 2138 bominem
1039 2077 1204 2162 deceperat,

5 2179 148 2257 digere,
180 2177 385 2238 exaltationem
408 2184 506 2239 autem
530 2177 659 2238 bominis
682 2177 793 2238 unione
815 2178 863 2240 illa
886 2186 916 2238 et
937 2177 1205 2241 communicatione
1243 2247 1251 2272 x

8 2299 32 2342 n
56 2277 216 2340 ditissimo
239 2280 354 2352 (natura
377 2285 407 2338 et
423 2277 467 2338 rei
484 2277 617 2356 veritate)
640 2277 783 2340 maiorem
799 2295 885 2356 quam
902 2263 976 2358 quae
992 2277 1114 2357 intelligi
1129 2295 1205 2357 pos-

29 2376 178 2440 exhibere
201 2377 339 2456 dignatus
363 2385 419 2440 est.

61 2685 113 2746 10.
136 2679 295 2762 Propterea
308 2681 390 2744 uenit
400 2680 536 2752 Verbum,
560 2680 640 2760 quod
656 2665 736 2742 Deus
755 2689 819 2744 erat
832 2690 863 2742 et
874 2680 961 2759 primi
975 2681 1104 2742 bominis
1119 2699 1205 2744 crea-

4 2803 31 2855 r,
56 2791 91 2842 ut
113 2781 204 2844 horno
219 2783 313 2854 lieret,
329 2801 388 2862 quo
404 2783 494 2844 homo
511 2781 630 2861 quidem
645 2781 844 2856 revivisceret,
860 2782 980 2863 iniquus
996 2790 1093 2842 autem
1106 2779 1204 2842 hostis

8 2883 200 2959 olligaretur3
222 2883 302 2962 quod
318 2891 418 2944 natum
434 2901 469 2944 ex
487 2883 609 2946 muliere
623 2901 658 2944 ex
672 2883 766 2962 prima
785 2883 991 2945 efformatione
1007 2883 1130 2950 lormaru
1146 2882 1204 2943 bo-

2 2985 65 3044 inis
78 2981 110 3042 in
122 2981 222 3062 scipso
235 2983 374 3056 restituit,
386 3002 505 3046 earnem
516 3002 586 3045 vcro
600 3002 684 3046 suam
695 2982 808 3062 absque
820 2983 984 3045 carnalibus
997 2981 1206 3060 cupiditatibus

1 3133 2 3138 1
20 3082 282 3168 absquebummis
293 3065 522 3161 cogitationibus
540 3084 570 3146 in
588 3084 715 3164 imagine
733 3084 872 3146 novitatis
892 3082 1033 3146 exhibuit.
1061 3081 1204 3144 Voluntas

14 3189 53 3248 im
71 3184 165 3248 sottus
180 3184 346 3246 [divinitatis
364 3193 436 3258 erat,
453 3185 600 3266 siquidem
614 3193 717 3247 natura
737 3192 798 3247 tota
809 3184 898 3245 Verbi
915 3184 1016 3246 ederat
1029 3181 1085 3244 sub
1103 3181 1202 3262 speei-

5 3289 55 3349 ine
71 3285 216 3349 humanae
232 3287 345 3348 lormae
363 3304 478 3348 necnon
496 3287 621 3350 visibilis
635 3287 761 3348 secundi
772 3285 863 3348 Adam
876 3285 983 3358 carnis,
999 3301 1060 3346 nou
1078 3283 1109 3345 in
1125 3282 1286 3350 diri-ems.

1 3392 66 3451 'une
78 3405 284 3468 personarum,
300 3389 352 3450 sed
369 3387 400 3450 iu
413 3387 568 3450 existentia
580 3387 739 3451 divinitatis
752 3395 782 3449 et
791 3386 992 3450 humanitatis.
1017 3385 1205 3479 Quapropter
1245 3399 1248 3420 ¹

10 3543 28 3590 l.
55 3541 154 3600 Seguer.
179 3541 276 3591 Gobler.
307 3549 330 3590 et
355 3540 458 3590 Felclm.
476 3540 498 3590 l.
522 3535 568 3589 sut
618 3541 707 3590 diserte
732 3540 834 3590 admittit
857 3539 881 3588 S.
901 3537 989 3588 [lector
1011 3537 1124 3603 superius
1149 3551 1202 3600 paq.

0 3601 117 3655 mame.
617 3607 666 3658 eut
686 3603 728 3672 [de
746 3609 836 3658 incarn.
855 3614 879 3655 et
891 3614 974 3656 eontra
991 3608 1091 3655 lrisoos
1102 3603 1203 3656 nr.21.t

13 3691 35 3736 g.
61 3676 160 3735 Sequar.
179 3667 226 3720 det
250 3665 368 3738 φθόνου.
414 3675 487 3724 Paulo
510 3684 568 3740 post
618 3665 776 3740 ὅτανλέγῃ·
794 3668 891 3740 πάτερ,
911 3665 935 3721 el
952 3666 1071 3720 δυνατὸν
1088 3665 1119 3718 τὸ
1137 3685 1200 3719 ποτ.

0 3743 52 3792 sil.
70 3733 220 3806 trepuntio
237 3734 368 3806 καὶπρὸς
385 3733 441 3791 τόν.
615 3741 699 3790 corito
716 3738 829 3806 παρελθ.
856 3731 900 3788 ἀπ’
920 3733 1004 3807 ἐμοῦ·
1026 3732 1150 3816 πλὴνμὴ
1170 3732 1201 3787 rb

13 3813 35 3860 b.
56 3811 89 3860 ltu
108 3811 207 3870 Sequor.
242 3808 268 3857 ln
288 3809 357 3858 editis
374 3801 404 3856 ἒν
421 3810 497 3860 deest.
615 3803 684 3877 ἐμὸν
699 3805 806 3875 θέλημα
816 3803 938 3873 γένηται,
958 3800 1023 3856 utto
1035 3801 1064 3855 ab
1078 3819 1138 3862 σον,
1156 3799 1203 3855 atel
1266 3831 1271 3840 ·

14 3881 28 3928 i.
54 3879 154 3940 Sequar.
177 3866 309 3935 θεότητος
324 3867 412 3942 μόνη,
432 3879 476 3928 sed
492 3892 564 3941 pres-
615 3871 647 3925 τὸ
663 3870 716 3943 μὲν
732 3878 841 3954 ascripto
858 3911 903 3953 ..ς
920 3867 1038 3993 duderq'c
1054 3875 1145 3936 (llattb.
1159 3875 1202 3936 ld,

15 3947 137 4010 tantique
155 3944 242 4004 lectio,
261 3952 345 4008 estque
365 3945 487 3996 Athanasii
505 3959 564 3994 sen·
614 3945 741 4006 39.41.)‚
766 3939 814 3992 duo
837 3939 979 4009 θεληματα
1022 3941 1132 3992 noddo
1149 3934 1202 3990 dat-

2 4017 64 4074 ntia,
88 4014 232 4064 uoluntatem
258 4011 281 4062 ln
306 4011 402 4062 Christo
426 4013 457 4061 ita
485 4013 562 4063 solius
611 4024 705 4068 κνυσι,
725 4006 757 4059 τὸ
774 4007 826 4079 μὲν
844 4003 1037 4077 ἀνθρώπινον,
1059 4001 1202 4076 busclavi

4 4083 104 4132 vinitatis
122 4095 191 4140 esse,
210 4087 236 4128 ut
253 4093 281 4130 ex
299 4077 369 4130 diuini
389 4079 457 4130 Verbi
476 4081 561 4130 velun·
611 4071 793 4148 circumcis,
814 4072 844 4128 τὸ
863 4073 893 4129 δὲ
910 4073 1018 4136 sauir,
1036 4069 1103 4144 ’ὅπερ
1121 4072 1197 4126 θεοῦ.

2 4158 25 4198 te
43 4165 126 4200 omnes
140 4149 162 4198 in
174 4147 269 4198 cbristo
280 4148 437 4208 cogitationes
447 4155 563 4212 actusque
613 4146 681 4212 stcl.

4 4215 563 4346 tllzt¹¹²dtt⁰¹dlltmuttlfflntt
647 4249 669 4298 Β·
688 4249 722 4299 ¹¹³
741 4248 842 4310 seur·
877 4248 904 4298 ¹¹¹
923 4247 993 4298 eeu
1007 4238 1055 4291 καί
1071 4243 1148 4292 seeo·

8 4353 82 4414 ilicet,
107 4353 218 4404 oriretur.
254 4351 303 4402 chc
329 4352 458 4402 humanam
482 4359 562 4402 tomen
647 4349 663 4401 l.
681 4349 782 4412 Segner.
799 4340 919 4414 euprepiae.
962 4345 1059 4396 Gobler.
1077 4341 1203 4394 cunctet-

8 4432 58 4466 esse
81 4421 173 4484 cbristo
201 4419 346 4472 uoluntatem
375 4428 461 4484 negat,
491 4431 562 4484 quana
614 4410 869 4482 monasterorum.
907 4413 968 4464 Editi
985 4405 1115 4475 updsercs.
