3014 5050
651 175 798 222 nntsnou
814 177 834 220 1.
856 177 894 220 ΔΙ)
916 177 1111 232 Sfflfloiissbi.

148 367 149 370 κ
252 332 306 394 nei
329 331 378 392 sit.
424 327 511 403 Quod
539 327 610 390 item
638 326 801 390 centesimo
831 329 918 392 tertio
940 327 1059 391 Psalmo
1082 328 1223 406 babetur,
1252 332 1317 396 clari
1356 359 1358 392 ι

166 427 180 482 '·
252 437 457 514 argumentum
479 429 517 491 ad
539 428 649 490 hancce
671 427 823 490 haeresim
841 431 1027 492 evertendam
1050 431 1137 504 nobis
1161 434 1315 513 suppedito

251 534 440 598 monuimus:
463 531 593 609 Auferes
616 533 760 608 spiritam
782 548 887 594 eorum
909 541 938 594 et
960 532 1105 612 deficient,
1128 545 1158 596 et
1174 539 1207 597 ia
1219 537 1318 616 paine:
1356 559 1358 590 ι

148 651 155 670 ³
179 671 186 692 ι.
252 646 460 704 reuertentur.
504 631 629 694 basatico
648 629 804 722 ‚Spiritum
825 640 910 692 tuum
933 641 962 692 et
984 633 1180 706 creabantur,
1205 646 1232 698 ει
1254 655 1319 700 rect
1356 659 1358 700 ε

170 745 176 794 ·.
242 723 327 802 'aiem
349 748 459 798 terroe.
503 731 542 793 Et
563 729 674 792 Paulus
696 731 770 792 baec
785 731 853 793 Tito
876 730 995 794 scribit:
1019 732 1078 794 Per
1095 732 1253 798 lavacrum
1274 758 1320 820 rep
1356 761 1358 802 ι

167 865 172 873 ·
253 843 304 901 nis
325 849 355 900 et
377 837 585 899 renovationis
608 831 743 914 Spiritus
766 836 880 903 eoacti,
915 849 1000 912 pacem
1028 832 1135 915 effudit
1154 839 1188 897 in
1208 856 1264 900 cos
1287 841 1320 902 ab
1356 865 1358 898 ι

254 938 357 1002 Iasum
380 937 544 998 Christum.
588 933 619 998 Si
642 934 732 1014 igitur
753 933 842 996 Pater
864 933 963 994 omnia
991 952 1045 1013 per
1067 933 1195 996 Verbum
1216 937 1247 998 in
1270 939 1321 1019 Spi
1356 953 1358 1004 :

148 1050 176 1106 μ’
254 1048 284 1102 ει
305 1046 444 1112 renovat,
478 1054 553 1115 quae
581 1035 745 1098 similitudo
767 1044 819 1098 aut
840 1035 976 1115 cognatio
1000 1035 1127 1097 creantis
1149 1055 1216 1107 eum
1238 1039 1322 1102 rebus
1356 1061 1358 1102 ι

244 1127 306 1201 'Vel
328 1144 377 1218 qut
400 1138 521 1200 omnino
543 1138 608 1200 tisri
630 1145 718 1216 queat
739 1145 771 1200 ut
791 1137 841 1198 iile
863 1155 913 1200 res
936 1137 977 1200 sit
998 1147 1113 1211 creata,
1143 1138 1174 1200 in
1203 1157 1262 1220 quo
1292 1161 1322 1202 or
1356 1162 1358 1203 ι

252 1239 363 1304 antur?
406 1239 484 1314 Sane
512 1257 578 1300 cum
606 1237 697 1318 impia
725 1239 780 1300 bae
810 1237 957 1301 sententia
984 1238 1033 1300 illa
1054 1238 1109 1301 alia
1132 1240 1287 1316 cohaeret,
1321 1270 1323 1298 ι
1356 1269 1358 1303 ι

253 1342 435 1406 divinitatem
456 1341 620 1420 impugnat,
640 1338 681 1400 ita
704 1347 738 1400 nt
757 1339 806 1418 qui
830 1339 975 1419 Spiritum
997 1359 1060 1402 rem
1084 1349 1213 1404 meatem
1235 1361 1324 1404 esset
1356 1363 1358 1405 t

148 1518 149 1528 χ
252 1444 322 1518 εἰει,
346 1443 467 1506 eosdem
489 1441 575 1504 fateri
598 1457 722 1502 necesse
745 1440 785 1502 sit
799 1440 938 1512 Verbum,
961 1460 1015 1522 per
1031 1440 1110 1521 qnod
1127 1442 1226 1504 omnis
1249 1463 1325 1506 oreas
1356 1471 1358 1508 t

148 1593 170 1628 ,a
252 1563 373 1624 quoqne
396 1552 522 1606 meatem
545 1559 623 1604 esse.
667 1541 780 1604 Addam
802 1542 945 1622 Spiritum
968 1543 1126 1621 imaginem
1140 1543 1206 1606 Filii
1228 1553 1259 1607 et
1280 1545 1326 1608 dio

170 1673 172 1680 ·
252 1645 327 1723 Nam
352 1645 436 1718 Quos
455 1647 631 1726 praescivit,
655 1654 684 1706 ot
701 1645 945 1724 praedestinavit
966 1646 1139 1724 conformes
1160 1647 1234 1727 ficri
1252 1651 1326 1728 iorop
1356 1669 1358 1710 ι

155 1801 159 1808 ,
252 1751 312 1810 sni.
355 1745 457 1825 Ιιεειιε
486 1763 552 1806 oum
580 1745 640 1823 ipsi
667 1746 814 1806 fateantur
835 1744 942 1806 Filium
970 1763 1036 1807 rem
1063 1753 1191 1808 meatem
1219 1765 1281 1808 non
1310 1767 1325 1810 e
1356 1771 1358 1808 t

148 1909 156 1938 ἰ,
251 1847 341 1910 etiam
363 1847 427 1908 eins
448 1845 546 1925 imago
568 1863 618 1914 res
642 1854 739 1908 creata
761 1845 910 1908 censenda
931 1854 987 1907 est.
1032 1847 1135 1920 Qualis
1164 1847 1243 1910 enirn
1264 1849 1328 1912 iuer

251 1947 340 2010 niem
361 1965 487 2010 neeesse
508 1955 646 2008 osteum
668 1965 748 2020 esse,
771 1947 856 2009 cuins
878 1947 977 2027 imago
993 1948 1090 2014 inerit
1134 1948 1219 2010 Unde
1234 1968 1329 2027 quemi
1356 1954 1358 2010 ι

158 2081 161 2088 ·
252 2052 317 2112 iure
338 2047 445 2110 merito
468 2067 503 2110 ac
524 2048 735 2110 convenienter
757 2046 885 2110 Verbum
906 2066 958 2110 res
981 2057 1078 2110 ereata
1100 2067 1169 2110 esse
1191 2057 1324 2126 negatur,
1356 2071 1358 2131 3

157 2215 160 2220 ,
251 2151 349 2236 imago
371 2149 478 2224 Patris,
500 2150 540 2210 ita
563 2151 615 2228 qui
637 2148 780 2227 Spiritum
802 2149 880 2210 inter
902 2167 952 2210 res
975 2157 1089 2210 creatas
1111 2149 1256 2210 collocare
1278 2169 1331 2212 nor

148 2247 162 2333 }
252 2253 343 2328 verit,
371 2270 434 2314 non
455 2258 557 2330 potest
578 2249 648 2328 quin
670 2248 777 2310 Filiam
800 2267 867 2310 cum
888 2229 994 2310 iisdem
1016 2255 1206 2322 annumeret3
1235 2267 1270 2310 ao
1295 2269 1331 2329 pr
1356 2251 1358 2312 i

252 2352 489 2432 ipsum·Patrem
511 2352 641 2412 retertur
662 2349 804 2430 quidquid
827 2348 917 2429 impie
946 2350 984 2412 de
1010 2349 1100 2412 buius
1133 2349 1259 2430 imagine
1282 2371 1333 2414 sen
1356 2373 1358 2412 ι

150 2454 155 2464 “
249 2454 374 2514 xeritve.

339 2555 390 2618 25.
435 2553 537 2634 inque
558 2553 748 2616 manifestum
771 2561 819 2616 εει
840 2551 981 2630 Spiritum
1004 2551 1094 2613 alium
1117 2553 1238 2616 omnino
1261 2572 1329 2616 esse
1356 2571 1358 2616 ι

148 2655 150 2670 ²
252 2654 376 2728 creatis,
408 2673 535 2736 eumque
563 2654 748 2718 ostendimus
774 2653 930 2734 proprium
957 2653 1023 2715 Filii
1051 2671 1135 2728 esse,
1164 2673 1225 2716 non
1254 2663 1335 2716 auten

148 2754 154 2772 ⁴
252 2757 392 2818 alienum.
447 2757 580 2836 Namque
609 2757 689 2836 quod
717 2756 754 2817 ad
779 2755 890 2818 hancce
922 2763 1035 2818 anunm
1066 2755 1185 2818 illorum
1217 2753 1358 2828 interret

148 2929 155 2948 ·,
253 2865 384 2935 spectat:
408 2857 440 2918 Si
462 2857 590 2936 Spiritus
613 2877 648 2918 ex
666 2858 728 2918 Deo
752 2865 806 2931 εει,
830 2875 921 2936 quare
943 2875 1003 2918 non
1025 2853 1091 2936 ips'e
1112 2875 1229 2937 qnoque
1251 2857 1329 2920 iiiios
1356 2878 1358 2919 ι

253 2955 331 3018 iaaac
357 2957 477 3036 inquam
506 2957 759 3036 quaestiunculam
782 2958 921 3020 audacem
944 2969 974 3020 et
996 2957 1182 3020 temerariam
1210 2976 1278 3020 esse
1307 2974 1358 3020 εει

149 3063 150 3068 ’
256 3065 411 3120 ostensum
434 3067 490 3132 est,
514 3058 569 3119 sed
591 3057 669 3120 idem
691 3058 884 3122 nibilominus
907 3077 1012 3121 rursus
1036 3059 1195 3131 ostendere
1210 3075 1271 3120 non
1286 3076 1358 3136 grat

148 3141 162 3184 ι’
255 3158 388 3222 Tametsi
416 3158 494 3221 enirn
523 3158 652 3237 Spiritus
680 3159 710 3220 in
733 3159 896 3240 Scripturis
923 3160 1002 3221 iilius
1031 3177 1092 3220 non
1119 3158 1243 3234 dicitur,
1276 3159 1329 3222 sed

150 3270 160 3284 ’·
254 3259 324 3334 Dei,
354 3269 450 3322 ιειεεε
478 3262 509 3322 in
532 3261 599 3340 ipso
621 3261 684 3324 Deo
707 3271 737 3324 et
757 3279 795 3324 ex
815 3263 884 3342 ipso
906 3262 969 3323 Deo
992 3278 1059 3324 esse
1081 3259 1176 3322 dictus
1200 3268 1261 3334 est,¹
1293 3261 1337 3323 uti

254 3361 444 3442 Apostolus·
472 3362 567 3424 Porro
591 3363 742 3438 sibidius,
765 3363 832 3443 quia
855 3371 900 3426 est
923 3381 960 3424 ex
979 3361 1078 3436 Patre,
1100 3361 1240 3442 proprius
1265 3361 1358 3424 idciro

149 3465 150 3470 ’
255 3463 325 3526 dem
354 3463 536 3525 substantiae
560 3472 617 3538 εει,
640 3482 765 3526 εεεεεεε
788 3473 835 3526 εει
857 3464 994 3526 similiter
1014 3463 1174 3542 Spiritum,
1202 3463 1251 3543 qui
1274 3481 1310 3526 ex
1330 3463 1358 3525 11

149 3577 150 3586 ¹
252 3563 379 3637 dicitur,
411 3564 711 3644 propriumquoque
739 3564 806 3628 Filii
835 3583 904 3627 esse
938 3565 1101 3627 seeundum
1134 3564 1341 3626 substantiam.

148 3683 149 3692 ¹
252 3664 504 3745 quemadmodum
525 3665 670 3726 Dominus
693 3674 741 3728 est
762 3664 849 3742 tilius,
871 3666 912 3730 ita
933 3668 998 3748 ipse
1017 3666 1144 3748 Spiritus
1167 3665 1289 3746 spiritus
1311 3666 1358 3728 ad:

289 3851 304 3899 t.
325 3842 339 3898 ὃ
358 3857 414 3915 post
430 3849 578 3915 artopticio
601 3849 690 3901 babent
712 3851 800 3914 begins
819 3849 843 3902 2.
930 3853 945 3901 i.
964 3852 1004 3901 Sic
1022 3853 1078 3913 tieg.
1098 3851 1121 3900 1.
1148 3859 1172 3903 et
1190 3853 1291 3916 Segnia.
1326 3853 1346 3902 ir

252 3917 361 3968 cetam.
381 3918 404 3968 l.
422 3927 447 3968 et
464 3921 502 3968 ed.
522 3919 639 3968 Commet.
807 3937 812 3946 ·
895 3919 966 3970 editis
985 3916 1033 3966 aci
1052 3921 1127 3970 deest.

289 3999 311 4048 g.
331 3986 386 4048 Reg.
407 3987 427 4036 l.
446 3985 586 4048 Seouerian.
606 3993 629 4035 st
646 3985 716 4035 basii.
736 3977 843 4036 toriaco.
929 3987 950 4036 it.
970 3987 1083 4049 Sieiieg.
1107 3987 1127 4041 i.
1147 3987 1244 4048 Ssguer.
1265 3987 1358 4040 Gobiet:

216 4066 219 4072 ’
251 4053 301 4102 Alii
324 4054 496 4104 ueroetediti
516 4043 608 4103 adron.
645 4053 695 4102 iios
715 4055 844 4115 Reginoi.
897 4053 920 4103 1.
939 4061 962 4103 et
979 4054 1054 4106 basiis
1086 4047 1358 4117 dtdngiie.ix‚aoait

251 4123 354 4180 Segasa.
380 4121 505 4170 Basilicas.
531 4122 627 4171 Gobier.
653 4129 676 4170 ct
694 4119 798 4170 Fetctm.
818 4121 841 4170 1.
893 4113 1098 4186 adspiciam.
1134 4123 1213 4172 Ottob.
1234 4116 1247 4171 d
1267 4118 1296 4172 di
1314 4115 1358 4174 vii

253 4181 318 4236 ἄλλο
346 4179 402 4253 ἄρα
425 4187 483 4235 τῶν
508 4179 674 4253 κτισμάτων,
716 4189 795 4239 Ceteri
819 4194 843 4238 οι
894 4180 923 4235 ἐκ
941 4187 989 4236 τοῦ
1006 4188 1073 4238 θεοῦ
1090 4183 1172 4238 ἐστιν.
1212 4191 1358 4242 Ceterietet

253 4255 312 4306 editi
331 4245 386 4319 ἄρα
404 4241 452 4304 οὖν
470 4249 502 4304 οὐ
519 4254 577 4304 aoiv
592 4250 758 4322 κτισμάτων.
894 4247 922 4304 ἐκ
940 4253 989 4304 τοῦ
1006 4256 1073 4307 θεοῦ
1091 4249 1174 4306 ἐστιν.

278 4323 372 4400 'b'Sio
390 4325 446 4385 Rea.
460 4325 481 4374 l.
505 4332 529 4374 et
546 4325 645 4388 Segusa.
680 4325 726 4375 Atti
745 4332 768 4374 ει
786 4324 843 4376 editi
929 4323 945 4373 Ι.
963 4325 1004 4374 Sic
1023 4326 1078 4386 aeg.
1091 4326 1112 4375 i.
1130 4329 1229 4388 Seguer.
1249 4325 1319 4374 Gobi.
1338 4333 1358 4375 et

252 4401 344 4442 aoros.
896 4391 919 4440 1.
955 4392 1034 4442 Ceteri
1052 4402 1076 4443 ει
1093 4394 1149 4444 editi
1167 4385 1199 4440 τό
1218 4393 1339 4442 abiiciunt.
