<?xml version="1.0" encoding="UTF-8"?>
<!DOCTYPE html PUBLIC "-//W3C//DTD XHTML 1.0 Transitional//EN"
    "http://www.w3.org/TR/xhtml1/DTD/xhtml1-transitional.dtd">
<html xmlns="http://www.w3.org/1999/xhtml" xml:lang="en" lang="en">
 <head>
  <title>
</title>
<meta http-equiv="Content-Type" content="text/html;charset=utf-8" />
  <meta name='ocr-system' content='tesseract 3.04.00' />
  <meta name='ocr-capabilities' content='ocr_page ocr_carea ocr_par ocr_line ocrx_word'/>
</head>
<body>
  <div class='ocr_page' id='page_1' title='image "./sanctiathanasii03athagoog_0587.png"; bbox 0 0 3212 5060; ppageno 0'>
   <div class='ocr_carea' id='block_1_1' title="bbox 546 287 1357 352">
    <p class='ocr_par' dir='ltr' id='par_1_1' title="bbox 546 287 1357 352">
     <span class='ocr_line' id='line_1_1' title="bbox 546 287 1357 352; baseline 0.006 -5"><span class='ocrx_word' id='word_1_1' title='bbox 546 303 655 348; x_wconf 81' lang='lat' dir='ltr'><strong>enarre</strong></span> <span class='ocrx_word' id='word_1_2' title='bbox 670 304 715 350; x_wconf 91' lang='grc' dir='ltr'><strong>ιιι.</strong></span> <span class='ocrx_word' id='word_1_3' title='bbox 731 301 994 351; x_wconf 71' lang='lat' dir='ltr'><strong>enumeraremus.</strong></span> <span class='ocrx_word' id='word_1_4' title='bbox 1296 287 1357 352; x_wconf 80' lang='grc'><strong>539</strong></span> 
     </span>
    </p>
   </div>
   <div class='ocr_carea' id='block_1_2' title="bbox 14 452 1464 3676">
    <p class='ocr_par' dir='ltr' id='par_1_2' title="bbox 140 452 1446 537">
     <span class='ocr_line' id='line_1_2' title="bbox 140 452 1446 537; baseline -0.008 -16"><span class='ocrx_word' id='word_1_5' title='bbox 140 476 261 532; x_wconf 85' lang='lat' dir='ltr'><strong>earum,</strong></span> <span class='ocrx_word' id='word_1_6' title='bbox 291 474 366 537; x_wconf 89' lang='lat' dir='ltr'><strong>quae</strong></span> <span class='ocrx_word' id='word_1_7' title='bbox 393 454 470 518; x_wconf 82' lang='lat' dir='ltr'><strong>mele</strong></span> <span class='ocrx_word' id='word_1_8' title='bbox 497 453 539 516; x_wconf 93' lang='lat' dir='ltr'><strong>illi</strong></span> <span class='ocrx_word' id='word_1_9' title='bbox 561 455 741 534; x_wconf 78' lang='lat' dir='ltr'><strong>intelligunt,</strong></span> <span class='ocrx_word' id='word_1_10' title='bbox 767 463 877 518; x_wconf 77' lang='lat' dir='ltr'><strong>matam</strong></span> <span class='ocrx_word' id='word_1_11' title='bbox 900 473 968 516; x_wconf 86' lang='lat' dir='ltr'><strong>esse</strong></span> <span class='ocrx_word' id='word_1_12' title='bbox 990 452 1243 534; x_wconf 77' lang='lat' dir='ltr'><strong>significationem.</strong></span> <span class='ocrx_word' id='word_1_13' title='bbox 1286 453 1446 517; x_wconf 69' lang='lat' dir='ltr'><strong>ulmam.</strong></span> 
     </span>
    </p>

    <p class='ocr_par' dir='ltr' id='par_1_3' title="bbox 14 548 1380 636">
     <span class='ocr_line' id='line_1_3' title="bbox 14 548 1380 636; baseline -0.001 -14"><span class='ocrx_word' id='word_1_14' title='bbox 14 592 28 600; x_wconf 88' lang='lat'><em>-</em></span> <span class='ocrx_word' id='word_1_15' title='bbox 140 559 214 622; x_wconf 82' lang='lat' dir='ltr'><strong>baec</strong></span> <span class='ocrx_word' id='word_1_16' title='bbox 241 557 333 622; x_wconf 86' lang='lat' dir='ltr'><strong>dieta:</strong></span> <span class='ocrx_word' id='word_1_17' title='bbox 368 556 461 620; x_wconf 83' lang='lat' dir='ltr'><strong>Pater</strong></span> <span class='ocrx_word' id='word_1_18' title='bbox 489 555 586 636; x_wconf 66' lang='lat' dir='ltr'><strong>aalays</strong></span> <span class='ocrx_word' id='word_1_19' title='bbox 615 555 726 618; x_wconf 64' lang='lat' dir='ltr'><strong>ratium</strong></span> <span class='ocrx_word' id='word_1_20' title='bbox 755 569 783 620; x_wconf 81' lang='lat' dir='ltr'><strong>et</strong></span> <span class='ocrx_word' id='word_1_21' title='bbox 807 560 905 619; x_wconf 81' lang='lat' dir='ltr'><strong>amula</strong></span> <span class='ocrx_word' id='word_1_22' title='bbox 933 557 1013 618; x_wconf 81' lang='lat' dir='ltr'><strong>dedit</strong></span> <span class='ocrx_word' id='word_1_23' title='bbox 1041 561 1073 618; x_wconf 78' lang='lat' dir='ltr'><strong>ait</strong></span> <span class='ocrx_word' id='word_1_24' title='bbox 1099 571 1194 618; x_wconf 80' lang='lat' dir='ltr'><strong>manu</strong></span> <span class='ocrx_word' id='word_1_25' title='bbox 1215 559 1293 630; x_wconf 85' lang='lat' dir='ltr'><strong>elea,</strong></span> <span class='ocrx_word' id='word_1_26' title='bbox 1316 548 1380 621; x_wconf 64' lang='lat' dir='ltr'><strong>ett&#39;</strong></span> 
     </span>
    </p>

    <p class='ocr_par' dir='ltr' id='par_1_4' title="bbox 19 645 1363 844">
     <span class='ocr_line' id='line_1_4' title="bbox 19 645 1361 739; baseline -0.001 -15"><span class='ocrx_word' id='word_1_27' title='bbox 19 647 25 656; x_wconf 70' lang='grc'><strong>’</strong></span> <span class='ocrx_word' id='word_1_28' title='bbox 143 661 253 724; x_wconf 69' lang='lat' dir='ltr'><strong>omnia</strong></span> <span class='ocrx_word' id='word_1_29' title='bbox 271 659 348 724; x_wconf 85' lang='lat' dir='ltr'><strong>mibi</strong></span> <span class='ocrx_word' id='word_1_30' title='bbox 368 657 484 724; x_wconf 73' lang='lat' dir='ltr'><strong>tradita</strong></span> <span class='ocrx_word' id='word_1_31' title='bbox 504 665 577 720; x_wconf 80' lang='lat' dir='ltr'><strong>aaut</strong></span> <span class='ocrx_word' id='word_1_32' title='bbox 591 675 610 718; x_wconf 90' lang='lat' dir='ltr'><strong>a</strong></span> <span class='ocrx_word' id='word_1_33' title='bbox 624 655 716 720; x_wconf 83' lang='lat' dir='ltr'><strong>Patre</strong></span> <span class='ocrx_word' id='word_1_34' title='bbox 737 675 812 727; x_wconf 79' lang='lat' dir='ltr'><strong>mec,</strong></span> <span class='ocrx_word' id='word_1_35' title='bbox 836 665 880 717; x_wconf 88' lang='lat' dir='ltr'><strong>at:</strong></span> <span class='ocrx_word' id='word_1_36' title='bbox 904 655 974 718; x_wconf 86' lang='lat' dir='ltr'><strong>Nea</strong></span> <span class='ocrx_word' id='word_1_37' title='bbox 992 675 1118 737; x_wconf 81' lang='lat' dir='ltr'><strong>pessum</strong></span> <span class='ocrx_word' id='word_1_38' title='bbox 1133 645 1185 738; x_wconf 75' lang='lat' dir='ltr'><strong>ep&#39;c</strong></span> <span class='ocrx_word' id='word_1_39' title='bbox 1202 675 1281 719; x_wconf 83' lang='lat' dir='ltr'><strong>eme</strong></span> <span class='ocrx_word' id='word_1_40' title='bbox 1294 662 1361 739; x_wconf 79' lang='lat' dir='ltr'><strong>ipae</strong></span> 
     </span>
     <span class='ocr_line' id='line_1_5' title="bbox 139 756 1363 844; baseline -0.003 -20"><span class='ocrx_word' id='word_1_41' title='bbox 139 763 244 843; x_wconf 75' lang='lat' dir='ltr'><strong>[acere</strong></span> <span class='ocrx_word' id='word_1_42' title='bbox 265 762 434 844; x_wconf 75' lang='lat' dir='ltr'><strong>quidquam,</strong></span> <span class='ocrx_word' id='word_1_43' title='bbox 457 758 509 820; x_wconf 84' lang='lat' dir='ltr'><strong>sed</strong></span> <span class='ocrx_word' id='word_1_44' title='bbox 530 761 609 820; x_wconf 83' lang='lat' dir='ltr'><strong>elcut</strong></span> <span class='ocrx_word' id='word_1_45' title='bbox 631 757 732 830; x_wconf 76' lang='lat' dir='ltr'><strong>audio,</strong></span> <span class='ocrx_word' id='word_1_46' title='bbox 754 758 863 828; x_wconf 75' lang='lat' dir='ltr'><strong>tudier,</strong></span> <span class='ocrx_word' id='word_1_47' title='bbox 886 756 999 836; x_wconf 86' lang='lat' dir='ltr'><strong>aliaque</strong></span> <span class='ocrx_word' id='word_1_48' title='bbox 1018 758 1047 819; x_wconf 94' lang='lat' dir='ltr'><strong>id</strong></span> <span class='ocrx_word' id='word_1_49' title='bbox 1062 776 1156 838; x_wconf 78' lang='lat' dir='ltr'><strong>genus</strong></span> <span class='ocrx_word' id='word_1_50' title='bbox 1178 775 1363 838; x_wconf 86' lang='lat' dir='ltr'><strong>nequaquam</strong></span> 
     </span>
    </p>

    <p class='ocr_par' dir='ltr' id='par_1_5' title="bbox 23 856 1363 938">
     <span class='ocr_line' id='line_1_6' title="bbox 23 856 1363 938; baseline -0.003 -13"><span class='ocrx_word' id='word_1_51' title='bbox 23 879 33 912; x_wconf 87' lang='lat'><strong>-·</strong></span> <span class='ocrx_word' id='word_1_52' title='bbox 141 862 361 936; x_wconf 84' lang='lat' dir='ltr'><strong>demonstrant,</strong></span> <span class='ocrx_word' id='word_1_53' title='bbox 394 859 499 928; x_wconf 80' lang='lat' dir='ltr'><strong>Filium</strong></span> <span class='ocrx_word' id='word_1_54' title='bbox 534 857 690 938; x_wconf 86' lang='lat' dir='ltr'><strong>aliquando</strong></span> <span class='ocrx_word' id='word_1_55' title='bbox 710 858 780 922; x_wconf 40' lang='lat' dir='ltr'><strong>,ista</strong></span> <span class='ocrx_word' id='word_1_56' title='bbox 812 875 871 920; x_wconf 88' lang='lat' dir='ltr'><strong>nen</strong></span> <span class='ocrx_word' id='word_1_57' title='bbox 904 856 1053 920; x_wconf 87' lang='lat' dir='ltr'><strong>babuisse.</strong></span> <span class='ocrx_word' id='word_1_58' title='bbox 1099 859 1157 932; x_wconf 86' lang='lat' dir='ltr'><strong>Qul</strong></span> <span class='ocrx_word' id='word_1_59' title='bbox 1190 857 1268 920; x_wconf 90' lang='lat' dir='ltr'><strong>enim</strong></span> <span class='ocrx_word' id='word_1_60' title='bbox 1297 857 1363 921; x_wconf 87' lang='lat' dir='ltr'><strong>lieri</strong></span> 
     </span>
    </p>

    <p class='ocr_par' dir='ltr' id='par_1_6' title="bbox 14 947 1364 1248">
     <span class='ocr_line' id='line_1_7' title="bbox 139 947 1364 1044; baseline -0.003 -18.37"><span class='ocrx_word' id='word_1_61' title='bbox 139 964 255 1044; x_wconf 84' lang='lat' dir='ltr'><strong>possit,</strong></span> <span class='ocrx_word' id='word_1_62' title='bbox 275 971 309 1025; x_wconf 88' lang='lat' dir='ltr'><strong>ut</strong></span> <span class='ocrx_word' id='word_1_63' title='bbox 329 981 379 1036; x_wconf 89' lang='lat' dir='ltr'><strong>ea,</strong></span> <span class='ocrx_word' id='word_1_64' title='bbox 407 979 483 1042; x_wconf 88' lang='lat' dir='ltr'><strong>quae</strong></span> <span class='ocrx_word' id='word_1_65' title='bbox 503 959 593 1022; x_wconf 85' lang='lat' dir='ltr'><strong>Pater</strong></span> <span class='ocrx_word' id='word_1_66' title='bbox 614 958 718 1035; x_wconf 87' lang='lat' dir='ltr'><strong>babet,</strong></span> <span class='ocrx_word' id='word_1_67' title='bbox 740 959 789 1022; x_wconf 89' lang='lat' dir='ltr'><strong>ille</strong></span> <span class='ocrx_word' id='word_1_68' title='bbox 809 977 871 1021; x_wconf 87' lang='lat' dir='ltr'><strong>nen</strong></span> <span class='ocrx_word' id='word_1_69' title='bbox 890 947 1010 1039; x_wconf 81' lang='lat' dir='ltr'><strong>&#39;semper</strong></span> <span class='ocrx_word' id='word_1_70' title='bbox 1030 958 1183 1034; x_wconf 81' lang='lat' dir='ltr'><strong>habuerit,</strong></span> <span class='ocrx_word' id='word_1_71' title='bbox 1206 960 1256 1040; x_wconf 91' lang='lat' dir='ltr'><strong>qui</strong></span> <span class='ocrx_word' id='word_1_72' title='bbox 1278 960 1364 1022; x_wconf 89' lang='lat' dir='ltr'><strong>solus</strong></span> 
     </span>
     <span class='ocr_line' id='line_1_8' title="bbox 140 1059 1362 1140; baseline 0 -14"><span class='ocrx_word' id='word_1_73' title='bbox 140 1067 245 1128; x_wconf 75' lang='lat' dir='ltr'><strong>natura</strong></span> <span class='ocrx_word' id='word_1_74' title='bbox 271 1063 399 1126; x_wconf 89' lang='lat' dir='ltr'><strong>Verbum</strong></span> <span class='ocrx_word' id='word_1_75' title='bbox 425 1071 457 1126; x_wconf 88' lang='lat' dir='ltr'><strong>at</strong></span> <span class='ocrx_word' id='word_1_76' title='bbox 477 1059 626 1140; x_wconf 74' lang='lat' dir='ltr'><strong>Sapientia</strong></span> <span class='ocrx_word' id='word_1_77' title='bbox 653 1061 750 1123; x_wconf 89' lang='lat' dir='ltr'><strong>Patris</strong></span> <span class='ocrx_word' id='word_1_78' title='bbox 780 1069 843 1134; x_wconf 88' lang='lat' dir='ltr'><strong>est,</strong></span> <span class='ocrx_word' id='word_1_79' title='bbox 872 1059 956 1123; x_wconf 86' lang='lat' dir='ltr'><strong>cuius</strong></span> <span class='ocrx_word' id='word_1_80' title='bbox 978 1063 1050 1123; x_wconf 89' lang='lat' dir='ltr'><strong>item</strong></span> <span class='ocrx_word' id='word_1_81' title='bbox 1071 1060 1145 1123; x_wconf 87' lang='lat' dir='ltr'><strong>baec</strong></span> <span class='ocrx_word' id='word_1_82' title='bbox 1167 1069 1238 1124; x_wconf 89' lang='lat' dir='ltr'><strong>sunt</strong></span> <span class='ocrx_word' id='word_1_83' title='bbox 1257 1063 1362 1126; x_wconf 87' lang='lat' dir='ltr'><strong>verba:</strong></span> 
     </span>
     <span class='ocr_line' id='line_1_9' title="bbox 145 1162 1364 1248; baseline -0.002 -18"><span class='ocrx_word' id='word_1_84' title='bbox 145 1165 254 1230; x_wconf 76' lang='lat' dir='ltr'><strong>Omnia</strong></span> <span class='ocrx_word' id='word_1_85' title='bbox 273 1183 347 1248; x_wconf 82' lang='lat' dir='ltr'><strong>qaae</strong></span> <span class='ocrx_word' id='word_1_86' title='bbox 370 1165 456 1228; x_wconf 83' lang='lat' dir='ltr'><strong>babet</strong></span> <span class='ocrx_word' id='word_1_87' title='bbox 477 1162 585 1236; x_wconf 80' lang='lat' dir='ltr'><strong>Pater,</strong></span> <span class='ocrx_word' id='word_1_88' title='bbox 608 1173 782 1235; x_wconf 77' lang='lat' dir='ltr'><strong>mensurat,</strong></span> <span class='ocrx_word' id='word_1_89' title='bbox 805 1172 835 1224; x_wconf 87' lang='lat' dir='ltr'><strong>et</strong></span> <span class='ocrx_word' id='word_1_90' title='bbox 855 1181 930 1243; x_wconf 87' lang='lat' dir='ltr'><strong>quae</strong></span> <span class='ocrx_word' id='word_1_91' title='bbox 951 1181 1017 1224; x_wconf 86' lang='lat' dir='ltr'><strong>mea</strong></span> <span class='ocrx_word' id='word_1_92' title='bbox 1039 1170 1127 1236; x_wconf 90' lang='lat' dir='ltr'><strong>sunt,</strong></span> <span class='ocrx_word' id='word_1_93' title='bbox 1156 1163 1253 1225; x_wconf 86' lang='lat' dir='ltr'><strong>Patris</strong></span> <span class='ocrx_word' id='word_1_94' title='bbox 1276 1165 1364 1227; x_wconf 91' lang='lat' dir='ltr'><strong>etiam</strong></span> 
     </span>
    </p>

    <p class='ocr_par' dir='ltr' id='par_1_7' title="bbox 14 1263 1385 1360">
     <span class='ocr_line' id='line_1_10' title="bbox 14 1263 1385 1360; baseline 0.001 -32"><span class='ocrx_word' id='word_1_95' title='bbox 14 1287 24 1322; x_wconf 76' lang='grc' dir='ltr'><em>τ</em></span> <span class='ocrx_word' id='word_1_96' title='bbox 142 1266 234 1330; x_wconf 77' lang='lat' dir='ltr'><strong>sunt?</strong></span> <span class='ocrx_word' id='word_1_97' title='bbox 266 1267 299 1330; x_wconf 92' lang='lat' dir='ltr'><strong>Si</strong></span> <span class='ocrx_word' id='word_1_98' title='bbox 321 1267 401 1329; x_wconf 88' lang='lat' dir='ltr'><strong>enim</strong></span> <span class='ocrx_word' id='word_1_99' title='bbox 423 1283 497 1344; x_wconf 88' lang='lat' dir='ltr'><strong>quae</strong></span> <span class='ocrx_word' id='word_1_100' title='bbox 518 1263 613 1326; x_wconf 84' lang='lat' dir='ltr'><strong>Patris</strong></span> <span class='ocrx_word' id='word_1_101' title='bbox 636 1275 722 1340; x_wconf 90' lang='lat' dir='ltr'><strong>sunt,</strong></span> <span class='ocrx_word' id='word_1_102' title='bbox 755 1271 826 1326; x_wconf 90' lang='lat' dir='ltr'><strong>sunt</strong></span> <span class='ocrx_word' id='word_1_103' title='bbox 846 1283 965 1345; x_wconf 87' lang='lat' dir='ltr'><strong>quoque</strong></span> <span class='ocrx_word' id='word_1_104' title='bbox 985 1263 1068 1360; x_wconf 69' lang='lat' dir='ltr'><strong>Filii,</strong></span> <span class='ocrx_word' id='word_1_105' title='bbox 1090 1264 1223 1346; x_wconf 81' lang='lat' dir='ltr'><strong>haecque</strong></span> <span class='ocrx_word' id='word_1_106' title='bbox 1244 1285 1385 1348; x_wconf 50' lang='lat' dir='ltr'><strong>semper‘</strong></span> 
     </span>
    </p>

    <p class='ocr_par' dir='ltr' id='par_1_8' title="bbox 14 1357 1439 1752">
     <span class='ocr_line' id='line_1_11' title="bbox 14 1357 1363 1448; baseline 0.004 -22"><span class='ocrx_word' id='word_1_107' title='bbox 14 1391 23 1426; x_wconf 79' lang='grc' dir='ltr'>ε</span> <span class='ocrx_word' id='word_1_108' title='bbox 140 1368 230 1432; x_wconf 90' lang='lat' dir='ltr'><strong>Pater</strong></span> <span class='ocrx_word' id='word_1_109' title='bbox 250 1369 354 1443; x_wconf 88' lang='lat' dir='ltr'><strong>babet,</strong></span> <span class='ocrx_word' id='word_1_110' title='bbox 376 1367 564 1448; x_wconf 88' lang='lat' dir='ltr'><strong>perspicuum</strong></span> <span class='ocrx_word' id='word_1_111' title='bbox 586 1357 658 1428; x_wconf 82' lang='lat' dir='ltr'><strong>sane</strong></span> <span class='ocrx_word' id='word_1_112' title='bbox 680 1375 743 1438; x_wconf 89' lang='lat' dir='ltr'><strong>est,</strong></span> <span class='ocrx_word' id='word_1_113' title='bbox 766 1385 815 1441; x_wconf 91' lang='lat' dir='ltr'><strong>ea,</strong></span> <span class='ocrx_word' id='word_1_114' title='bbox 838 1385 913 1447; x_wconf 88' lang='lat' dir='ltr'><strong>quae</strong></span> <span class='ocrx_word' id='word_1_115' title='bbox 934 1365 1027 1428; x_wconf 87' lang='lat' dir='ltr'><strong>Filius</strong></span> <span class='ocrx_word' id='word_1_116' title='bbox 1049 1365 1149 1441; x_wconf 86' lang='lat' dir='ltr'><strong>hebet,</strong></span> <span class='ocrx_word' id='word_1_117' title='bbox 1171 1387 1238 1446; x_wconf 78' lang='lat' dir='ltr'><strong>cum</strong></span> <span class='ocrx_word' id='word_1_118' title='bbox 1261 1369 1363 1431; x_wconf 90' lang='lat' dir='ltr'><strong>eadem</strong></span> 
     </span>
     <span class='ocr_line' id='line_1_12' title="bbox 142 1467 1371 1549; baseline 0.002 -19"><span class='ocrx_word' id='word_1_119' title='bbox 142 1469 205 1531; x_wconf 91' lang='lat' dir='ltr'><strong>sint</strong></span> <span class='ocrx_word' id='word_1_120' title='bbox 224 1469 332 1542; x_wconf 87' lang='lat' dir='ltr'><strong>Patris,</strong></span> <span class='ocrx_word' id='word_1_121' title='bbox 356 1485 474 1547; x_wconf 84' lang='lat' dir='ltr'><strong>semper</strong></span> <span class='ocrx_word' id='word_1_122' title='bbox 495 1467 525 1528; x_wconf 95' lang='lat' dir='ltr'><strong>in</strong></span> <span class='ocrx_word' id='word_1_123' title='bbox 547 1467 597 1530; x_wconf 87' lang='lat' dir='ltr'><strong>illo</strong></span> <span class='ocrx_word' id='word_1_124' title='bbox 620 1485 699 1533; x_wconf 87' lang='lat' dir='ltr'><strong>esse.</strong></span> <span class='ocrx_word' id='word_1_125' title='bbox 731 1467 796 1528; x_wconf 86' lang='lat' dir='ltr'><strong>Non</strong></span> <span class='ocrx_word' id='word_1_126' title='bbox 819 1469 909 1548; x_wconf 74' lang='lat' dir='ltr'><strong>igitur</strong></span> <span class='ocrx_word' id='word_1_127' title='bbox 924 1468 981 1529; x_wconf 87' lang='lat' dir='ltr'><strong>ista</strong></span> <span class='ocrx_word' id='word_1_128' title='bbox 996 1467 1257 1542; x_wconf 83' lang='lat' dir='ltr'><strong>commemorabat,</strong></span> <span class='ocrx_word' id='word_1_129' title='bbox 1280 1470 1371 1549; x_wconf 74' lang='lat' dir='ltr'><strong>quasi.</strong></span> 
     </span>
     <span class='ocr_line' id='line_1_13' title="bbox 143 1567 1439 1651; baseline 0.002 -19"><span class='ocrx_word' id='word_1_130' title='bbox 143 1588 178 1632; x_wconf 85' lang='lat' dir='ltr'><strong>ea</strong></span> <span class='ocrx_word' id='word_1_131' title='bbox 198 1569 354 1650; x_wconf 88' lang='lat' dir='ltr'><strong>aliqnando</strong></span> <span class='ocrx_word' id='word_1_132' title='bbox 369 1587 430 1632; x_wconf 88' lang='lat' dir='ltr'><strong>nou</strong></span> <span class='ocrx_word' id='word_1_133' title='bbox 444 1567 590 1644; x_wconf 84' lang='lat' dir='ltr'><strong>babuerit,</strong></span> <span class='ocrx_word' id='word_1_134' title='bbox 612 1569 665 1631; x_wconf 87' lang='lat' dir='ltr'><strong>sed</strong></span> <span class='ocrx_word' id='word_1_135' title='bbox 681 1569 759 1649; x_wconf 87' lang='lat' dir='ltr'><strong>qued</strong></span> <span class='ocrx_word' id='word_1_136' title='bbox 774 1569 878 1644; x_wconf 79' lang='lat' dir='ltr'><strong>Filius,</strong></span> <span class='ocrx_word' id='word_1_137' title='bbox 901 1569 1010 1650; x_wconf 88' lang='lat' dir='ltr'><strong>quiea,</strong></span> <span class='ocrx_word' id='word_1_138' title='bbox 1034 1587 1108 1649; x_wconf 89' lang='lat' dir='ltr'><strong>quae</strong></span> <span class='ocrx_word' id='word_1_139' title='bbox 1122 1568 1221 1645; x_wconf 86' lang='lat' dir='ltr'><strong>babet,</strong></span> <span class='ocrx_word' id='word_1_140' title='bbox 1245 1589 1365 1651; x_wconf 81' lang='lat' dir='ltr'><strong>semper</strong></span> <span class='ocrx_word' id='word_1_141' title='bbox 1423 1589 1439 1602; x_wconf 73' lang='grc'><strong>’“</strong></span> 
     </span>
     <span class='ocr_line' id='line_1_14' title="bbox 140 1669 591 1752; baseline -0.002 -19"><span class='ocrx_word' id='word_1_142' title='bbox 140 1671 239 1746; x_wconf 86' lang='lat' dir='ltr'><strong>babet,</strong></span> <span class='ocrx_word' id='word_1_143' title='bbox 261 1671 325 1752; x_wconf 85' lang='lat' dir='ltr'><strong>ipsa</strong></span> <span class='ocrx_word' id='word_1_144' title='bbox 347 1690 363 1732; x_wconf 93' lang='lat' dir='ltr'><strong>a</strong></span> <span class='ocrx_word' id='word_1_145' title='bbox 384 1671 472 1732; x_wconf 88' lang='lat' dir='ltr'><strong>Patre</strong></span> <span class='ocrx_word' id='word_1_146' title='bbox 494 1669 591 1732; x_wconf 86' lang='lat' dir='ltr'><strong>habet.</strong></span> 
     </span>
    </p>

    <p class='ocr_par' dir='ltr' id='par_1_9' title="bbox 225 1767 1449 1854">
     <span class='ocr_line' id='line_1_15' title="bbox 225 1767 1449 1854; baseline 0.003 -18"><span class='ocrx_word' id='word_1_147' title='bbox 225 1773 277 1836; x_wconf 87' lang='grc'><strong>36.</strong></span> <span class='ocrx_word' id='word_1_148' title='bbox 320 1772 364 1836; x_wconf 87' lang='lat' dir='ltr'><strong>Ne</strong></span> <span class='ocrx_word' id='word_1_149' title='bbox 385 1773 452 1854; x_wconf 89' lang='lat' dir='ltr'><strong>quis</strong></span> <span class='ocrx_word' id='word_1_150' title='bbox 476 1771 554 1834; x_wconf 87' lang='lat' dir='ltr'><strong>euim</strong></span> <span class='ocrx_word' id='word_1_151' title='bbox 575 1772 682 1834; x_wconf 79' lang='lat' dir='ltr'><strong>Filium</strong></span> <span class='ocrx_word' id='word_1_152' title='bbox 705 1773 819 1848; x_wconf 87' lang='lat' dir='ltr'><strong>omnin,</strong></span> <span class='ocrx_word' id='word_1_153' title='bbox 843 1792 918 1854; x_wconf 87' lang='lat' dir='ltr'><strong>quae</strong></span> <span class='ocrx_word' id='word_1_154' title='bbox 940 1773 1028 1834; x_wconf 89' lang='lat' dir='ltr'><strong>babet</strong></span> <span class='ocrx_word' id='word_1_155' title='bbox 1048 1773 1152 1848; x_wconf 89' lang='lat' dir='ltr'><strong>Pater,</strong></span> <span class='ocrx_word' id='word_1_156' title='bbox 1181 1773 1292 1837; x_wconf 88' lang='lat' dir='ltr'><strong>babere</strong></span> <span class='ocrx_word' id='word_1_157' title='bbox 1312 1767 1449 1846; x_wconf 50' lang='lat' dir='ltr'><strong>inustae,</strong></span> 
     </span>
    </p>

    <p class='ocr_par' dir='ltr' id='par_1_10' title="bbox 139 1873 1464 3676">
     <span class='ocr_line' id='line_1_16' title="bbox 140 1873 1455 1956; baseline 0.004 -22"><span class='ocrx_word' id='word_1_158' title='bbox 140 1873 274 1954; x_wconf 81' lang='lat' dir='ltr'><strong>telligcus</strong></span> <span class='ocrx_word' id='word_1_159' title='bbox 297 1892 332 1935; x_wconf 88' lang='lat' dir='ltr'><strong>er</strong></span> <span class='ocrx_word' id='word_1_160' title='bbox 355 1892 470 1936; x_wconf 89' lang='lat' dir='ltr'><strong>summa</strong></span> <span class='ocrx_word' id='word_1_161' title='bbox 491 1873 539 1936; x_wconf 91' lang='lat' dir='ltr'><strong>illa</strong></span> <span class='ocrx_word' id='word_1_162' title='bbox 561 1873 769 1948; x_wconf 82' lang='lat' dir='ltr'><strong>similitudine,</strong></span> <span class='ocrx_word' id='word_1_163' title='bbox 801 1893 876 1956; x_wconf 86' lang='lat' dir='ltr'><strong>quae</strong></span> <span class='ocrx_word' id='word_1_164' title='bbox 904 1873 1015 1954; x_wconf 86' lang='lat' dir='ltr'><strong>absque</strong></span> <span class='ocrx_word' id='word_1_165' title='bbox 1038 1874 1096 1937; x_wconf 93' lang='lat' dir='ltr'><strong>ulla</strong></span> <span class='ocrx_word' id='word_1_166' title='bbox 1118 1883 1165 1937; x_wconf 91' lang='lat' dir='ltr'><strong>est</strong></span> <span class='ocrx_word' id='word_1_167' title='bbox 1185 1876 1362 1952; x_wconf 80' lang='lat' dir='ltr'><strong>differentia,</strong></span> <span class='ocrx_word' id='word_1_168' title='bbox 1391 1925 1398 1940; x_wconf 93' lang='lat'><strong>.</strong></span> <span class='ocrx_word' id='word_1_169' title='bbox 1451 1911 1455 1920; x_wconf 79' lang='lat'><strong>,</strong></span> 
     </span>
     <span class='ocr_line' id='line_1_17' title="bbox 141 1974 1361 2058; baseline 0.004 -22"><span class='ocrx_word' id='word_1_170' title='bbox 141 1983 228 2038; x_wconf 89' lang='lat' dir='ltr'><strong>etex</strong></span> <span class='ocrx_word' id='word_1_171' title='bbox 248 1974 413 2048; x_wconf 87' lang='lat' dir='ltr'><strong>identitate,</strong></span> <span class='ocrx_word' id='word_1_172' title='bbox 436 1984 470 2057; x_wconf 80' lang='lat' dir='ltr'><strong>ut</strong></span> <span class='ocrx_word' id='word_1_173' title='bbox 490 1975 547 2038; x_wconf 88' lang='lat' dir='ltr'><strong>boe</strong></span> <span class='ocrx_word' id='word_1_174' title='bbox 567 1975 658 2038; x_wconf 87' lang='lat' dir='ltr'><strong>verbo</strong></span> <span class='ocrx_word' id='word_1_175' title='bbox 682 1975 764 2050; x_wconf 85' lang='lat' dir='ltr'><strong>utar&#39;,</strong></span> <span class='ocrx_word' id='word_1_176' title='bbox 787 1995 902 2052; x_wconf 85' lang='lat' dir='ltr'><strong>eorum,</strong></span> <span class='ocrx_word' id='word_1_177' title='bbox 925 1995 999 2056; x_wconf 87' lang='lat' dir='ltr'><strong>quae</strong></span> <span class='ocrx_word' id='word_1_178' title='bbox 1022 1975 1119 2050; x_wconf 87' lang='lat' dir='ltr'><strong>babet,</strong></span> <span class='ocrx_word' id='word_1_179' title='bbox 1144 1995 1179 2037; x_wconf 87' lang='lat' dir='ltr'><strong>eo</strong></span> <span class='ocrx_word' id='word_1_180' title='bbox 1201 1978 1361 2058; x_wconf 87' lang='lat' dir='ltr'><strong>impietatis</strong></span> 
     </span>
     <span class='ocr_line' id='line_1_18' title="bbox 142 2076 1361 2156; baseline 0.002 -19"><span class='ocrx_word' id='word_1_181' title='bbox 142 2093 208 2138; x_wconf 91' lang='lat' dir='ltr'><strong>cum</strong></span> <span class='ocrx_word' id='word_1_182' title='bbox 231 2076 356 2140; x_wconf 85' lang='lat' dir='ltr'><strong>Sabellio</strong></span> <span class='ocrx_word' id='word_1_183' title='bbox 380 2095 482 2140; x_wconf 89' lang='lat' dir='ltr'><strong>errans</strong></span> <span class='ocrx_word' id='word_1_184' title='bbox 505 2077 666 2148; x_wconf 83' lang='lat' dir='ltr'><strong>deveniret,</strong></span> <span class='ocrx_word' id='word_1_185' title='bbox 689 2085 722 2137; x_wconf 91' lang='lat' dir='ltr'><strong>ut</strong></span> <span class='ocrx_word' id='word_1_186' title='bbox 743 2077 842 2156; x_wconf 89' lang='lat' dir='ltr'><strong>ipsum</strong></span> <span class='ocrx_word' id='word_1_187' title='bbox 864 2096 932 2138; x_wconf 88' lang='lat' dir='ltr'><strong>esse</strong></span> <span class='ocrx_word' id='word_1_188' title='bbox 947 2079 1065 2140; x_wconf 85' lang='lat' dir='ltr'><strong>Patrem</strong></span> <span class='ocrx_word' id='word_1_189' title='bbox 1087 2077 1289 2152; x_wconf 87' lang='lat' dir='ltr'><strong>arbitraretur,</strong></span> <span class='ocrx_word' id='word_1_190' title='bbox 1314 2079 1361 2140; x_wconf 81' lang='lat' dir='ltr'><strong>id-</strong></span> 
     </span>
     <span class='ocr_line' id='line_1_19' title="bbox 141 2177 1362 2255; baseline -0.001 -15"><span class='ocrx_word' id='word_1_191' title='bbox 141 2177 286 2243; x_wconf 76' lang='lat' dir='ltr'><strong>circulus</strong></span> <span class='ocrx_word' id='word_1_192' title='bbox 309 2187 357 2242; x_wconf 87' lang='lat' dir='ltr'><strong>est</strong></span> <span class='ocrx_word' id='word_1_193' title='bbox 378 2197 451 2242; x_wconf 89' lang='lat' dir='ltr'><strong>usus</strong></span> <span class='ocrx_word' id='word_1_194' title='bbox 473 2177 596 2240; x_wconf 83' lang='lat' dir='ltr'><strong>vocibus</strong></span> <span class='ocrx_word' id='word_1_195' title='bbox 620 2177 691 2237; x_wconf 85' lang='lat' dir='ltr'><strong>data</strong></span> <span class='ocrx_word' id='word_1_196' title='bbox 713 2186 758 2237; x_wconf 83' lang='lat' dir='ltr'><strong>eat</strong></span> <span class='ocrx_word' id='word_1_197' title='bbox 777 2177 866 2250; x_wconf 77' lang='lat' dir='ltr'><strong>mibi,</strong></span> <span class='ocrx_word' id='word_1_198' title='bbox 897 2181 1010 2255; x_wconf 77' lang='lat' dir='ltr'><strong>accept,</strong></span> <span class='ocrx_word' id='word_1_199' title='bbox 1039 2178 1155 2239; x_wconf 75' lang='lat' dir='ltr'><strong>tradita</strong></span> <span class='ocrx_word' id='word_1_200' title='bbox 1182 2189 1255 2240; x_wconf 83' lang='lat' dir='ltr'><strong>suat</strong></span> <span class='ocrx_word' id='word_1_201' title='bbox 1280 2179 1362 2251; x_wconf 71' lang='lat' dir='ltr'><strong>mitt,</strong></span> 
     </span>
     <span class='ocr_line' id='line_1_20' title="bbox 141 2259 1361 2351; baseline -0.003 -9"><span class='ocrx_word' id='word_1_202' title='bbox 141 2288 175 2342; x_wconf 92' lang='lat' dir='ltr'><strong>ut</strong></span> <span class='ocrx_word' id='word_1_203' title='bbox 194 2280 226 2344; x_wconf 90' lang='lat' dir='ltr'><strong>id</strong></span> <span class='ocrx_word' id='word_1_204' title='bbox 248 2263 347 2344; x_wconf 73' lang='lat' dir='ltr'><strong>sdlnm</strong></span> <span class='ocrx_word' id='word_1_205' title='bbox 369 2279 549 2351; x_wconf 78' lang='lat' dir='ltr'><strong>ostenderet,</strong></span> <span class='ocrx_word' id='word_1_206' title='bbox 574 2295 607 2338; x_wconf 88' lang='lat' dir='ltr'><strong>se</strong></span> <span class='ocrx_word' id='word_1_207' title='bbox 629 2259 764 2338; x_wconf 80' lang='lat' dir='ltr'><strong>videlieet</strong></span> <span class='ocrx_word' id='word_1_208' title='bbox 784 2273 903 2336; x_wconf 88' lang='lat' dir='ltr'><strong>Patrem</strong></span> <span class='ocrx_word' id='word_1_209' title='bbox 925 2293 986 2336; x_wconf 91' lang='lat' dir='ltr'><strong>uon</strong></span> <span class='ocrx_word' id='word_1_210' title='bbox 1008 2294 1086 2349; x_wconf 86' lang='lat' dir='ltr'><strong>esse,</strong></span> <span class='ocrx_word' id='word_1_211' title='bbox 1110 2275 1163 2337; x_wconf 92' lang='lat' dir='ltr'><strong>ed</strong></span> <span class='ocrx_word' id='word_1_212' title='bbox 1173 2276 1271 2338; x_wconf 89' lang='lat' dir='ltr'><strong>Patris</strong></span> <span class='ocrx_word' id='word_1_213' title='bbox 1286 2278 1361 2339; x_wconf 88' lang='lat' dir='ltr'><strong>ller-</strong></span> 
     </span>
     <span class='ocr_line' id='line_1_21' title="bbox 140 2373 1362 2458; baseline -0.002 -16"><span class='ocrx_word' id='word_1_214' title='bbox 140 2381 212 2444; x_wconf 90' lang='lat' dir='ltr'><strong>bum</strong></span> <span class='ocrx_word' id='word_1_215' title='bbox 234 2391 447 2458; x_wconf 86' lang='lat' dir='ltr'><strong>aeternumque</strong></span> <span class='ocrx_word' id='word_1_216' title='bbox 469 2397 536 2439; x_wconf 88' lang='lat' dir='ltr'><strong>esse</strong></span> <span class='ocrx_word' id='word_1_217' title='bbox 557 2375 675 2450; x_wconf 81' lang='lat' dir='ltr'><strong>Filium,</strong></span> <span class='ocrx_word' id='word_1_218' title='bbox 698 2375 748 2455; x_wconf 91' lang='lat' dir='ltr'><strong>qui</strong></span> <span class='ocrx_word' id='word_1_219' title='bbox 771 2375 813 2436; x_wconf 44' lang='lat' dir='ltr'><strong>ob,</strong></span> <span class='ocrx_word' id='word_1_220' title='bbox 832 2393 916 2437; x_wconf 86' lang='lat' dir='ltr'><strong>suam</strong></span> <span class='ocrx_word' id='word_1_221' title='bbox 938 2373 1057 2454; x_wconf 87' lang='lat' dir='ltr'><strong>quidem</strong></span> <span class='ocrx_word' id='word_1_222' title='bbox 1078 2393 1145 2437; x_wconf 89' lang='lat' dir='ltr'><strong>cum</strong></span> <span class='ocrx_word' id='word_1_223' title='bbox 1166 2377 1254 2438; x_wconf 87' lang='lat' dir='ltr'><strong>Patre</strong></span> <span class='ocrx_word' id='word_1_224' title='bbox 1276 2377 1362 2439; x_wconf 90' lang='lat' dir='ltr'><strong>simi·</strong></span> 
     </span>
     <span class='ocr_line' id='line_1_22' title="bbox 139 2475 1363 2560; baseline -0.002 -16"><span class='ocrx_word' id='word_1_225' title='bbox 139 2481 294 2544; x_wconf 87' lang='lat' dir='ltr'><strong>litudinem</strong></span> <span class='ocrx_word' id='word_1_226' title='bbox 321 2498 441 2560; x_wconf 86' lang='lat' dir='ltr'><strong>semper</strong></span> <span class='ocrx_word' id='word_1_227' title='bbox 467 2478 571 2553; x_wconf 89' lang='lat' dir='ltr'><strong>babet,</strong></span> <span class='ocrx_word' id='word_1_228' title='bbox 603 2495 678 2558; x_wconf 85' lang='lat' dir='ltr'><strong>ques</strong></span> <span class='ocrx_word' id='word_1_229' title='bbox 705 2475 742 2538; x_wconf 86' lang='lat' dir='ltr'><strong>ab</strong></span> <span class='ocrx_word' id='word_1_230' title='bbox 771 2494 806 2538; x_wconf 88' lang='lat' dir='ltr'><strong>ec</strong></span> <span class='ocrx_word' id='word_1_231' title='bbox 835 2475 940 2550; x_wconf 85' lang='lat' dir='ltr'><strong>habet3</strong></span> <span class='ocrx_word' id='word_1_232' title='bbox 973 2475 1040 2556; x_wconf 85' lang='lat' dir='ltr'><strong>quia</strong></span> <span class='ocrx_word' id='word_1_233' title='bbox 1067 2495 1148 2538; x_wconf 85' lang='lat' dir='ltr'><strong>vero.</strong></span> <span class='ocrx_word' id='word_1_234' title='bbox 1165 2477 1256 2540; x_wconf 83' lang='lat' dir='ltr'><strong>Filius</strong></span> <span class='ocrx_word' id='word_1_235' title='bbox 1284 2479 1363 2543; x_wconf 82' lang='lat' dir='ltr'><strong>idam</strong></span> 
     </span>
     <span class='ocr_line' id='line_1_23' title="bbox 140 2577 1362 2664; baseline -0.001 -20"><span class='ocrx_word' id='word_1_236' title='bbox 140 2582 206 2664; x_wconf 91' lang='lat' dir='ltr'><strong>ipse</strong></span> <span class='ocrx_word' id='word_1_237' title='bbox 235 2589 295 2656; x_wconf 85' lang='lat' dir='ltr'><strong>cst,</strong></span> <span class='ocrx_word' id='word_1_238' title='bbox 328 2581 438 2643; x_wconf 88' lang='lat' dir='ltr'><strong>idcirco</strong></span> <span class='ocrx_word' id='word_1_239' title='bbox 469 2599 504 2642; x_wconf 86' lang='lat' dir='ltr'><strong>en</strong></span> <span class='ocrx_word' id='word_1_240' title='bbox 533 2580 620 2642; x_wconf 86' lang='lat' dir='ltr'><strong>Patre</strong></span> <span class='ocrx_word' id='word_1_241' title='bbox 647 2577 750 2652; x_wconf 87' lang='lat' dir='ltr'><strong>babet,</strong></span> <span class='ocrx_word' id='word_1_242' title='bbox 784 2595 860 2658; x_wconf 91' lang='lat' dir='ltr'><strong>quae</strong></span> <span class='ocrx_word' id='word_1_243' title='bbox 890 2595 1009 2658; x_wconf 88' lang='lat' dir='ltr'><strong>semper</strong></span> <span class='ocrx_word' id='word_1_244' title='bbox 1029 2577 1127 2642; x_wconf 87' lang='lat' dir='ltr'><strong>babet.</strong></span> <span class='ocrx_word' id='word_1_245' title='bbox 1173 2579 1260 2653; x_wconf 81' lang='lat' dir='ltr'><strong>Quod</strong></span> <span class='ocrx_word' id='word_1_246' title='bbox 1284 2581 1362 2643; x_wconf 91' lang='lat' dir='ltr'><strong>enim</strong></span> 
     </span>
     <span class='ocr_line' id='line_1_24' title="bbox 139 2679 1361 2761; baseline -0.002 -15"><span class='ocrx_word' id='word_1_247' title='bbox 139 2683 214 2746; x_wconf 87' lang='lat' dir='ltr'><strong>haec</strong></span> <span class='ocrx_word' id='word_1_248' title='bbox 234 2683 322 2746; x_wconf 87' lang='lat' dir='ltr'><strong>verba</strong></span> <span class='ocrx_word' id='word_1_249' title='bbox 345 2684 416 2746; x_wconf 84' lang='lat' dir='ltr'><strong>deta</strong></span> <span class='ocrx_word' id='word_1_250' title='bbox 438 2695 492 2756; x_wconf 86' lang='lat' dir='ltr'><strong>eat,</strong></span> <span class='ocrx_word' id='word_1_251' title='bbox 517 2682 632 2746; x_wconf 84' lang='lat' dir='ltr'><strong>tradita</strong></span> <span class='ocrx_word' id='word_1_252' title='bbox 654 2691 737 2754; x_wconf 81' lang='lat' dir='ltr'><strong>suat,</strong></span> <span class='ocrx_word' id='word_1_253' title='bbox 761 2679 874 2761; x_wconf 86' lang='lat' dir='ltr'><strong>aliaque</strong></span> <span class='ocrx_word' id='word_1_254' title='bbox 897 2679 1002 2742; x_wconf 90' lang='lat' dir='ltr'><strong>similia</strong></span> <span class='ocrx_word' id='word_1_255' title='bbox 1017 2679 1083 2742; x_wconf 88' lang='lat' dir='ltr'><strong>Filii</strong></span> <span class='ocrx_word' id='word_1_256' title='bbox 1098 2680 1280 2743; x_wconf 83' lang='lat' dir='ltr'><strong>divinitatem</strong></span> <span class='ocrx_word' id='word_1_257' title='bbox 1301 2701 1361 2744; x_wconf 86' lang='lat' dir='ltr'><strong>non</strong></span> 
     </span>
     <span class='ocr_line' id='line_1_25' title="bbox 139 2773 1360 2867; baseline -0.003 -17"><span class='ocrx_word' id='word_1_258' title='bbox 139 2787 288 2860; x_wconf 83' lang='lat' dir='ltr'><strong>minuant,</strong></span> <span class='ocrx_word' id='word_1_259' title='bbox 312 2784 366 2847; x_wconf 87' lang='lat' dir='ltr'><strong>sed</strong></span> <span class='ocrx_word' id='word_1_260' title='bbox 387 2785 486 2867; x_wconf 86' lang='lat' dir='ltr'><strong>patius</strong></span> <span class='ocrx_word' id='word_1_261' title='bbox 509 2803 576 2847; x_wconf 91' lang='lat' dir='ltr'><strong>eum</strong></span> <span class='ocrx_word' id='word_1_262' title='bbox 596 2801 664 2846; x_wconf 80' lang='lat' dir='ltr'><strong>vere</strong></span> <span class='ocrx_word' id='word_1_263' title='bbox 685 2782 791 2844; x_wconf 81' lang='lat' dir='ltr'><strong>Filium</strong></span> <span class='ocrx_word' id='word_1_264' title='bbox 814 2801 881 2844; x_wconf 87' lang='lat' dir='ltr'><strong>esse</strong></span> <span class='ocrx_word' id='word_1_265' title='bbox 902 2791 1076 2862; x_wconf 82' lang='lat' dir='ltr'><strong>argumento</strong></span> <span class='ocrx_word' id='word_1_266' title='bbox 1099 2773 1182 2856; x_wconf 84' lang='lat' dir='ltr'><strong>sint,&#39;</strong></span> <span class='ocrx_word' id='word_1_267' title='bbox 1197 2801 1232 2846; x_wconf 86' lang='lat' dir='ltr'><strong>en</strong></span> <span class='ocrx_word' id='word_1_268' title='bbox 1254 2783 1360 2846; x_wconf 89' lang='lat' dir='ltr'><strong>iisdem</strong></span> 
     </span>
     <span class='ocr_line' id='line_1_26' title="bbox 140 2883 1359 2966; baseline -0.001 -17"><span class='ocrx_word' id='word_1_269' title='bbox 140 2888 199 2949; x_wconf 90' lang='lat' dir='ltr'><strong>illis</strong></span> <span class='ocrx_word' id='word_1_270' title='bbox 221 2886 371 2948; x_wconf 86' lang='lat' dir='ltr'><strong>vocabulis</strong></span> <span class='ocrx_word' id='word_1_271' title='bbox 391 2885 460 2948; x_wconf 84' lang='lat' dir='ltr'><strong>lieet</strong></span> <span class='ocrx_word' id='word_1_272' title='bbox 480 2885 605 2948; x_wconf 79' lang='lat' dir='ltr'><strong>discere.</strong></span> <span class='ocrx_word' id='word_1_273' title='bbox 649 2883 723 2945; x_wconf 91' lang='lat' dir='ltr'><strong>Nam</strong></span> <span class='ocrx_word' id='word_1_274' title='bbox 745 2884 771 2946; x_wconf 87' lang='lat' dir='ltr'><strong>si</strong></span> <span class='ocrx_word' id='word_1_275' title='bbox 794 2884 892 2946; x_wconf 86' lang='lat' dir='ltr'><strong>omnia</strong></span> <span class='ocrx_word' id='word_1_276' title='bbox 913 2883 955 2945; x_wconf 93' lang='lat' dir='ltr'><strong>illi</strong></span> <span class='ocrx_word' id='word_1_277' title='bbox 983 2883 1088 2946; x_wconf 86' lang='lat' dir='ltr'><strong>tradite</strong></span> <span class='ocrx_word' id='word_1_278' title='bbox 1117 2893 1202 2957; x_wconf 89' lang='lat' dir='ltr'><strong>sunt,</strong></span> <span class='ocrx_word' id='word_1_279' title='bbox 1230 2885 1359 2966; x_wconf 85' lang='lat' dir='ltr'><strong>primum</strong></span> 
     </span>
     <span class='ocr_line' id='line_1_27' title="bbox 143 2985 1360 3068; baseline 0.004 -22"><span class='ocrx_word' id='word_1_280' title='bbox 143 2987 303 3064; x_wconf 83' lang='lat' dir='ltr'><strong>sequitur,</strong></span> <span class='ocrx_word' id='word_1_281' title='bbox 325 3004 392 3048; x_wconf 87' lang='lat' dir='ltr'><strong>eum</strong></span> <span class='ocrx_word' id='word_1_282' title='bbox 420 2985 508 3048; x_wconf 89' lang='lat' dir='ltr'><strong>alium</strong></span> <span class='ocrx_word' id='word_1_283' title='bbox 537 3005 605 3048; x_wconf 87' lang='lat' dir='ltr'><strong>asse</strong></span> <span class='ocrx_word' id='word_1_284' title='bbox 634 2985 670 3046; x_wconf 90' lang='lat' dir='ltr'><strong>ab</strong></span> <span class='ocrx_word' id='word_1_285' title='bbox 699 2985 854 3060; x_wconf 90' lang='lat' dir='ltr'><strong>omnibus,</strong></span> <span class='ocrx_word' id='word_1_286' title='bbox 888 3004 962 3066; x_wconf 90' lang='lat' dir='ltr'><strong>quaa</strong></span> <span class='ocrx_word' id='word_1_287' title='bbox 995 2986 1116 3068; x_wconf 84' lang='lat' dir='ltr'><strong>accepit.</strong></span> <span class='ocrx_word' id='word_1_288' title='bbox 1160 2986 1272 3050; x_wconf 87' lang='lat' dir='ltr'><strong>Deinde</strong></span> <span class='ocrx_word' id='word_1_289' title='bbox 1293 3007 1360 3051; x_wconf 91' lang='lat' dir='ltr'><strong>cum</strong></span> 
     </span>
     <span class='ocr_line' id='line_1_28' title="bbox 143 3085 1360 3168; baseline 0.002 -18"><span class='ocrx_word' id='word_1_290' title='bbox 143 3085 276 3150; x_wconf 84' lang='lat' dir='ltr'><strong>emnium</strong></span> <span class='ocrx_word' id='word_1_291' title='bbox 303 3087 344 3147; x_wconf 92' lang='lat' dir='ltr'><strong>sit</strong></span> <span class='ocrx_word' id='word_1_292' title='bbox 367 3085 489 3160; x_wconf 84' lang='lat' dir='ltr'><strong>baares,</strong></span> <span class='ocrx_word' id='word_1_293' title='bbox 523 3093 601 3148; x_wconf 87' lang='lat' dir='ltr'><strong>certe</strong></span> <span class='ocrx_word' id='word_1_294' title='bbox 630 3087 712 3149; x_wconf 88' lang='lat' dir='ltr'><strong>solus</strong></span> <span class='ocrx_word' id='word_1_295' title='bbox 746 3087 812 3167; x_wconf 92' lang='lat' dir='ltr'><strong>ipse</strong></span> <span class='ocrx_word' id='word_1_296' title='bbox 841 3105 959 3167; x_wconf 75' lang='lat' dir='ltr'><strong>quiaque</strong></span> <span class='ocrx_word' id='word_1_297' title='bbox 985 3086 1078 3148; x_wconf 85' lang='lat' dir='ltr'><strong>Filius</strong></span> <span class='ocrx_word' id='word_1_298' title='bbox 1102 3095 1132 3148; x_wconf 86' lang='lat' dir='ltr'><strong>et</strong></span> <span class='ocrx_word' id='word_1_299' title='bbox 1151 3090 1292 3168; x_wconf 89' lang='lat' dir='ltr'><strong>proprius</strong></span> <span class='ocrx_word' id='word_1_300' title='bbox 1314 3100 1360 3152; x_wconf 90' lang='lat' dir='ltr'><strong>est</strong></span> 
     </span>
     <span class='ocr_line' id='line_1_29' title="bbox 140 3187 1359 3264; baseline 0.002 -14"><span class='ocrx_word' id='word_1_301' title='bbox 140 3187 237 3250; x_wconf 88' lang='lat' dir='ltr'><strong>Patris</strong></span> <span class='ocrx_word' id='word_1_302' title='bbox 260 3187 422 3250; x_wconf 88' lang='lat' dir='ltr'><strong>secundum</strong></span> <span class='ocrx_word' id='word_1_303' title='bbox 454 3195 598 3250; x_wconf 84' lang='lat' dir='ltr'><strong>naturam.</strong></span> <span class='ocrx_word' id='word_1_304' title='bbox 642 3187 781 3250; x_wconf 77' lang='lat' dir='ltr'><strong>sienim</strong></span> <span class='ocrx_word' id='word_1_305' title='bbox 810 3207 828 3250; x_wconf 83' lang='lat' dir='ltr'><strong>e</strong></span> <span class='ocrx_word' id='word_1_306' title='bbox 854 3205 978 3249; x_wconf 83' lang='lat' dir='ltr'><strong>numero</strong></span> <span class='ocrx_word' id='word_1_307' title='bbox 1007 3187 1139 3251; x_wconf 89' lang='lat' dir='ltr'><strong>omnium</strong></span> <span class='ocrx_word' id='word_1_308' title='bbox 1170 3200 1264 3264; x_wconf 86' lang='lat' dir='ltr'><strong>esset,</strong></span> <span class='ocrx_word' id='word_1_309' title='bbox 1297 3209 1359 3253; x_wconf 89' lang='lat' dir='ltr'><strong>non</strong></span> 
     </span>
     <span class='ocr_line' id='line_1_30' title="bbox 142 3288 1358 3370; baseline 0.001 -18"><span class='ocrx_word' id='word_1_310' title='bbox 142 3289 274 3352; x_wconf 83' lang='lat' dir='ltr'><strong>emnium</strong></span> <span class='ocrx_word' id='word_1_311' title='bbox 297 3290 432 3368; x_wconf 88' lang='lat' dir='ltr'><strong>prolecto</strong></span> <span class='ocrx_word' id='word_1_312' title='bbox 456 3297 537 3352; x_wconf 85' lang='lat' dir='ltr'><strong>esset</strong></span> <span class='ocrx_word' id='word_1_313' title='bbox 556 3289 678 3362; x_wconf 90' lang='lat' dir='ltr'><strong>haeres,</strong></span> <span class='ocrx_word' id='word_1_314' title='bbox 708 3289 760 3352; x_wconf 87' lang='lat' dir='ltr'><strong>sed</strong></span> <span class='ocrx_word' id='word_1_315' title='bbox 783 3288 905 3369; x_wconf 84' lang='lat' dir='ltr'><strong>quilibet</strong></span> <span class='ocrx_word' id='word_1_316' title='bbox 927 3289 1014 3351; x_wconf 88' lang='lat' dir='ltr'><strong>etiam</strong></span> <span class='ocrx_word' id='word_1_317' title='bbox 1036 3289 1216 3370; x_wconf 86' lang='lat' dir='ltr'><strong>accepisset,</strong></span> <span class='ocrx_word' id='word_1_318' title='bbox 1238 3293 1281 3354; x_wconf 89' lang='lat' dir='ltr'><strong>uti</strong></span> <span class='ocrx_word' id='word_1_319' title='bbox 1302 3310 1358 3353; x_wconf 83' lang='lat' dir='ltr'><strong>vo·</strong></span> 
     </span>
     <span class='ocr_line' id='line_1_31' title="bbox 139 3389 1464 3473; baseline 0.003 -21"><span class='ocrx_word' id='word_1_320' title='bbox 139 3390 247 3454; x_wconf 88' lang='lat' dir='ltr'><strong>luisset</strong></span> <span class='ocrx_word' id='word_1_321' title='bbox 268 3409 302 3452; x_wconf 87' lang='lat' dir='ltr'><strong>ae</strong></span> <span class='ocrx_word' id='word_1_322' title='bbox 323 3389 456 3453; x_wconf 88' lang='lat' dir='ltr'><strong>dedisset</strong></span> <span class='ocrx_word' id='word_1_323' title='bbox 475 3391 572 3452; x_wconf 90' lang='lat' dir='ltr'><strong>Pater.</strong></span> <span class='ocrx_word' id='word_1_324' title='bbox 617 3391 805 3470; x_wconf 82' lang='lat' dir='ltr'><strong>Quapropter</strong></span> <span class='ocrx_word' id='word_1_325' title='bbox 826 3409 893 3453; x_wconf 89' lang='lat' dir='ltr'><strong>cum</strong></span> <span class='ocrx_word' id='word_1_326' title='bbox 915 3390 1014 3453; x_wconf 89' lang='lat' dir='ltr'><strong>amnia</strong></span> <span class='ocrx_word' id='word_1_327' title='bbox 1036 3391 1103 3472; x_wconf 89' lang='lat' dir='ltr'><strong>ipse</strong></span> <span class='ocrx_word' id='word_1_328' title='bbox 1123 3392 1261 3473; x_wconf 88' lang='lat' dir='ltr'><strong>accipiat,</strong></span> <span class='ocrx_word' id='word_1_329' title='bbox 1285 3393 1358 3456; x_wconf 89' lang='lat' dir='ltr'><strong>alius</strong></span> <span class='ocrx_word' id='word_1_330' title='bbox 1461 3405 1464 3416; x_wconf 85' lang='grc'><strong>’</strong></span> 
     </span>
     <span class='ocr_line' id='line_1_32' title="bbox 140 3491 1358 3574; baseline 0.002 -19"><span class='ocrx_word' id='word_1_331' title='bbox 140 3493 240 3574; x_wconf 89' lang='lat' dir='ltr'><strong>utique</strong></span> <span class='ocrx_word' id='word_1_332' title='bbox 262 3499 309 3554; x_wconf 87' lang='lat' dir='ltr'><strong>est</strong></span> <span class='ocrx_word' id='word_1_333' title='bbox 329 3491 365 3552; x_wconf 84' lang='lat' dir='ltr'><strong>ab</strong></span> <span class='ocrx_word' id='word_1_334' title='bbox 387 3493 544 3568; x_wconf 82' lang='lat' dir='ltr'><strong>amnibus,</strong></span> <span class='ocrx_word' id='word_1_335' title='bbox 567 3491 709 3572; x_wconf 84' lang='lat' dir='ltr'><strong>solusque</strong></span> <span class='ocrx_word' id='word_1_336' title='bbox 731 3501 778 3554; x_wconf 89' lang='lat' dir='ltr'><strong>est</strong></span> <span class='ocrx_word' id='word_1_337' title='bbox 798 3493 936 3572; x_wconf 87' lang='lat' dir='ltr'><strong>proprius</strong></span> <span class='ocrx_word' id='word_1_338' title='bbox 958 3493 1065 3556; x_wconf 86' lang='lat' dir='ltr'><strong>Patris.</strong></span> <span class='ocrx_word' id='word_1_339' title='bbox 1110 3495 1197 3568; x_wconf 85' lang='lat' dir='ltr'><strong>Quod</strong></span> <span class='ocrx_word' id='word_1_340' title='bbox 1218 3513 1289 3558; x_wconf 86' lang='lat' dir='ltr'><strong>vera</strong></span> <span class='ocrx_word' id='word_1_341' title='bbox 1311 3495 1358 3558; x_wconf 89' lang='lat' dir='ltr'><strong>bis</strong></span> 
     </span>
     <span class='ocr_line' id='line_1_33' title="bbox 140 3593 1358 3676; baseline 0.002 -21"><span class='ocrx_word' id='word_1_342' title='bbox 140 3593 239 3659; x_wconf 82' lang='lat' dir='ltr'><strong>serbis</strong></span> <span class='ocrx_word' id='word_1_343' title='bbox 267 3595 338 3658; x_wconf 86' lang='lat' dir='ltr'><strong>duta</strong></span> <span class='ocrx_word' id='word_1_344' title='bbox 361 3605 405 3658; x_wconf 82' lang='lat' dir='ltr'><strong>eat</strong></span> <span class='ocrx_word' id='word_1_345' title='bbox 427 3602 457 3656; x_wconf 88' lang='lat' dir='ltr'><strong>et</strong></span> <span class='ocrx_word' id='word_1_346' title='bbox 478 3595 593 3659; x_wconf 78' lang='lat' dir='ltr'><strong>tradita</strong></span> <span class='ocrx_word' id='word_1_347' title='bbox 615 3604 687 3657; x_wconf 83' lang='lat' dir='ltr'><strong>auat</strong></span> <span class='ocrx_word' id='word_1_348' title='bbox 714 3612 775 3656; x_wconf 89' lang='lat' dir='ltr'><strong>uon</strong></span> <span class='ocrx_word' id='word_1_349' title='bbox 803 3593 998 3673; x_wconf 77' lang='lat' dir='ltr'><strong>significetur,</strong></span> <span class='ocrx_word' id='word_1_350' title='bbox 1032 3595 1173 3657; x_wconf 84' lang='lat' dir='ltr'><strong>cumbis</strong></span> <span class='ocrx_word' id='word_1_351' title='bbox 1203 3595 1358 3676; x_wconf 83' lang='lat' dir='ltr'><strong>aliquanda</strong></span> 
     </span>
    </p>
   </div>
   <div class='ocr_carea' id='block_1_3' title="bbox 140 3680 1358 3850">
    <p class='ocr_par' dir='ltr' id='par_1_11' title="bbox 140 3680 1358 3850">
     <span class='ocr_line' id='line_1_34' title="bbox 140 3680 1358 3780; baseline 0.002 -24"><span class='ocrx_word' id='word_1_352' title='bbox 140 3695 280 3768; x_wconf 87' lang='lat' dir='ltr'><strong>caruisse,</strong></span> <span class='ocrx_word' id='word_1_353' title='bbox 303 3711 339 3754; x_wconf 85' lang='lat' dir='ltr'><strong>ex</strong></span> <span class='ocrx_word' id='word_1_354' title='bbox 360 3695 449 3757; x_wconf 92' lang='lat' dir='ltr'><strong>simili</strong></span> <span class='ocrx_word' id='word_1_355' title='bbox 471 3696 536 3757; x_wconf 86' lang='lat' dir='ltr'><strong>loeo</strong></span> <span class='ocrx_word' id='word_1_356' title='bbox 558 3697 728 3778; x_wconf 80' lang='lat' dir='ltr'><strong>perspicere</strong></span> <span class='ocrx_word' id='word_1_357' title='bbox 750 3702 904 3776; x_wconf 85' lang='lat' dir='ltr'><strong>ceteraque</strong></span> <span class='ocrx_word' id='word_1_358' title='bbox 926 3696 994 3780; x_wconf 82' lang='lat' dir='ltr'><strong>iude</strong></span> <span class='ocrx_word' id='word_1_359' title='bbox 1016 3695 1084 3759; x_wconf 89' lang='lat' dir='ltr'><strong>licet</strong></span> <span class='ocrx_word' id='word_1_360' title='bbox 1104 3680 1277 3776; x_wconf 79' lang='lat' dir='ltr'><strong>intelligere.</strong></span> <span class='ocrx_word' id='word_1_361' title='bbox 1309 3697 1358 3758; x_wconf 82' lang='lat' dir='ltr'><strong>lit</strong></span> 
     </span>
     <span class='ocr_line' id='line_1_35' title="bbox 187 3819 201 3850; baseline 0 0"><span class='ocrx_word' id='word_1_362' title='bbox 187 3819 201 3850; x_wconf 76' lang='lat'>0</span> 
     </span>
    </p>
   </div>
   <div class='ocr_carea' id='block_1_4' title="bbox 140 3889 1356 4098">
    <p class='ocr_par' dir='ltr' id='par_1_12' title="bbox 140 3889 1356 4098">
     <span class='ocr_line' id='line_1_36' title="bbox 140 3889 1356 3980; baseline 0.003 -16"><span class='ocrx_word' id='word_1_363' title='bbox 140 3923 167 3965; x_wconf 89' lang='lat' dir='ltr'><strong>nt</strong></span> <span class='ocrx_word' id='word_1_364' title='bbox 183 3916 246 3965; x_wconf 82' lang='lat' dir='ltr'><strong>torte</strong></span> <span class='ocrx_word' id='word_1_365' title='bbox 264 3915 334 3965; x_wconf 82' lang='lat' dir='ltr'><strong>etium</strong></span> <span class='ocrx_word' id='word_1_366' title='bbox 353 3915 410 3976; x_wconf 71' lang='lat' dir='ltr'><strong>legit</strong></span> <span class='ocrx_word' id='word_1_367' title='bbox 427 3915 548 3974; x_wconf 79' lang='lat' dir='ltr'><strong>Nunnius,</strong></span> <span class='ocrx_word' id='word_1_368' title='bbox 572 3916 638 3967; x_wconf 85' lang='lat' dir='ltr'><strong>cuius</strong></span> <span class='ocrx_word' id='word_1_369' title='bbox 660 3915 721 3967; x_wconf 82' lang='lat' dir='ltr'><strong>brec</strong></span> <span class='ocrx_word' id='word_1_370' title='bbox 772 3923 795 3966; x_wconf 86' lang='lat' dir='ltr'><strong>et</strong></span> <span class='ocrx_word' id='word_1_371' title='bbox 813 3916 869 3967; x_wconf 89' lang='lat' dir='ltr'><strong>editi</strong></span> <span class='ocrx_word' id='word_1_372' title='bbox 887 3903 957 3965; x_wconf 68' lang='grc' dir='ltr'><strong>εἶναι</strong></span> <span class='ocrx_word' id='word_1_373' title='bbox 973 3907 1024 3964; x_wconf 74' lang='lat' dir='ltr'><strong>adv</strong></span> <span class='ocrx_word' id='word_1_374' title='bbox 1040 3889 1107 3966; x_wconf 65' lang='lat' dir='ltr'><strong>etta.</strong></span> <span class='ocrx_word' id='word_1_375' title='bbox 1143 3915 1195 3966; x_wconf 87' lang='lat' dir='ltr'><strong>ller</strong></span> <span class='ocrx_word' id='word_1_376' title='bbox 1213 3916 1269 3980; x_wconf 73' lang='lat' dir='ltr'><strong>lleg.</strong></span> <span class='ocrx_word' id='word_1_377' title='bbox 1289 3923 1356 3969; x_wconf 86' lang='lat' dir='ltr'><strong>uter·</strong></span> 
     </span>
     <span class='ocr_line' id='line_1_37' title="bbox 140 3975 1354 4098; baseline 0.002 -65"><span class='ocrx_word' id='word_1_378' title='bbox 140 3991 178 4034; x_wconf 82' lang='lat' dir='ltr'><strong>est</strong></span> <span class='ocrx_word' id='word_1_379' title='bbox 194 3983 285 4033; x_wconf 83' lang='lat' dir='ltr'><strong>versic:</strong></span> <span class='ocrx_word' id='word_1_380' title='bbox 305 3985 347 4034; x_wconf 83' lang='lat' dir='ltr'><strong>aed</strong></span> <span class='ocrx_word' id='word_1_381' title='bbox 364 3999 423 4048; x_wconf 80' lang='lat' dir='ltr'><strong>quae</strong></span> <span class='ocrx_word' id='word_1_382' title='bbox 438 3983 541 4048; x_wconf 78' lang='lat' dir='ltr'><strong>possidet</strong></span> <span class='ocrx_word' id='word_1_383' title='bbox 558 3991 583 4032; x_wconf 79' lang='lat' dir='ltr'><strong>ut</strong></span> <span class='ocrx_word' id='word_1_384' title='bbox 599 3985 674 4046; x_wconf 78' lang='lat' dir='ltr'><strong>uene,</strong></span> <span class='ocrx_word' id='word_1_385' title='bbox 694 4000 722 4034; x_wconf 83' lang='lat' dir='ltr'><strong>eu</strong></span> <span class='ocrx_word' id='word_1_386' title='bbox 772 3997 827 4098; x_wconf 54' lang='lat' dir='ltr'><strong>luc,</strong></span> <span class='ocrx_word' id='word_1_387' title='bbox 845 3984 945 4062; x_wconf 61' lang='lat' dir='ltr'><strong>Sequar.</strong></span> <span class='ocrx_word' id='word_1_388' title='bbox 964 3983 1061 4036; x_wconf 83' lang='lat' dir='ltr'><strong>Gcbler.</strong></span> <span class='ocrx_word' id='word_1_389' title='bbox 1080 3992 1103 4034; x_wconf 88' lang='lat' dir='ltr'><strong>et</strong></span> <span class='ocrx_word' id='word_1_390' title='bbox 1120 3983 1224 4034; x_wconf 78' lang='lat' dir='ltr'><strong>Felelrm.</strong></span> <span class='ocrx_word' id='word_1_391' title='bbox 1244 3985 1265 4036; x_wconf 89' lang='lat' dir='ltr'><strong>l.</strong></span> <span class='ocrx_word' id='word_1_392' title='bbox 1284 3975 1354 4064; x_wconf 65' lang='lat' dir='ltr'><strong>{usp</strong></span> 
     </span>
    </p>
   </div>
   <div class='ocr_carea' id='block_1_5' title="bbox 82 4049 1143 4270">
    <p class='ocr_par' dir='ltr' id='par_1_13' title="bbox 82 4049 1143 4270">
     <span class='ocr_line' id='line_1_38' title="bbox 82 4049 721 4116; baseline 0.009 -20"><span class='ocrx_word' id='word_1_393' title='bbox 82 4080 92 4096; x_wconf 84' lang='lat'><strong>.</strong></span> <span class='ocrx_word' id='word_1_394' title='bbox 137 4051 242 4116; x_wconf 82' lang='lat' dir='ltr'><strong>postulat</strong></span> <span class='ocrx_word' id='word_1_395' title='bbox 265 4057 291 4100; x_wconf 86' lang='lat' dir='ltr'><strong>ut</strong></span> <span class='ocrx_word' id='word_1_396' title='bbox 308 4051 391 4102; x_wconf 78' lang='lat' dir='ltr'><strong>Filius.</strong></span> <span class='ocrx_word' id='word_1_397' title='bbox 426 4049 486 4100; x_wconf 92' lang='lat' dir='ltr'><strong>lbid.</strong></span> <span class='ocrx_word' id='word_1_398' title='bbox 504 4050 560 4112; x_wconf 66' lang='lat' dir='ltr'><strong>lies.</strong></span> <span class='ocrx_word' id='word_1_399' title='bbox 581 4050 603 4100; x_wconf 90' lang='lat' dir='ltr'><strong>l.</strong></span> <span class='ocrx_word' id='word_1_400' title='bbox 621 4051 721 4114; x_wconf 74' lang='lat' dir='ltr'><strong>Segner·</strong></span> 
     </span>
     <span class='ocr_line' id='line_1_39' title="bbox 140 4108 1077 4198; baseline -0.002 -28"><span class='ocrx_word' id='word_1_401' title='bbox 140 4119 237 4196; x_wconf 67' lang='lat' dir='ltr'><strong>Gcbler.</strong></span> <span class='ocrx_word' id='word_1_402' title='bbox 257 4119 403 4198; x_wconf 46' lang='lat' dir='ltr'><strong>etlelc‘lm.</strong></span> <span class='ocrx_word' id='word_1_403' title='bbox 422 4108 587 4197; x_wconf 43' lang='lat' dir='ltr'><strong>14&#39;t&#39;uoe&#39;ydp</strong></span> <span class='ocrx_word' id='word_1_404' title='bbox 610 4114 649 4185; x_wconf 73' lang='grc' dir='ltr'><strong>μή</strong></span> <span class='ocrx_word' id='word_1_405' title='bbox 673 4131 722 4172; x_wconf 72' lang='lat' dir='ltr'><strong>aas.</strong></span> <span class='ocrx_word' id='word_1_406' title='bbox 774 4111 848 4172; x_wconf 63' lang='lat' dir='ltr'><strong>wius</strong></span> <span class='ocrx_word' id='word_1_407' title='bbox 864 4111 927 4184; x_wconf 70' lang='grc' dir='ltr'><strong>ἔχει.</strong></span> <span class='ocrx_word' id='word_1_408' title='bbox 1071 4171 1077 4182; x_wconf 68' lang='grc'><strong>,</strong></span> 
     </span>
     <span class='ocr_line' id='line_1_40' title="bbox 139 4185 1143 4270; baseline -0.002 -33"><span class='ocrx_word' id='word_1_409' title='bbox 139 4185 219 4238; x_wconf 76' lang='lat' dir='ltr'><strong>Ceteri</strong></span> <span class='ocrx_word' id='word_1_410' title='bbox 236 4193 260 4238; x_wconf 83' lang='lat' dir='ltr'><strong>et</strong></span> <span class='ocrx_word' id='word_1_411' title='bbox 277 4187 334 4238; x_wconf 83' lang='lat' dir='ltr'><strong>editi</strong></span> <span class='ocrx_word' id='word_1_412' title='bbox 351 4199 397 4236; x_wconf 77' lang='grc' dir='ltr'><strong>ινα</strong></span> <span class='ocrx_word' id='word_1_413' title='bbox 414 4199 463 4236; x_wconf 80' lang='grc' dir='ltr'><strong>ουν</strong></span> <span class='ocrx_word' id='word_1_414' title='bbox 478 4199 516 4253; x_wconf 78' lang='grc' dir='ltr'><strong>μη</strong></span> <span class='ocrx_word' id='word_1_415' title='bbox 533 4199 582 4241; x_wconf 75' lang='grc' dir='ltr'><strong>τις.</strong></span> <span class='ocrx_word' id='word_1_416' title='bbox 808 4202 825 4252; x_wconf 58' lang='lat' dir='ltr'><strong>j,</strong></span> <span class='ocrx_word' id='word_1_417' title='bbox 843 4202 914 4254; x_wconf 42' lang='lat' dir='ltr'><strong>paq·</strong></span> <span class='ocrx_word' id='word_1_418' title='bbox 931 4201 988 4252; x_wconf 58' lang='lat' dir='ltr'><strong>nr„</strong></span> <span class='ocrx_word' id='word_1_419' title='bbox 1005 4195 1143 4270; x_wconf 50' lang='grc' dir='ltr'><strong>ῥημάτων,</strong></span> 
     </span>
    </p>
   </div>
   <div class='ocr_carea' id='block_1_6' title="bbox 172 4247 1355 4360">
    <p class='ocr_par' dir='ltr' id='par_1_14' title="bbox 172 4247 1355 4360">
     <span class='ocr_line' id='line_1_41' title="bbox 172 4247 1355 4360; baseline 0.02 -56"><span class='ocrx_word' id='word_1_420' title='bbox 172 4255 190 4304; x_wconf 91' lang='lat' dir='ltr'><strong>l.</strong></span> <span class='ocrx_word' id='word_1_421' title='bbox 207 4254 265 4318; x_wconf 71' lang='lat' dir='ltr'><strong>aeg.</strong></span> <span class='ocrx_word' id='word_1_422' title='bbox 277 4258 300 4306; x_wconf 82' lang='lat' dir='ltr'><strong>l.</strong></span> <span class='ocrx_word' id='word_1_423' title='bbox 318 4263 341 4306; x_wconf 86' lang='lat' dir='ltr'><strong>ct</strong></span> <span class='ocrx_word' id='word_1_424' title='bbox 355 4256 453 4319; x_wconf 66' lang='lat' dir='ltr'><strong>Sequar.</strong></span> <span class='ocrx_word' id='word_1_425' title='bbox 471 4256 583 4308; x_wconf 83' lang='lat' dir='ltr'><strong>emittunt</strong></span> <span class='ocrx_word' id='word_1_426' title='bbox 599 4247 645 4304; x_wconf 75' lang='grc' dir='ltr'><strong>καὶ</strong></span> <span class='ocrx_word' id='word_1_427' title='bbox 662 4267 723 4304; x_wconf 80' lang='lat' dir='ltr'><strong>rca-</strong></span> <span class='ocrx_word' id='word_1_428' title='bbox 807 4295 829 4345; x_wconf 40' lang='lat' dir='ltr'><strong>k·</strong></span> <span class='ocrx_word' id='word_1_429' title='bbox 847 4295 888 4346; x_wconf 61' lang='lat' dir='ltr'><strong>Sic</strong></span> <span class='ocrx_word' id='word_1_430' title='bbox 904 4295 961 4359; x_wconf 40' lang='lat' dir='ltr'><strong>Res·</strong></span> <span class='ocrx_word' id='word_1_431' title='bbox 973 4295 995 4346; x_wconf 46' lang='lat'><strong>1·</strong></span> <span class='ocrx_word' id='word_1_432' title='bbox 1013 4295 1113 4360; x_wconf 54' lang='lat' dir='ltr'><strong>sem</strong></span> <span class='ocrx_word' id='word_1_433' title='bbox 1131 4295 1228 4347; x_wconf 79' lang='lat' dir='ltr'><strong>Gobler.</strong></span> <span class='ocrx_word' id='word_1_434' title='bbox 1239 4293 1355 4344; x_wconf 47' lang='lat' dir='ltr'><strong>apem.</strong></span> 
     </span>
    </p>
   </div>
   <div class='ocr_carea' id='block_1_7' title="bbox 14 4313 1356 4456">
    <p class='ocr_par' dir='ltr' id='par_1_15' title="bbox 14 4313 1356 4456">
     <span class='ocr_line' id='line_1_42' title="bbox 14 4313 1341 4383; baseline -0.029 -9"><span class='ocrx_word' id='word_1_435' title='bbox 14 4359 19 4366; x_wconf 90' lang='lat'><em>-</em></span> <span class='ocrx_word' id='word_1_436' title='bbox 139 4313 260 4383; x_wconf 76' lang='grc' dir='ltr'><em>τᾶτητος.</em></span> <span class='ocrx_word' id='word_1_437' title='bbox 848 4364 853 4375; x_wconf 30' lang='grc' dir='ltr'>ι</span> <span class='ocrx_word' id='word_1_438' title='bbox 992 4363 1006 4375; x_wconf 91' lang='lat'><strong>..</strong></span> <span class='ocrx_word' id='word_1_439' title='bbox 1098 4365 1121 4376; x_wconf 90' lang='lat'><strong>..</strong></span> <span class='ocrx_word' id='word_1_440' title='bbox 1238 4353 1246 4372; x_wconf 47' lang='grc' dir='ltr'><strong><em>Ι</em></strong></span> <span class='ocrx_word' id='word_1_441' title='bbox 1332 4350 1341 4370; x_wconf 56' lang='lat'>,</span> 
     </span>
     <span class='ocr_line' id='line_1_43' title="bbox 173 4359 1356 4456; baseline -0.033 -25"><span class='ocrx_word' id='word_1_442' title='bbox 173 4391 562 4456; x_wconf 54' lang='lat' dir='ltr'><strong>g,stcp03‚1,0250330m</strong></span> <span class='ocrx_word' id='word_1_443' title='bbox 596 4391 625 4442; x_wconf 61' lang='grc' dir='ltr'><strong><em>Μ</em></strong></span> <span class='ocrx_word' id='word_1_444' title='bbox 641 4389 682 4442; x_wconf 60' lang='grc' dir='ltr'><strong>,Ιῆ</strong></span> <span class='ocrx_word' id='word_1_445' title='bbox 700 4397 724 4442; x_wconf 52' lang='lat'><strong>0,</strong></span> <span class='ocrx_word' id='word_1_446' title='bbox 774 4364 888 4442; x_wconf 73' lang='lat' dir='ltr'><strong>mannil.</strong></span> <span class='ocrx_word' id='word_1_447' title='bbox 921 4366 950 4415; x_wconf 82' lang='lat' dir='ltr'><strong>lt</strong></span> <span class='ocrx_word' id='word_1_448' title='bbox 967 4364 1007 4415; x_wconf 79' lang='lat' dir='ltr'><strong>elu</strong></span> <span class='ocrx_word' id='word_1_449' title='bbox 1025 4371 1048 4414; x_wconf 84' lang='lat' dir='ltr'><strong>et</strong></span> <span class='ocrx_word' id='word_1_450' title='bbox 1066 4359 1356 4429; x_wconf 69' lang='lat' dir='ltr'><strong>cdruxluperoperuu.</strong></span> 
     </span>
    </p>
   </div>
   <div class='ocr_carea' id='block_1_8' title="bbox 140 4423 1247 4590">
    <p class='ocr_par' dir='ltr' id='par_1_16' title="bbox 140 4423 1247 4590">
     <span class='ocr_line' id='line_1_44' title="bbox 140 4423 1139 4522; baseline -0.027 -15"><span class='ocrx_word' id='word_1_451' title='bbox 140 4457 197 4508; x_wconf 84' lang='lat' dir='ltr'><strong>editi</strong></span> <span class='ocrx_word' id='word_1_452' title='bbox 213 4451 260 4506; x_wconf 79' lang='grc' dir='ltr'><strong>καὶ</strong></span> <span class='ocrx_word' id='word_1_453' title='bbox 275 4450 403 4522; x_wconf 75' lang='lat' dir='ltr'><strong>nupsda&#39;b</strong></span> <span class='ocrx_word' id='word_1_454' title='bbox 421 4493 427 4506; x_wconf 92' lang='lat'><strong>.</strong></span> <span class='ocrx_word' id='word_1_455' title='bbox 773 4444 821 4484; x_wconf 68' lang='lat'><strong>¹⁰5</strong></span> <span class='ocrx_word' id='word_1_456' title='bbox 839 4423 854 4479; x_wconf 70' lang='grc' dir='ltr'><strong>ὅ</strong></span> <span class='ocrx_word' id='word_1_457' title='bbox 870 4423 937 4490; x_wconf 58' lang='lat' dir='ltr'><strong>vids,</strong></span> <span class='ocrx_word' id='word_1_458' title='bbox 956 4423 1015 4482; x_wconf 74' lang='grc' dir='ltr'><strong>ἔστι</strong></span> <span class='ocrx_word' id='word_1_459' title='bbox 1030 4432 1078 4480; x_wconf 73' lang='grc' dir='ltr'><strong>καί</strong></span> <span class='ocrx_word' id='word_1_460' title='bbox 1093 4439 1139 4482; x_wconf 82' lang='lat' dir='ltr'><strong>ete.</strong></span> 
     </span>
     <span class='ocr_line' id='line_1_45' title="bbox 173 4473 1247 4590; baseline -0.004 -16"><span class='ocrx_word' id='word_1_461' title='bbox 173 4523 197 4574; x_wconf 88' lang='lat' dir='ltr'><strong>b.</strong></span> <span class='ocrx_word' id='word_1_462' title='bbox 216 4525 256 4575; x_wconf 86' lang='lat' dir='ltr'><strong>Sic</strong></span> <span class='ocrx_word' id='word_1_463' title='bbox 272 4524 329 4588; x_wconf 61' lang='lat' dir='ltr'><strong>lter.</strong></span> <span class='ocrx_word' id='word_1_464' title='bbox 348 4525 370 4576; x_wconf 88' lang='lat'><strong>1.</strong></span> <span class='ocrx_word' id='word_1_465' title='bbox 388 4473 418 4576; x_wconf 58' lang='grc' dir='ltr'><strong>εἴ</strong></span> <span class='ocrx_word' id='word_1_466' title='bbox 428 4527 525 4590; x_wconf 74' lang='lat' dir='ltr'><strong>seguer.</strong></span> <span class='ocrx_word' id='word_1_467' title='bbox 566 4527 644 4578; x_wconf 81' lang='lat' dir='ltr'><strong>Celeri</strong></span> <span class='ocrx_word' id='word_1_468' title='bbox 667 4539 724 4576; x_wconf 81' lang='lat' dir='ltr'><strong>vera</strong></span> <span class='ocrx_word' id='word_1_469' title='bbox 809 4524 825 4574; x_wconf 93' lang='lat' dir='ltr'><strong>l.</strong></span> <span class='ocrx_word' id='word_1_470' title='bbox 843 4525 914 4577; x_wconf 84' lang='lat' dir='ltr'><strong>Basil.</strong></span> <span class='ocrx_word' id='word_1_471' title='bbox 934 4527 1021 4578; x_wconf 84' lang='lat' dir='ltr'><strong>amittit</strong></span> <span class='ocrx_word' id='word_1_472' title='bbox 1036 4517 1083 4574; x_wconf 77' lang='grc' dir='ltr'><strong>καὶ</strong></span> <span class='ocrx_word' id='word_1_473' title='bbox 1098 4512 1247 4588; x_wconf 70' lang='grc' dir='ltr'><strong><em>παρεδόθη.</em></strong></span> 
     </span>
    </p>
   </div>
   <div class='ocr_carea' id='block_1_9' title="bbox 791 4045 1354 4122">
    <p class='ocr_par' dir='ltr' id='par_1_17' title="bbox 791 4045 1354 4122">
     <span class='ocr_line' id='line_1_46' title="bbox 791 4045 1354 4122; baseline 0.009 -24"><span class='ocrx_word' id='word_1_474' title='bbox 791 4045 867 4104; x_wconf 69' lang='grc' dir='ltr'><strong>’ἰδίως</strong></span> <span class='ocrx_word' id='word_1_475' title='bbox 883 4063 946 4116; x_wconf 72' lang='grc' dir='ltr'><strong>εχει.</strong></span> <span class='ocrx_word' id='word_1_476' title='bbox 980 4051 1025 4102; x_wconf 80' lang='lat' dir='ltr'><strong>atii</strong></span> <span class='ocrx_word' id='word_1_477' title='bbox 1042 4059 1068 4102; x_wconf 83' lang='lat' dir='ltr'><strong>ct</strong></span> <span class='ocrx_word' id='word_1_478' title='bbox 1084 4051 1156 4102; x_wconf 83' lang='lat' dir='ltr'><strong>editio</strong></span> <span class='ocrx_word' id='word_1_479' title='bbox 1175 4051 1267 4103; x_wconf 83' lang='lat' dir='ltr'><strong>Cotum.</strong></span> <span class='ocrx_word' id='word_1_480' title='bbox 1286 4067 1354 4122; x_wconf 72' lang='lat' dir='ltr'><strong>aurp</strong></span> 
     </span>
    </p>
   </div>
   <div class='ocr_carea' id='block_1_10' title="bbox 0 0 1610 5060">
    <p class='ocr_par' dir='ltr' id='par_1_18' title="bbox 0 0 1610 5060">
     <span class='ocr_line' id='line_1_47' title="bbox 0 0 1610 5060; baseline 0 0"><span class='ocrx_word' id='word_1_481' title='bbox 0 0 1610 5060; x_wconf 95' lang='lat' dir='ltr'><strong> </strong></span> 
     </span>
    </p>
   </div>
  </div>
 </body>
</html>
