3220 5046
606 285 715 331 omme
732 285 776 330 ur.
793 285 908 332 course
922 287 1058 332 munos.
1361 280 1423 340 477

195 435 365 500 excluderet
386 435 587 516 splendorem,
610 435 664 498 sed
687 443 798 498 tontum
820 437 897 500 iliius
920 439 1032 502 erroris
1055 438 1176 502 tollendi
1198 459 1296 510 causa.
1320 442 1369 522 qui
1391 443 1510 506 inrum.

195 539 291 620 lignea
313 539 440 618 imagine
463 537 620 617 inanisque
642 538 754 616 liguree
783 539 1023 603 dissimilitudine
1051 541 1246 615 obiiceretur3
1274 541 1314 604 ita
1337 543 1422 606 simi-

196 641 264 704 liter
285 641 359 702 dixit
372 640 469 700 Deus:
493 639 553 718 llqo
576 656 644 700 aum
665 645 695 700 et
711 638 771 719 liqo
795 639 977 703 solutilem
1000 649 1030 704 et
1050 661 1113 705 noo
1135 653 1182 706 est
1197 642 1278 705 claim
1298 655 1425 723 practer

196 761 257 814 me,
280 750 313 802 ut
333 740 471 801 homines
492 758 510 800 a
531 738 614 800 lalsis
636 738 693 800 diis
715 747 877 814 averteret,
906 741 1033 826 indeque
1060 744 1210 806 discerent
1232 763 1332 806 verum
1356 763 1423 807 eum

197 861 267 905 esse
288 841 391 904 ileum.
426 841 562 903 Ceterum
585 859 653 901 cum
674 839 841 901 haeclleus
864 839 987 909 diecret,
1011 861 1045 902 ea
1068 843 1132 904 sine
1155 845 1245 908 dubio
1267 863 1321 928 per
1336 865 1423 908 suum
1492 841 1494 846 ’

133 976 136 985 ·
196 943 326 1005 Verbum
348 941 413 1020 ipse
440 941 571 1012 dicebat,
604 941 663 1002 uisi
694 941 772 1002 lorte
794 939 931 1002 hodierni
960 941 1059 1002 ludaei
1092 944 1215 1018 addant,
1249 945 1302 1006 ista
1330 947 1423 1010 Deum

197 1044 319 1105 minime
340 1060 394 1123 por
415 1061 501 1104 suum
524 1041 651 1104 Verbum
675 1041 805 1103 locutum
829 1041 933 1104 luisse.
980 1040 1086 1102 Verum
1117 1041 1156 1103 ite
1177 1042 1225 1104 illa
1247 1045 1323 1108 dicta
1345 1059 1424 1122 sunt,

197 1146 384 1226 quantumvis
406 1146 506 1206 iurant
528 1142 664 1204 diabolici
687 1142 753 1204 riri.
796 1143 870 1204 Nam
895 1142 1021 1204 Verbum
1044 1141 1161 1204 Domini
1191 1144 1297 1206 lactum
1319 1158 1365 1211 est
1386 1151 1421 1210 ad

196 1247 392 1326 Prophetam,
414 1246 546 1324 haecque
568 1243 665 1307 ondita
689 1251 768 1306 suut
814 1245 902 1317 Quod
925 1243 950 1306 si
975 1245 1039 1306 eius
1062 1253 1127 1306 erat
1148 1245 1292 1319 Verbum,
1315 1266 1348 1309 ac
1368 1267 1423 1328 por

196 1347 297 1427 ipsum
327 1347 400 1408 baec
428 1345 617 1420 dicebantur,
647 1345 777 1424 nihilque
799 1353 862 1417 est,
890 1345 969 1424 quod
992 1345 1037 1407 vel
1060 1345 1137 1407 dicat
1158 1345 1204 1407 vel
1226 1347 1422 1423 laciat‘lleus,

196 1447 256 1510 nisi
278 1448 308 1508 in
331 1447 444 1520 Verbo;
466 1465 528 1508 nou
550 1447 640 1526 igitur
659 1453 784 1526 propter
804 1438 904 1524 ipsu'm
926 1447 1003 1508 dicta
1026 1447 1083 1508 ista
1105 1455 1185 1519 sunt,
1209 1447 1294 1508 ollei
1309 1447 1423 1520 hostes,

197 1548 251 1612 sed
273 1557 395 1628 propter
416 1547 510 1610 aliena
532 1555 561 1609 et
583 1565 660 1627 quae
681 1547 718 1610 ab
740 1549 809 1628 ipsc
831 1565 892 1610 non
915 1557 993 1610 sunt.
1039 1547 1173 1624 Etenim,
1204 1557 1238 1609 ut
1265 1548 1295 1610 iu
1318 1549 1423 1612 eodem

195 1649 368 1712 insistemus
391 1648 536 1728 exemplo,
560 1647 586 1710 si
610 1648 657 1710 sol
678 1648 726 1710 illa
750 1647 837 1711 verbe
860 1649 1044 1728 protulisset,
1068 1668 1129 1710 non
1151 1649 1198 1710 bis
1218 1650 1321 1729 utique
1337 1650 1423 1712 dictis

194 1749 370 1824 indicasset,
405 1767 439 1812 se
456 1749 662 1829 ,splendorem
691 1767 779 1810 suum
811 1757 892 1810 extra
916 1769 949 1812 se
970 1749 1096 1824 babere,
1125 1751 1177 1812 sed
1198 1751 1299 1828 potius
1322 1751 1421 1818 lumen

195 1869 282 1914 suum
305 1852 336 1912 in
359 1851 518 1930 splendore
541 1869 610 1912 esse
633 1850 797 1912 ostendens
821 1867 954 1912 errorem
975 1849 1058 1912 illum
1073 1843 1242 1912 refellisset.
1275 1850 1336 1912 Nec
1351 1869 1421 1930 orgo

195 1953 305 2032 pariter
325 1953 402 2015 dicta
423 1951 471 2013 illa
493 1959 563 2014 sunt
585 1951 621 2012 ad
650 1949 864 2013 excludendum
894 1949 1015 2025 Filium,
1049 1969 1145 2031 neque
1176 1959 1301 2032 propter
1327 1951 1421 2026 illum,

197 2055 249 2117 sod
279 2055 315 2115 ad
344 2054 556 2116 confutandum
588 2052 784 2114 mendacium.
829 2051 905 2114 llinc
931 2051 1011 2114 Deus
1041 2051 1125 2114 initio
1152 2053 1254 2116 mundi
1276 2071 1421 2132 nusquam

195 2155 252 2218 illis
275 2165 321 2217 est
341 2174 415 2218 usus
436 2155 576 2227 vocibus,
606 2156 671 2216 cdm
693 2153 806 2215 Adamo
827 2153 1015 2232 loqueretur,
1044 2154 1177 2232 quemvis
1200 2152 1345 2227 Verbum,
1367 2173 1422 2232 per

190 2257 274 2336 'quod
298 2257 397 2318 omnia
420 2257 493 2318 iacta
516 2264 598 2328 sunt,
620 2273 686 2316 cum
709 2255 758 2316 illo
782 2262 874 2316 esset.
911 2254 972 2317 Neo
994 2255 1071 2316 enim
1094 2263 1156 2316 tum
1179 2253 1226 2315 bis
1248 2271 1326 2332 opus
1349 2263 1420 2328 erat,

195 2375 262 2418 cum
290 2357 424 2418 noudum
456 2355 536 2418 idola
568 2358 684 2418 luerunt
710 2357 838 2418 iuventa.
881 2354 990 2418 Postea
1018 2363 1115 2418 autem
1137 2373 1224 2434 quem
1246 2354 1420 2417 bominesa

194 2457 317 2519 veritate
345 2457 516 2520 deiecerunt
544 2457 660 2536 sibique
687 2456 761 2519 deos
782 2457 819 2519 ad
847 2457 1000 2520 arbitrium
1034 2457 1255 2530 confinxerunt,
1288 2463 1358 2518 tunc
1385 2457 1507 2525 adnuo.

196 2558 288 2620 salsos
312 2557 386 2620 deos
414 2558 653 2621 exterminandos
683 2559 772 2620 verba
794 2557 1000 2621 huiuscemodi
1021 2559 1105 2620 luere
1127 2559 1304 2620 necessaria.
1349 2557 1419 2618 liibi

194 2677 265 2721 vero
287 2657 373 2721 liceat
394 2659 482 2722 etiam
510 2661 634 2733 addere,
663 2659 711 2721 illa
740 2668 809 2722 ante
830 2659 1049 2722 baereticorum
1071 2660 1216 2722 insaniam
1240 2657 1316 2719 dicta
1341 2677 1419 2734 esse,

192 2767 228 2822 ut
248 2759 317 2822 iode
339 2761 523 2842 exploratum
544 2761 704 2835 habereut,
727 2779 811 2836 eum,
840 2779 926 2840 quem
949 2771 1030 2824 extra
1052 2761 1148 2824 Patris
1171 2769 1305 2822 naturam
1327 2760 1421 2821 Deum

195 2861 325 2940 fingunt,
359 2880 419 2924 nou
448 2881 515 2923 esse
544 2879 647 2924 rerum
677 2861 769 2925 Deum
797 2880 895 2942 nequo
923 2864 1016 2926 solius
1043 2863 1191 2942 primique
1211 2860 1369 2941 imaginem
1392 2867 1423 2922 et

197 2960 299 3022 lilium.

280 3264 311 3326 9.
357 3262 503 3336 Quocirca
524 3263 581 3326 etsi
604 3265 692 3328 Pater
714 3265 797 3328 solus
820 3283 908 3327 verus
936 3265 1016 3328 Deus
1044 3263 1166 3338 dicitur,
1196 3282 1256 3326 non
1285 3266 1419 3344 prolecto
1453 3275 1455 3280 ·

194 3364 302 3426 dicitur
323 3364 359 3425 ad
382 3363 596 3445 repudiandum
620 3385 698 3441 eum,
721 3367 772 3447 qui
795 3366 880 3428 dicit:
904 3367 965 3446 qu‘
988 3385 1055 3428 sum
1077 3371 1202 3433 veritos,
1226 3364 1277 3426 sed
1301 3365 1336 3426 ed
1354 3364 1420 3426 illos

193 3463 387 3540 reiioiendos,
417 3453 467 3546 qui
496 3471 601 3530 naturd
623 3469 684 3530 reri
706 3487 766 3529 nou
790 3474 878 3542 suut,
907 3467 1001 3546 qualis
1031 3469 1097 3548 ipse
1118 3476 1166 3529 est
1186 3466 1275 3528 Pater
1297 3466 1420 3546 eiusque

193 3567 331 3629 Verbum.
375 3565 425 3628 Sic
447 3566 525 3630 enim
548 3569 692 3632 [lominus
715 3570 781 3649 ipse
803 3568 902 3630 statim
931 3569 1099 3631 coniunxit:
1132 3569 1170 3633 m
1199 3587 1284 3650 quem
1310 3573 1423 3632 misisti

193 3667 294 3730 lesum
316 3667 480 3730 clariacum.
525 3669 583 3742 Qui
605 3670 631 3730 si
652 3689 702 3730 res
725 3677 807 3732 esset
827 3679 934 3745 creata,
956 3689 1017 3732 non
1040 3677 1119 3732 certe
1140 3669 1345 3734 ocuitmxisset
1365 3687 1421 3732 neo

165 3785 171 3793 ·
194 3787 227 3830 se
250 3785 316 3830 cum
339 3786 395 3830 suo
418 3777 553 3831 creatore
573 3779 770 3833 numerasset.
816 3771 899 3844 Quae
922 3771 1001 3833 enim
1023 3773 1150 3834 societas
1172 3789 1243 3832 vero
1268 3787 1333 3834 cum
1357 3790 1419 3833 non

226 3968 248 4002 e.
267 3953 363 4006 Gobler.
383 3963 408 4005 et
420 3955 524 4008 Velolm.
540 3956 561 4006 l.
578 3948 652 4022 ἔλεγε
668 3949 715 4004 καὶ
731 3949 782 4016 τὴν
828 3949 893 4009 θεὸς
911 3949 925 4004 ὅ
943 3949 1041 4023 πατήρ.
1078 3958 1105 4008 ln
1129 3957 1184 4008 aliis
1209 3965 1232 4008 et
1256 3957 1326 4008 editis
1350 3957 1419 4008 deest

192 4014 781 4084 Mfflufflmfflmmmlm&
829 4017 900 4077 Mn

192 4101 259 4146 goes.
278 4079 451 4139 ἂντοιαῦτα.
487 4091 780 4142 AliietcditioCommel.
863 4125 887 4173 h·
915 4125 955 4174 Sic
981 4125 1036 4189 Res·
1057 4128 1079 4177 ¹·
1107 4135 1131 4176 et
1153 4127 1253 4189 Suam
1289 4130 1317 4178 Μ
1336 4123 1375 4178 ᾗιῆ
1394 4137 1419 4177 α

192 4147 228 4204 ἂν
245 4169 280 4204 W
296 4154 420 4208 'milii‘-
831 4187 887 4241 editi
904 4187 986 4240 πάλιν
1003 4196 1122 4245 omittunt.
1157 4196 1231 4245 Vardo
1250 4205 1306 4260 post
1324 4197 1378 4256 lieg-
1394 4199 1416 4244 l.

192 4223 369 4358 cliiii&
394 4234 418 4277 ⁹²
440 4225 540 4289 ΜΝ
565 4217 642 4291 im
677 4226 739 4278 ΕΜ
758 4235 781 4277 ‘²²
832 4261 966 4337 quino.
985 4251 1056 4310 οὕτω
1073 4253 1249 4340 requetio
1271 4262 1416 4313 atriensem

225 4372 249 4419 8·
267 4361 306 4409 Sic
325 4359 382 4422 ilet-
395 4358 416 4409 l.
434 4361 534 4423 sessu.
554 4361 651 4413 Gobler.
662 4361 779 4412 otl'oloi·
832 4339 917 4381 “W
933 4322 987 4394 γὰρ
1005 4325 1051 4378 καὶ
1068 4323 1156 4384 αὔης·

191 4427 315 4476 mannil.
351 4433 378 4477 lt
401 4429 441 4476 olii
466 4437 490 4477 et
513 4429 569 4478 editi
596 4423 657 4477 orire
683 4423 713 4476 di
731 4425 780 4476 rori
865 4429 880 4477 i.
905 4431 960 4492 liog.
984 4431 1003 4481 l.
1023 4431 1121 4494 Segcer.
1148 4431 1244 4482 Gobler.
1270 4438 1293 4479 et
1311 4426 1416 4477 l’elrlm.

187 4481 286 4556 μόνον.
320 4493 374 4546 lior
392 4495 483 4558 Remi.
501 4497 631 4560 etSeqnsr.
651 4485 781 4556 ἀληθινὸς
832 4497 854 4548 l.
872 4487 897 4548 el
912 4492 1022 4565 κτίσμα.
1060 4489 1416 4560 ΕάἰιίοιεΙὶἰείδὲκιίσμα.
