3176 5058
497 311 641 354 snrsrorn
655 311 693 354 ns
708 311 873 356 ssorsnrrr
888 313 1030 358 morrsrr.
1315 303 1372 364 tet

152 463 335 544 gigneretur,
364 461 420 524 sed
442 460 498 522 init
519 460 673 540 aliquando
696 481 761 526 cum
784 482 844 526 oon
867 469 974 540 erat;“
1003 463 1146 544 dionysio
1175 474 1277 526 contm
1305 454 1461 528 honneur.

150 565 289 628 docente:
314 563 415 637 „iieus
437 571 535 624 autem
557 557 673 626 aeterna
695 565 745 627 lux
766 573 827 640 est,
855 583 930 645 quae
951 585 1100 646 nunquam
1122 565 1268 646 incoepit,
1298 585 1378 628 nun·

113 725 120 734 ,
151 686 265 747 „quarn
288 665 421 736 desinet;
444 670 582 726 aeternus
605 683 674 743 ergo
697 665 838 746 splendor
860 667 917 746 ipsi
940 667 1088 746 praelucet
1102 687 1136 729 ac
1156 667 1303 742 coexistit,
1327 667 1378 748 qui

151 768 292 848 „absque
315 764 400 828 initio
425 773 472 826 est
492 772 524 826 et
545 764 583 826 ab
603 773 722 828 aeterno
746 766 863 846 genitus
890 777 958 829 ante
984 787 1051 832 eum
1081 768 1235 832 emicat?“
1279 770 1376 832 Porro
1454 789 1458 796 ’

152 868 189 930 ad
211 868 333 930 aiteram
355 865 541 945 quorundam
562 866 776 946 suspicionem,
796 867 848 947 qui
863 867 959 928 aiunt:
982 887 1069 942 „cum
1084 869 1200 934 Patrem
1216 870 1287 934 dicit
1301 871 1376 934 Dio-

154 967 295 1046 „·nysius,
318 966 424 1028 Filium
446 985 508 1028 non
529 967 671 1042 nominet,
694 974 725 1030 et
745 967 808 1030 rice
830 985 927 1041 versa,
949 986 1014 1030 cnm
1030 969 1133 1032 Filium
1156 973 1235 1048 dicit,
1258 973 1375 1036 Patrem

155 1085 244 1142 „non
265 1077 427 1141 memoret,
449 1067 503 1131 sed
523 1067 642 1142 dividit,
671 1078 787 1130 amovet
815 1079 845 1130 et
865 1078 984 1149 seponat
1003 1069 1110 1132 Filium
1137 1089 1154 1132 a
1176 1072 1304 1148 Patre;“
1335 1075 1376 1138 ita

151 1170 316 1249 respondet
336 1168 494 1250 Dionysius
516 1169 714 1250 hominesque
734 1171 850 1252 pudore
873 1170 1018 1246 sniiundit
1039 1169 1216 1234 insecundo
1237 1173 1312 1236 iibro
1327 1176 1376 1238 his

151 1271 262 1334 verbis.
366 1341 371 1348 ,

240 1377 288 1436 17.
334 1371 476 1452 „Singula
503 1373 623 1434 nomina
650 1391 667 1434 a
694 1391 742 1434 me
770 1372 883 1454 prolata
913 1392 929 1434 a
958 1392 992 1434 se
1023 1373 1147 1436 invicem
1170 1392 1226 1436 nec
1247 1376 1378 1454 separari

152 1493 237 1552 „nec
258 1473 348 1536 dividi
370 1481 498 1552 queunt:
531 1473 648 1536 Patrem
670 1474 739 1546 dixi,
762 1483 792 1535 et
814 1475 985 1554 priusquam
1007 1474 1072 1536 Filii
1095 1475 1276 1537 mentionem
1297 1477 1377 1538 iace-

150 1595 254 1654 „rem,
275 1576 333 1636 iam
354 1573 434 1637 ilium
457 1575 487 1636 in
510 1573 597 1638 Patre
618 1575 829 1656 significaram:
853 1575 957 1636 Filium
980 1575 1108 1648 adiunxi,
1131 1595 1165 1637 ac
1187 1577 1303 1639 etiamsi
1316 1578 1375 1639 Pa-

149 1687 251 1754 „trem
273 1694 336 1738 non
357 1675 440 1756 prins
462 1677 677 1750 nominassem,
700 1677 726 1738 is
748 1684 845 1738 tamen
869 1676 899 1738 in
915 1675 980 1738 Filii
1001 1677 1121 1738 nomine
1142 1679 1460 1757 compreirensusrnas.

149 1781 287 1854 „namq
321 1776 464 1856 Spiritum
487 1787 621 1840 sanctum
645 1777 760 1850 addidi,
794 1777 848 1838 scd
877 1777 963 1840 simui
991 1785 1022 1839 et
1049 1779 1127 1840 unde
1160 1787 1190 1840 et
1209 1797 1265 1857 per
1286 1797 1374 1859 quem

152 1877 359 1960 „processerit
380 1879 507 1940 adiunxi.
553 1878 596 1940 iiii
619 1897 689 1939 vero
711 1879 858 1957 ignorant,
882 1897 977 1957 oeque
991 1879 1120 1954 Patrem,
1143 1897 1200 1959 qua
1215 1880 1302 1941 Peter
1318 1889 1375 1954 est,

153 1999 196 2053 „a
217 1978 292 2041 Filio
314 1977 433 2042 dienari
454 1999 555 2060 posse,
577 1999 644 2042 nam
668 1997 776 2042 nornen
798 1979 869 2041 iiind
892 1987 939 2040 est
961 1981 1045 2058 origo
1068 1981 1295 2054 coniunctionis,
1317 2001 1374 2044 ne-

153 2099 239 2160 ‚,que
264 2080 370 2142 Filiam
402 2081 527 2142 aPatre
555 2082 706 2160 seperari,
740 2099 866 2160 namque
893 2080 987 2142 Patris
1016 2081 1189 2144 vocabulum
1218 2101 1374 2144 commune

152 2182 328 2263 „quidpiam
351 2183 469 2245 indicat.
512 2183 547 2244 in
569 2183 705 2246 manibus
726 2191 824 2244 autem
847 2181 964 2244 iliorum
987 2191 1035 2242 est
1045 2182 1185 2261 Spiritus,
1208 2183 1256 2261 qni
1278 2201 1374 2262 neque

151 2284 352 2359 „amittente
380 2303 476 2362 neque
504 2303 521 2346 a
551 2285 664 2347 ferente
692 2284 822 2365 separari
851 2291 957 2362 potest.
1004 2283 1161 2356 Quomodo
1191 2282 1280 2361 igitur
1308 2303 1373 2362 ego,

46 2401 51 2408 ’
150 2387 229 2465 „qui
251 2385 358 2448 tatibus
381 2394 449 2446 ntor
469 2386 648 2458 nominibus,
671 2385 718 2446 iiia
741 2405 756 2446 a
779 2404 813 2446 se
834 2384 958 2446 invicem
982 2391 1116 2462 separata
1138 2394 1168 2444 et
1183 2384 1304 2444 omnino
1327 2383 1374 2444 di-

151 2486 241 2561 „risa
263 2484 477 2548 existimem?“
521 2487 559 2548 Et
579 2485 680 2566 paucis
703 2485 865 2548 interiectis
888 2487 961 2548 hoec
975 2484 1071 2546 addit:
1094 2483 1166 2558 „Sic
1186 2485 1303 2564 quidem
1319 2503 1375 2546 nos

149 2707 252 2769 „quae
275 2687 409 2752 imminui
431 2691 542 2770 nequit,
566 2689 595 2752 in
618 2690 765 2752 Unitatem
788 2689 1022 2750 contrairimus.“

235 2792 285 2855 18.
330 2791 406 2852 Hinc
426 2799 614 2854 accosatores
637 2809 724 2861 suos,
754 2791 804 2870 qni
831 2809 897 2852 eom
920 2789 1137 2852 mentiebantur
1164 2790 1289 2862 dixisse,
1320 2789 1372 2850 Fi-

147 2891 221 2952 iiurn
241 2890 320 2952 inter
347 2909 396 2951 res
425 2893 516 2952 incus
540 2891 703 2968 computari
724 2899 754 2951 et
775 2908 958 2968 nequequam
980 2909 1050 2950 esse
1070 2891 1149 2952 Patri
1171 2889 1372 2952 consubstan-

150 2990 266 3060 tialem,
296 2988 404 3050 iterum
419 2989 451 3048 in
472 2989 570 3068 primo
591 2988 668 3048 libro
689 2989 821 3066 coarguit
841 2990 888 3050 his
910 2988 1025 3050 verbis:
1055 2989 1229 3060 „Caeterum
1252 2989 1301 3051 ubi
1324 3007 1375 3049 res

151 3090 272 3164 „tanus
296 3096 326 3148 et
348 3087 464 3168 opificia
485 3073 629 3167 quaedam
643 3087 857 3150 considerando
872 3088 942 3161 diri,
965 3105 1068 3148 eorum
1084 3087 1215 3166 exempla
1230 3096 1263 3148 nt
1277 3088 1374 3150 minus

151 3189 262 3266 „utilia
284 3189 398 3251 cursim·
419 3189 539 3270 protuli,
562 3207 627 3252 cum
650 3189 726 3251 diri:
748 3207 845 3267 neque
864 3187 962 3267 planta
983 3187 1061 3249 idem
1084 3188 1222 3267 estquod
1237 3187 1374 3267 agricola,

149 3297 273 3372 „neque
296 3290 405 3372 scapha
427 3290 506 3354 idem
529 3291 607 3370 quod
622 3290 738 3353 navium
753 3289 849 3352 inber:
872 3288 979 3352 deinde
994 3288 1024 3350 in
1040 3288 1179 3368 congruis
1202 3297 1233 3350 et
1253 3295 1374 3352 naturae

150 3395 222 3466 „rei
244 3391 561 3456 accommodatioribus
589 3393 683 3472 magis
712 3409 780 3454 snm
807 3392 981 3454 immoratus
1008 3408 1042 3452 ac
1062 3390 1198 3470 pluribus
1220 3409 1269 3466 ea,
1298 3409 1373 3470 quae

153 3495 313 3568 „certioris
336 3495 404 3557 tidei
425 3503 527 3568 erant,
555 3494 696 3574 exposui,
727 3493 814 3556 variis
836 3492 1008 3573 excogitatis
1031 3491 1189 3572 exemplis,
1220 3513 1295 3574 quae
1317 3493 1370 3557 tibi

153 3645 178 3696 in
203 3644 272 3694 editis
296 3645 461 3708 desiderator,
488 3649 510 3698 in
535 3649 648 3698 omnibus
674 3663 732 3697 mss.
784 3648 890 3697 Coihert.
910 3647 955 3696 ies.
974 3645 1011 3696 i'r.
1032 3647 1049 3696 Ι.
1069 3639 1288 3713 αἰτιασαμένων,
1309 3649 1365 3698 editi

152 3711 262 3770 debetur,
281 3720 304 3762 et
322 3729 334 3762 a
353 3729 379 3764 re
391 3716 426 3764 eri
445 3717 576 3780 interprete
595 3731 662 3766 rerer
681 3725 732 3765 est:
785 3707 965 3781 αἰτιωμένων.
1003 3715 1096 3765 ibidem
1121 3716 1178 3764 editi
1198 3717 1313 3766 mendose
1330 3711 1371 3766 λε·

152 3786 179 3830 ut
206 3779 264 3830 niirii
291 3781 391 3832 dubium
417 3783 463 3842 ait,
497 3797 550 3832 earn
581 3783 733 3850 Tppoqrnpiti
783 3775 908 3848 γόντων;
927 3783 971 3833 sed
990 3783 1045 3842 trag.
1065 3782 1163 3834 Taurin.
1182 3783 1368 3834 Coib.etBosii.

152 3847 240 3896 mendo
259 3850 373 3897 omissuro
393 3849 483 3909 tuisse,
502 3849 567 3914 quod
586 3851 644 3901 haec
662 3853 732 3900 rerba
785 3851 890 3900 secunda
911 3865 982 3900 mann
999 3844 1123 3913 λέγοντα.

150 3906 252 3982 τριάδα
271 3923 294 3964 et
310 3908 421 3981 μονάδα
444 3917 557 3966 similiter
582 3918 734 3968 desinerent:
819 3919 841 3967 t.
860 3909 923 3965 τινιὲ
947 3917 1016 3966 deest
1040 3923 1062 3966 in
1087 3917 1185 3966 Tnurio.
1204 3915 1273 3966 Coib.
1293 3915 1331 3965 Fr.
1350 3915 1369 3968 i.

150 3983 217 4048 qnod
235 3983 291 4032 item
310 3985 388 4046 potem
407 3993 444 4034 art
462 3997 489 4034 ex
509 3985 547 4042 iis,
565 3999 625 4048 qnae
644 3985 735 4034 habeo·
786 3993 810 4034 et
837 3985 861 4034 in
889 3985 935 4034 ter.
963 3984 1069 4034 secunda
1098 3997 1169 4034 menn
1195 3983 1299 4032 deietonr
1325 3992 1370 4034 est.

151 4059 192 4101 tor
221 4051 284 4100 inire
311 4065 375 4126 num.
397 4051 435 4102 te.
468 4052 575 4128 isidorus
601 4053 649 4102 Pet.
675 4053 691 4102 Ι.
710 4051 735 4100 ².
786 4051 839 4102 iios
858 4053 881 4102 in
900 4051 986 4101 iisdem
1005 4051 1056 4102 ric:
1080 4049 1138 4099 τῶν
1160 4043 1212 4116 μὲν
1235 4041 1371 4116 ἀχρειοτέ-

151 4118 355 4251 utrm:
370 4113 419 4239 :t
434 4111 736 4252 sterterent:
804 4109 1371 4254 t:pretermittitrtet:

150 4197 250 4302 :inice
271 4248 403 4318 συνάγειν
427 4243 585 4318 ὀρθότατόν
607 4247 666 4304 ἐστι
689 4247 735 4303 roi
785 4268 888 4319 quornm
908 4263 1046 4318 postremae
1064 4263 1120 4320 post
1138 4247 1169 4302 τὸ
1188 4245 1296 4319 σκάφαι
1305 4252 1371 4302 addit

149 4311 333 4379 ἀληθέστατα
343 4315 444 4386 δόγμα.
482 4321 508 4371 ld
520 4330 572 4372 ert:
589 4324 734 4387 ripensem
785 4317 922 4386 συγγενέα.

147 4391 174 4438 irr
190 4397 304 4439 ἰαιιιαιι
321 4389 464 4440 vTrirritotern
490 4391 588 4440 ditotcrr
617 4397 685 4454 utque
708 4393 734 4439 ir
819 4391 836 4439 i.
855 4390 898 4439 iiic
915 4389 1039 4454 quidpiam
1057 4390 1174 4440 omissum
1198 4387 1297 4437 ridetur.

146 4471 218 4506 sacra
240 4459 365 4511 serentium
387 4458 497 4521 roitiqere
528 4459 680 4508 rectissimum
706 4472 734 4508 er
820 4471 850 4506 m.
866 4457 915 4506 sie
939 4457 995 4519 iieq.
1015 4457 1084 4508 tort..
1104 4457 1150 4506 ies.
1175 4456 1213 4504 ir.
1231 4455 1248 4502 Ι.
1284 4451 1371 4502 Touri·

146 4526 291 4582 αιιιιιιαιιιιιι
309 4525 393 4589 drqaro
410 4533 453 4576 ert.
488 4523 540 4576 Mor
559 4525 615 4587 deq.
634 4525 733 4584 Tauria.
784 4525 868 4576 nausis
884 4538 941 4574 aero
960 4537 1014 4576 com
1033 4523 1104 4574 editis
1123 4512 1315 4586 προςιξιιιρών.
1344 4561 1350 4570 .
