3176 5058
188 326 195 338 ¹
256 301 297 369 68
654 314 680 358 ε.
696 313 850 360 mansu
865 313 1087 360 εκεειτεωεουι

169 469 337 554 καλωρα
357 467 474 550 ·λίγω,
505 461 834 552 συμιεφαλαιοῦσθαί
860 487 897 531 τε
923 459 981 528 καὶ
1001 462 1207 548 συνάγεσθαι
1228 463 1323 530 πᾶσα
1345 456 1486 552 όνάγκη.

254 574 459 654 Μαρκίωνος
484 562 546 684 γάρ
575 564 634 629 τοῦ
655 561 903 650 ματαιόφρονος
923 563 1082 650 δίδαγμα,
1113 563 1160 642 είς
1186 573 1277 650 τρεῖς
1298 559 1398 686 666³
1417 567 1487 653 τῆς

253 672 434 754 μοναρχίας
460 663 563 750 τομὴν
584 689 641 732 και
631 662 837 751 διαίρεσιν,
866 660 1077 750 παίδευμα
1058 688 1096 733 σν
1117 664 1322 752 διαβολικόν,
1345 659 1419 748 οόχὶ
1444 667 1486 734 δὲ

181 817 188 828 »
253 773 321 838 τῶν
351 765 454 847 όνιως
473 769 636 854 μαθητῶν
657 769 717 890 τοῦ
738 769 890 856 Χριστοῦ
912 765 1056 834 καττῶν
1077 761 1303 855 ἀρεσκομένων
1323 776 1396 846 τοῖς
1417 771 1485 834 τοῦ

256 873 406 960 σωτῆρος
424 865 629 955 μαθήμασιν.
675 855 768 935 οῦτοι
788 865 849 955 γάρ
871 865 991 954 τριάδα
1010 869 1073 953 μὲν
1086 872 1323 956 κηρυττομίνην
1337 862 1466 934 όπδ”
1419 893 1486 956 της

255 972 355 1051 θείας
375 973 503 1062 γραφῆς
524 972 641 1059 σαφῶς
655 969 862 1050 ἐπίστανται,
878 979 968 1055 τρεῖς
981 970 1019 1038 δὲ
1033 969 1136 1092 θεοός
1150 967 1225 1038 οότε
1239 967 1447 1037 παλαιόν’
1402 989 1487 1038 ουτε

256 1072 369 1160 καινὴν
392 1072 579 1161 διαθήκηνΙ
574 1071 805 1170 κηρόττουσαν.
851 1067 891 1138 οῦ
918 1067 1116 1155 μείονδ”’
1093 1099 1133 1140 αν
1154 1095 1207 1150 τις
1227 1077 1483 1159 καταμέμφοιτο

255 1171 311 1244 κοῦ
340 1173 417 1253 τοὺς
447 1180 578 1263 ποίημα
608 1173 666 1240 τὸν
694 1173 766 1241 υίόν
795 1166 881 1240 εἶναι
902 1172 1134 1256 1δοξάζοντας,
1157 1199 1213 1242 και
1204 1173 1400 1296 γεγονέναι
1420 1172 1484 1240 τὸν

171 1293 247 1342 ναι
240 1278 375 1366 κόριον,
399 1273 509 1363 ῶςπερ
533 1278 567 1345 6
587 1301 622 1344 τι
644 1273 749 1358 όντως
768 1279 951 1362 γενομένων
972 1276 1182 1360 νομίζοντας,
1204 1277 1271 1342 τῶν
1292 1279 1397 1343 θείων
1419 1275 1482 1340 λσ-

253 1388 332 1469 γίων
365 1385 515 1467 γέννησιν
544 1372 714 1500 αὐτῷτὴν
737 1372 964 1464 ἁρμόττουσαν
991 1381 1045 1445 καί
1069 1384 1264 1464 πρέπουσαν
1271 1425 1280 1458 ,
1312 1369 1380 1443 ἀλλ’
1406 1369 1483 1459 0616
1535 1417 1546 1426 -

252 1483 378 1551 πλάσιν
404 1481 480 1548 τινὰ
507 1479 565 1548 καὶ
590 1486 729 1566 ποίησιν
750 1477 1097 1566 προςμαρτυροόντων.
1140 1479 1334 1602 βλάςφημον
1355 1467 1414 1544 οῦν
1435 1472 1479 1544 οό

251 1586 291 1653 τὸ
312 1583 419 1668 τυχόν,
442 1588 597 1702 μέγιστον
619 1581 660 1665 μί
662 1607 679 1646 ν
702 1569 775 1659 οῦν,
796 1588 1029 1670 χειροποίητον
1050 1579 1176 1669 τρόπον
1197 1579 1274 1649 τινὰ
1294 1581 1399 1665 λέγειν
1420 1579 1481 1647 τόν
1519 1571 1525 1576 ’

251 1687 374 1771 κόρων.
420 1683 450 1751 εί
470 1680 532 1769 γὰρ
553 1687 683 1769 γέγονεν
705 1671 829 1762 υἱός,ς
809 1708 849 1770 ην
871 1677 927 1750 ότε
948 1678 1007 1750 οῦκ
1027 1671 1083 1772 ἦν·
1107 1677 1159 1751 ἀεὶ
1182 1671 1258 1750 66
1238 1707 1293 1768 ην,
1316 1680 1366 1749 ει
1384 1703 1422 1766 γε
1444 1680 1480 1748 δυ

252 1789 301 1874 τῷ
333 1791 439 1869 πατρί
470 1783 605 1864 ἐστιν’),
641 1779 686 1864 ῶς
713 1776 812 1863 αῦτός
838 1808 937 1872 φησι,
972 1783 1028 1852 καί
1050 1784 1080 1853 εί
1100 1783 1197 1871 λόγος
1218 1781 1274 1851 καὶ
1296 1789 1402 1871 σοφία
1421 1782 1481 1850 καὶ

254 1885 392 1970 δόναμις
414 1881 432 1952 6
453 1884 602 1971 χριστός·
624 1887 729 1952 ταῦτα
749 1883 810 1973 γὰρ
834 1879 919 1953 εἶναι
940 1885 1158 1973 τδνΧριστδν
1180 1886 1215 1954 αἱ
1235 1891 1333 1953 θείαι
1347 1886 1480 1972 λέγουσι

252 1993 394 2076 γραφαί,
429 1982 538 2073 ῶςπερ
572 1981 777 2054 ἐπίστασθε·
808 1987 913 2054 ταῦτα
947 1989 983 2056 δὲ
1011 1987 1165 2073 δυνάμεις
1193 1977 1292 2056 οῦσαι
1312 1989 1372 2054 τοῦ
1392 1991 1477 2056 θεοῦ

252 2089 475 2177 τυγχάνουσιν.
521 2088 551 2156 εἰ
571 2095 682 2157 τοίνυν
703 2094 832 2176 γέγονεν
855 2085 874 2156 6
896 2089 983 2172 υἱός,
1012 2080 1052 2177 ἦν
1074 2087 1130 2158 ὅτε
1151 2083 1209 2158 οῦκ
1229 2079 1269 2177 ἦν
1290 2093 1410 2170 ταῦτα,
1437 2079 1479 2177 ἦν

253 2189 319 2279 όρα
340 2189 462 2278 καιρός,
486 2187 542 2258 ὅτε
562 2189 664 2276 χωρίς
684 2190 810 2258 τούτων
831 2181 870 2278 ἦν
894 2188 912 2258 6
935 2191 1025 2273 θεός.
1071 2187 1289 2259 ἀτοπώτατον
1311 2193 1348 2259 δὲ
1368 2193 1477 2260 τοῦτο.

252 2291 308 2361 καί
335 2297 369 2360 τί
396 2286 437 2360 ῶν
464 2289 523 2360 ἐπὶ
550 2293 654 2360 πλέον
676 2291 756 2380 περὶ
777 2290 903 2360 τούτων
924 2291 1010 2378 πρός
1031 2289 1117 2377 ὑμᾶς
1138 2295 1363 2381 διαλεγοίμην,
1392 2291 1478 2380 πρὸς

252 2393 374 2482 ἄνδρας
395 2392 692 2484 πνευματοφόρους
713 2391 770 2460 καὶ
791 2396 910 2481 σαφῶς
932 2392 1172 2480 ἐπισταμένους
1186 2394 1246 2474 τὰς
1261 2390 1404 2474 ἀτοπίας
1417 2395 1476 2475 τὰς

252 2496 287 2564 ἐκ
308 2499 367 2562 τοῦ
389 2500 519 2581 ποίημα
541 2497 646 2579 λέγειν
667 2493 726 2560 τὸν
747 2493 820 2562 υίόν
842 2490 1110 2579 όνακυπτοόσας,·
1142 2491 1197 2575 αἷς
1209 2520 1270 2582 μοι
1283 2497 1418 2564 δοκοῦσι
1430 2496 1476 2586 μὴ

251 2599 507 2682 προςεσχηκίναι
528 2593 586 2659 τὸν
608 2596 685 2660 νοῦν
708 2594 741 2660 οί
762 2594 1032 2683 καθηγησάμενοι
1052 2600 1111 2684 τῆς
1132 2594 1229 2680 δόξης
1250 2596 1396 2685 ίταότης,
1419 2598 1478 2666 καὶ

253 2693 310 2762 διά
329 2697 428 2760 τοῦτο
451 2693 569 2782 κομιδῇ
591 2695 650 2760 τοῦ
672 2687 820 2782 ἀληθοῦς
843 2697 1111 2786 διημαρτηκέναι,
1144 2699 1262 2783 ίτίρως
1281 2693 1302 2786 6
1319 2697 1476 2783 βούλεται

251 2794 353 2882 ταύτῃ
385 2791 405 2883 ἡ
429 2799 519 2862 θεία
544 2793 600 2861 καί
629 2796 817 2884 προφητικὴ
843 2797 953 2886 γραφὴ
982 2798 1021 2866 τό
1048 2797 1160 2887 κόριος
1187 2800 1293 2870 ἔκτισί
1312 2823 1352 2884 με
1372 2793 1475 2887 άρχὴν

253 2891 340 2964 όδῶν
366 2889 496 2976 αὐτοῦ’)
526 2895 742 2982 ἐκδεξάμενοι.
788 2894 825 2965 οὗ
853 2906 914 2984 μία
942 2900 1004 2988 γὰρ
1031 2897 1132 2988 ἡτοῦ
1155 2900 1296 2982 ἔκτισεν,
1326 2896 1371 2980 ῶς
1392 2902 1473 2982 ῦστε,

251 3006 431 3122 σημασία·.
444 2999 551 3068 ἔκτισε
578 2997 640 3088 γάρ
669 3000 817 3069 ἐνταῦθα
845 2997 1022 3070 όκσυστόον
1045 2998 1119 3070 όντὶ
1140 3007 1198 3070 τοῦ
1221 3003 1383 3091 ίπίσιησε
1402 3013 1474 3082 τοῖς

248 3096 305 3168 ὑπ’
330 3096 431 3170 αὐτοῦ
451 3099 620 3188 γεγονόσιν
643 3101 759 3189 ἔργοις,
781 3103 932 3189 γεγονόσι
955 3105 992 3171 δὲ
1013 3099 1062 3172 δι’
1087 3100 1188 3172 αότοῦ
1209 3106 1268 3171 τοῦ
1291 3105 1381 3172 υίοῦ·
1404 3100 1471 3187 οόχί

250 3201 287 3268 δέ
306 3225 343 3289 γε
363 3201 403 3269 τό
426 3203 532 3271 όκτισε
559 3207 615 3271 νῦν
642 3199 794 3291 λέγοιτ’
801 3199 841 3270 ἂν
870 3203 927 3271 ἐπὶ
955 3207 1015 3271 τοῦ
1043 3205 1197 3312 ἐποίησε·
1231 3206 1384 3295 διαφέρει
1413 3205 1471 3292 γάρ

248 3305 307 3370 τοῦ
329 3307 470 3389 ποιῆσαι
491 3303 531 3370 τὸ
553 3311 672 3370 κτίσαι.
718 3300 776 3372 οῦκ
799 3295 958 3383 αῦτδς
919 3305 1016 3385 ουτός
1038 3331 1097 3375 σου
1119 3308 1230 3397 πατὴρ
1252 3307 1411 3395 δκτήσατό
1426 3331 1470 3388 σε,

248 3399 306 3469 καὶ
332 3403 469 3489 ἐποίησέ
498 3426 536 3470 σε
563 3407 618 3469 καί
648 3403 754 3470 ἕκτισέ
776 3406 862 3526 σε’ς)
894 3408 934 3492 τῇ
964 3405 998 3473 ἐν
1019 3412 1066 3534 τῶ
1090 3411 1326 3497 δευτερονομίῳ
1348 3408 1470 3497 μεγάλη

250 3496 318 3589 ῶδῇ
341 3497 505 3588 δΜωσῆς
526 3525 619 3592 φησι.
664 3503 750 3590 πρὸς
774 3502 831 3584 οὓς
851 3508 961 3573 καὶ”
928 3533 1021 3576 ειποι
1042 3508 1082 3578 ῶν
1103 3533 1170 3592 τις·
1194 3537 1221 3578 ω
1207 3501 1471 3634 ’φιφοκίνδωοι
1559 3569 1560 3586 ,

249 3600 442 3724 ἅνθρωποι,
466 3601 636 3692 ποίημα“
619 3629 637 3672 ο
659 3603 871 3691 πριυτότοκος
891 3609 1003 3734 πάσης
1022 3617 1177 3692 κτίσεως
1178 3623 1204 3696 )
1235 3607 1253 3678 6
1276 3613 1310 3681 ἐκ
1331 3611 1471 3699 γαστρός

247 3703 316 3790 πρὸ
344 3705 514 3794 ίωςφόρου
540 3711 755 3794 γεννηθείς),
784 3705 803 3774 6
832 3707 984 3779 εἰπών’
958 3737 1003 3792 ως
1025 3721 1147 3803 σοφία·
1175 3712 1243 3801 πρὸ
1272 3715 1309 3781 δὲ
1335 3712 1472 3780 πάντων

246 3809 374 3892 βουνῶν
401 3810 497 3930 γεννᾷ,
524 3809 610 3892 με“),·
642 3832 698 3874 και
688 3805 887 3896 πολλάχου
910 3813 946 3881 δὲ
967 3818 1033 3881 τῶν
1055 3821 1160 3883 θείων
1182 3817 1302 3902 λογίων
1323 3837 1470 3938 γεγεννη-

247 3913 342 3989 σθαι,
367 3901 435 3976 666³
460 3903 499 3976 06
521 3915 687 3995 γεγονέναι
708 3909 765 3977 τόν
787 3911 858 3980 υίόν
880 3911 1106 4001 λεγόμενον
1077 3913 1168 4003 εόροι
1187 3941 1240 3996 τις
1261 3913 1318 3996 όν,
1342 3910 1398 4036 ὕφ’
1422 3941 1467 3980 ων

246 4013 445 4101 καταφανῶς
475 4009 660 4097 όλίγγονται
686 4011 729 4080 τὰ
748 4014 874 4104 ’ψεύδη
896 4015 976 4102 περὶ
996 4019 1055 4106 τῆς
1075 4019 1134 4085 τοῦ
1156 4023 1268 4104 κυρίου
1290 4014 1469 4103 γεννήσεως

316 4275 338 4328 2)
358 4274 423 4324 ίουυ.
444 4273 483 4334 14,
505 4274 542 4323 11.
618 4273 650 4333 2)
661 4273 729 4328 Prov.
747 4273 772 4336 8,
790 4275 831 4326 22.
908 4273 934 4336 3)
951 4275 1047 4326 Denter.
1066 4273 1107 4338 32,
1125 4274 1149 4326 δ.
1226 4273 1252 4337 ί)
1271 4273 1365 4326 coloss.
1386 4273 1408 4333 2,
1428 4267 1469 4323 2ό.

245 4339 354 4404 66⁸6.
376 4311 661 4409 1101169.Lx16]‚3.
731 4341 945 4406 6)Pr0v.8‚25.

280 4490 301 4525 ι.
325 4477 381 4542 Res.
404 4471 509 4542 λέγων,
543 4485 569 4529 ut
593 4487 616 4530 ει
639 4479 697 4544 legit
719 4477 830 4530 λεαίνων.
915 4478 940 4528 b.
958 4478 1015 4541 θος.
1029 4471 1207 4536 δοξάσανταα.
1227 4478 1300 4528 ΒιείΙ.
1310 4469 1473 4534 δοξάζοντες

288 4541 351 4596 τΙ.δ
882 4552 906 4596 ει
923 4544 970 4596 ulia
988 4561 1058 4598 manu
1075 4562 1120 4614 γρ.
1140 4540 1318 4604 δόξασανεας.
