3176 5058
381 1099 1051 1222 smmmrmmsmmnm

491 1307 937 1424 ATHANASH

395 1463 720 1522 ancflturlscot’l
744 1463 1040 1520 ttuxntluntrtl

172 1591 237 1658 qood
255 1589 384 1655 Dionysius
404 1589 577 1642 Alexandrinos
594 1589 730 1656 Episcopus
748 1587 873 1640 rduersn'm
891 1588 1001 1640 Arianan
1020 1587 1139 1639 baeresim
1156 1589 1266 1650 senserit,

170 1685 197 1728 nt
221 1685 244 1729 st
266 1677 372 1728 stimans
389 1676 517 1740 synodus,
540 1681 563 1725 et
586 1676 651 1740 qood
671 1675 732 1726 lalso
751 1675 818 1725 illam
836 1675 916 1725 Ariani
940 1682 965 1724 nt
983 1673 1092 1725 doctrina
1106 1685 1188 1724 secum
1206 1687 1265 1726 con-

555 1761 697 1810 sentientem
715 1761 878 1812 criminentur.

197 2069 227 2130 l.
271 2066 345 2130 Sero
378 2063 550 2146 significasti
582 2076 643 2124 non
675 2062 715 2124 ita
736 2062 851 2144 pridem
880 2063 957 2143 apud
985 2081 1038 2154 vqs
1065 2064 1194 2127 habitam
1222 2073 1399 2128 conunrntt

108 2170 222 2234 Christi
252 2169 356 2232 hostes
388 2166 636 2249 disputationem
669 2164 778 2227 etenim
811 2171 966 2246 antequam
999 2174 1048 2227 tua
1076 2165 1105 2226 id
1126 2167 1198 2228 mibl
1219 2167 1325 2230 caritas

106 2273 264 2347 scriberet,
280 2271 440 2352 diligenter
453 2267 619 2332 sciscitatus
630 2267 704 2330 baec
721 2265 879 2330 didiceram
889 2267 1044 2348 libensque
1055 2268 1211 2331 admodum
1223 2267 1326 2333 audie-

105 2391 183 2438 ram.
219 2373 316 2436 'luam
339 2373 438 2452 itaque
458 2371 597 2452 pietatem
619 2385 809 2450 summopere
823 2369 955 2448 probavi,
976 2387 1050 2448 quae
1071 2369 1112 2430 ita
1126 2379 1205 2432 recte
1219 2373 1328 2434 sentiat

108 2477 149 2536 de
170 2474 271 2540 beatis,
291 2471 429 2534 Patribus
451 2471 578 2546 nostris,
613 2471 848 2551 clementiamque
869 2471 1043 2532 Arianomm
1066 2469 1152 2533 etiam
1173 2489 1253 2535 nnnc
1274 2489 1327 2536 ex-

111 2573 259 2658 ploratam
281 2573 382 2636 habui.
427 2573 499 2636 Cum
531 2574 610 2636 enim
637 2575 748 2636 nullom
771 2591 875 2635 eorum
897 2572 1012 2635 haeresi
1040 2581 1178 2655 suppetat
1198 2593 1326 2638 consen-

111 2679 231 2738 ta'neum
252 2683 471 2757 argumentum,
504 2676 583 2738 nulla
606 2675 734 2756 legitima
763 2693 798 2738 ex
821 2676 980 2756 Scripturis
1001 2676 1093 2738 sacris
1114 2686 1231 2758 accepta
1252 2695 1325 2760 prc-

111 2775 194 2838 batlu
204 2821 212 2848 ,
222 2776 441 2858 impudentibus
453 2777 493 2840 illi
505 2777 738 2840 cavillationibus
750 2775 1039 2857 sophismatibusquie
1058 2777 1169 2842 collidis
1183 2780 1325 2844 hedenus

113 2891 233 2954 semper
254 2888 322 2940 sunt
343 2880 411 2954 usi·‚
431 2897 511 2940 nnnc
532 2897 603 2940 vero
625 2899 661 2940 eo
685 2879 822 2942 audaciae
836 2890 1057 2959 processerunt,
1079 2891 1112 2942 ut
1127 2882 1212 2945 etiam
1224 2883 1325 2947 Patres

112 2975 345 3058 columniemur,v
363 2977 443 3056 qnod
464 2979 500 3038 ab
522 2995 624 3039 eorum
647 2979 823 3058 malignitate
846 2981 966 3042 minime
987 2982 1124 3056 alienum,
1146 2983 1217 3064 quin
1239 2983 1326 3048 etiam

109 3077 171 3159 ipsi
195 3078 319 3139 omnino
340 3078 495 3158 proprium
517 3085 574 3139 est.
603 3077 662 3152 Qui
684 3081 761 3146 enin
782 3083 928 3147 aduersus
949 3083 1109 3144 Dominum
1130 3095 1159 3147 et
1180 3085 1327 3148 adversus

112 3181 272 3246 Christum
293 3181 356 3243 eiua
377 3181 522 3243 meditari
540 3180 603 3242 ausi
633 3188 717 3254 sunt,
754 3184 821 3262 quid
848 3185 956 3247 mirum
985 3182 1010 3244 si
1038 3184 1140 3246 bertae
1167 3185 1327 3248 memoriae

54 3351 60 3366 ,
111 3283 207 3346 virum
230 3278 407 3363 Dionysium·
422 3281 600 3364 Episcopum
621 3283 847 3348 Alexandrinum
870 3293 902 3350 ut
923 3284 1053 3348 doctrina
1074 3303 1174 3348 secum
1196 3303 1408 3358 consen-rasa.

111 3387 234 3450 tientem
257 3383 471 3447 criminentur?
513 3385 608 3460 Quem
631 3387 708 3450 enim
729 3387 788 3468 ipsi
810 3389 845 3450 ad
867 3387 1151 3450 commendationem
1167 3409 1238 3452 suae
1252 3389 1325 3454 bae-

110 3505 215 3552 reseos
239 3485 371 3550 laudibus
388 3500 494 3550 ornare
509 3487 655 3564 videntur,
675 3507 850 3572 quamquam
865 3491 946 3554 illum
961 3491 1078 3554 beatum
1094 3492 1249 3573 appellant,
1264 3511 1326 3557 non

108 3589 166 3654 levi
189 3597 300 3660 tamen,
322 3589 376 3650 sed
397 3595 428 3651 et
450 3589 582 3653 omnium
604 3591 778 3671 pravissima
801 3592 944 3654 calumnia
966 3593 1115 3669 vellicant,
1137 3595 1214 3658 haud
1237 3614 1323 3661 secus

107 3709 194 3776 quam
215 3691 386 3774 praedones
407 3701 438 3754 et
458 3691 581 3782 infames
604 3693 722 3774 quidam
744 3693 890 3769 homines,
913 3695 1044 3775 quicum
1067 3696 1106 3757 ob
1121 3715 1173 3759 sua
1194 3697 1323 3760 facinora

103 3796 179 3860 mole
201 3793 344 3867 audiunt,
378 3793 454 3873 lrugi
476 3793 613 3858 homines
635 3797 738 3860 socios
760 3795 818 3858 sibi
840 3797 996 3873 simulant,
1030 3798 1100 3860 dum
1127 3797 1198 3861 laisa
1220 3815 1323 3863 eorum

100 3897 246 3982 probitati
270 3893 452 3958 adscribunt.
1031 3913 1036 3926 ·

53 4093 61 4100 '
132 4103 153 4139 c
177 4085 220 4138 Sic
239 4082 412 4144 laurinensis,
430 4083 592 4144 colbertinus,
611 4084 692 4136 lenuit.
744 4077 861 4136 duim:
877 4075 990 4150 εὔλογον
1012 4077 1130 4151 ἔχουσαν
1145 4079 1250 4136 ἑαυτῶν
1273 4082 1325 4151 τὴν

100 4165 123 4207 et
139 4151 301 4206 lelclmaoni
331 4151 371 4216 qui
391 4159 486 4202 notator
513 4153 550 4201 Fr.
569 4153 588 4202 l.
611 4162 635 4202 et
661 4155 691 4204 ita
744 4095 850 4220 αἳρεσιν
866 4145 1022 4218 προφάσεις
1039 4145 1186 4204 ἐπινοοῦσι.

100 4225 157 4286 lepit
174 4223 296 4274 litorius.
334 4219 383 4268 Sed
403 4219 691 4280 septemtionalem
777 4223 800 4270 d.
819 4217 867 4276 τῆς
880 4211 1074 4290 Ἀλεξανδρείας
1097 4223 1193 4275 Taurin.
1217 4225 1324 4276 Colbert.

101 4295 214 4346 omnibus
233 4290 307 4340 editis
326 4283 376 4346 τῆς
394 4280 557 4351 διαιρέσεως.
585 4289 692 4339 Praestat
743 4289 823 4339 lesuit.
843 4287 959 4351 llorlleg.
979 4291 1075 4342 l'anrin.
1093 4292 1198 4344 Colbert.
1216 4301 1241 4344 at
1259 4295 1322 4344 tel.

100 4365 169 4428 prior
186 4361 277 4422 lectio;
298 4355 365 4423 quod
376 4356 568 4405 srrrderoroctsm
581 4371 607 4405 er
618 4357 691 4407 simili
743 4347 878 4423 ὁμόδοξον
895 4351 1006 4407 ἑαυτῶν.
1044 4361 1090 4411 Sed
1110 4359 1181 4410 besil.
1199 4377 1251 4412 eum
1270 4363 1321 4412 edi-

99 4433 227 4489 sententis‚
242 4443 306 4492 quae
320 4428 345 4476 in
356 4424 482 4487 superiore
492 4425 594 4502 epistpla
606 4419 641 4490 [p.
653 4425 690 4476 18.
740 4425 771 4475 tis
789 4427 900 4478 omnibus
918 4419 1052 4493 ὁμόδοξον
1069 4418 1168 4476 αὐτῶν.

100 4497 170 4550 lunius
188 4493 242 4562 ed]
271 4493 363 4559 legitur
386 4505 451 4542 num.
469 4491 508 4542 2:
533 4485 612 4540 ουδὲν
634 4485 689 4559 γὰρ
775 4508 796 4542 ο,
814 4495 854 4543 Sic
873 4493 926 4556 lleg.
946 4493 1050 4546 louein
1061 4495 1167 4546 colbert.
1185 4503 1208 4545 st
1225 4493 1271 4546 lca.
1294 4493 1323 4546 dt

741 4561 798 4614 editi
816 4561 1031 4630 συναριθμοῑοιν.
