3212 5060
254 235 317 300 522
654 249 680 292 s.
695 220 853 292 ετεεειειύ
862 247 1083 301 montensem

167 417 243 464 νοτε.
254 393 492 486 ἀπατηθέντας
512 391 590 488 παρ’
614 391 730 477 αῦτιόν,
752 397 836 484 μηδί
857 397 1039 482 λεγέτωσαν
1059 391 1102 464 τὰ
1123 398 1190 462 τῶν
1208 388 1383 464 Ἰουδαίων.
1421 397 1474 466 δί-

253 521 348 570 καιον
375 498 437 586 γὰρ
460 488 506 566 νῦν
527 497 570 566 τά
593 493 740 584 όνόματα
760 501 1015 584 παραιτοῦνται,
1044 494 1170 564 τούτων
1193 490 1474 586 ἀποστρέφεσθαι

168 611 170 622 ⁴
252 604 306 671 καί
328 599 367 667 τό
390 598 552 688 φρόνημα.
590 599 791 688 Χριστιανοὶ
811 599 890 686 Ιγάρ
912 598 1019 683 ἐσμεν,
1042 586 1257 684 αἶἈρενανοί,
1272 605 1474 686 Χριστιανοὶ

252 703 349 788 ἐσμεν
377 695 486 788 ἡμεῖς,
515 699 608 790 ἡμῶν
635 727 672 771 τε
700 702 788 769 ἰ’διον
813 701 922 780 καλῶς
949 699 992 766 τὰ
1013 693 1183 786 εῦαγγίλια
1203 709 1292 768 νοεῖν
1312 699 1472 788 περὶτοῦ

72 841 76 852 =
183 827 187 834 ·
252 806 413 890 σωτῆρας,
442 806 496 870 καί
525 803 607 890 μήτε
633 801 717 887 μετὰ
734 797 898 870 Ἰουδαίων
921 801 1070 884 λιθάζειν
1093 796 1208 884 αῦτόν,
1236 800 1292 870 ἐὰν
1313 803 1473 890 περὶτῆς

251 904 413 992 θεότητος
443 903 500 972 καὶ
531 908 589 990 τῆς
619 900 807 992 ἀιδιότητος
833 900 1001 988 ἀκούωμεν
1028 898 1128 970 αὐτοῦ
1135 953 1145 984 ,
1177 902 1260 992 μήτε
1279 889 1356 989 μεθ’
1380 900 1473 988 ὑμῶν

251 1005 531 1088 σκανδαλίζεσθαι
560 1001 610 1093 ἐφ’
635 1001 686 1085 οἷς
707 1000 766 1074 ban
794 1001 839 1085 τός
868 1003 1051 1090 ἄνθρωπος
1079 1001 1163 1090 ύπλρ
1184 1000 1277 1094 ἡμῶν
1298 1018 1471 1088 ταπεινοῖς

252 1113 435 1194 φθέγγοιτο
456 1107 607 1196 ῥήμασιν.
652 1107 680 1176 εί
701 1110 819 1176 θέλετε
838 1111 916 1194 γοῦν
937 1109 992 1174 καί
1013 1103 1107 1190 ύμεῖς
1127 1112 1285 1192 γενέσθαι
1306 1115 1472 1194 Χριστια-

250 1215 312 1289 νοί,
337 1204 518 1278 ἀπόθεσθε
539 1208 598 1296 τὴν
616 1205 747 1295 Ἀρείου
767 1215 897 1295 μανίαν,
920 1208 978 1296 τήν
999 1235 1036 1277 τε
1057 1203 1157 1295 ἀκοὴν
1179 1205 1269 1292 ύμιῦν
1283 1207 1342 1294 τὴν
1356 1210 1470 1296 ῥυπω-

250 1315 373 1378 θεῖσαν
402 1305 471 1378 ἀπὸ
500 1314 567 1379 τῶν
583 1310 789 1401 .βλαςφὴμιυν
810 1309 964 1398 ῥημάτων
986 1305 1209 1397 ἀπονίψασθε
1229 1320 1301 1388 τοῖς
1320 1314 1381 1401 τῆς
1403 1308 1464 1381 ‘213-

251 1417 382 1497 σοβείας
403 1411 522 1498 λόγοις,
545 1412 759 1499 γινώσκοντες
774 1408 819 1492 ὦς
833 1411 1018 1497 παυόμενοι
1031 1415 1090 1478 τοῦ
1106 1406 1192 1480 εἶναι
1201 1405 1369 1498 Ἀρειανοὶ
1384 1413 1472 1480 παύ-

251 1519 357 1582 σεσθε
377 1519 431 1580 καὶ
453 1517 512 1602 τῆς
533 1519 599 1582 τῶν
621 1519 678 1583 νῦν
698 1513 862 1584 Ἰουδαίων
882 1511 1137 1602 κενοφροσύνης,
1161 1507 1263 1593 εόθύς
1282 1537 1320 1582 τε
1342 1509 1387 1592 ὦς
1401 1509 1472 1582 ἀπὸ

251 1614 390 1696 σκότους
418 1611 437 1702 ἡ
467 1611 611 1704 ἀλήθεια
640 1613 717 1704 ύμῖν
738 1616 880 1702 λάμψει,
908 1614 964 1683 καὶ
986 1609 1094 1684 οῦνέτι
1113 1616 1174 1700 μὲν
1195 1611 1273 1702 ἡμῖν
1296 1610 1472 1684 όνειδίσετε

197 1790 200 1800 ,
251 1713 297 1798 ὡς
318 1715 377 1783 δύο
400 1712 494 1785 ἀΐδια
516 1719 675 1804 λεγουσιν,
699 1718 951 1805 ιιἐπιγνώσεσθε
973 1717 1008 1784 δὲ
1029 1716 1086 1784 καὶ
1106 1712 1208 1801 ύμεῖς,
1232 1713 1287 1784 ότι
1300 1711 1467 1803 τεάληθι-

251 1815 307 1896 νὸς
327 1816 384 1885 καὶ
406 1818 505 1906 φύσει
527 1819 599 1900 οίός
620 1819 692 1888 ἐστι
712 1822 771 1886 τοῦ
793 1821 877 1886 θεοῦ
900 1814 918 1884 ό
935 1817 1054 1904 κύριος,
1077 1820 1130 1886 καὶ
1146 1812 1205 1902 οόχ
1220 1814 1332 1896 ἀπλύς
1345 1811 1461 1898 ἀΐδιος,

251 1913 335 1986 ἀλλὰ
356 1924 395 2008 τῇ
417 1924 476 1988 τοῦ
498 1919 626 2007 πατρὸς
647 1917 829 2014 ’ἀίδιότητι
851 1917 958 1988 συνὼν
978 1919 1182 2006 γινώσκεταα
1220 1917 1358 2005 ἔστιγὰρ
1374 1919 1466 2005 λεγό-

249 2045 332 2104 μενα
361 2015 469 2104 ἀίδια,
500 2011 545 2089 ὦν
574 2017 673 2105 αὐτὸς
700 2021 896 2109 δημιουργός
923 2021 1028 2090 ἐστιν·
1062 2021 1096 2090 ἐν
1113 2021 1178 2109 ’γὰρ
1199 2025 1247 2108 τῷ
1268 2022 1325 2110 κγ’.
1346 2023 1467 2109 ψαλμῷ

250 2129 447 2208 γέγραπται·
481 2121 581 2211 ἀρατε
602 2125 711 2204 πύλας
732 2125 765 2192 οἱ
787 2122 940 2210 ἀρχοντες
961 2120 1067 2208 ὑμῶν,
1096 2126 1150 2190 καί
1174 2122 1346 2213 ἐπύρθητε
1367 2123 1466 2192 πύλαι

251 2225 382 2294 αίιόνιοι
392 2229 422 2306 ¹).
445 2227 560 2314 ’δῆλον
583 2226 620 2294 δέ
642 2226 740 2307 ἐστιν,
765 2221 818 2292 ότι
840 2221 880 2293 δι’
905 2219 1006 2292 αῦτοῦ
1028 2223 1084 2293 καὶ
1103 2229 1208 2292 ταῦτα
1222 2232 1368 2318 γέγονεν·
1393 2226 1421 2294 εί
1432 2226 1461 2292 δὲ

250 2329 392 2395 καὶτῶν
414 2327 558 2397 αἰωνίων
580 2321 679 2409 αῦτός
702 2328 773 2396 ἐστι
794 2326 1000 2416 δημιουργός,
1022 2333 1074 2406 τίς
1094 2322 1186 2414 ἡμῶν
1208 2327 1258 2396 ότι
1271 2323 1459 2411 λσιπὸνόμ-

252 2428 426 2516 φιβάλλειν
448 2430 638 2516 δυνήσεται,
669 2427 722 2496 ότι
748 2432 802 2497 καὶ
824 2429 950 2498 τούτων
971 2431 1037 2496 τῶν
1060 2424 1177 2496 ἀϊδίων
1196 2424 1363 2516 ἀνιύτερός
1386 2429 1464 2508 ίοτι;

250 2533 304 2596 καί
329 2525 367 2596 ού
389 2533 549 2598 τοσοῦτον
570 2531 629 2598 ιἐκ
650 2535 708 2598 τοῦ
731 2527 1053 2618 ἀϊδίουιγνωρίζεται
1072 2530 1200 2617 κύριος,
1224 2527 1304 2599 ῦσσν
1326 2527 1381 2598 ότι
1403 2529 1471 2608 υἱός

252 2629 324 2698 ἐστι
344 2634 403 2696 τοῦ
423 2634 526 2698 θεοῦ·
549 2630 622 2710 υίὸς
642 2631 703 2718 γὰρ
726 2627 772 2699 ὢν
794 2627 976 2721 ἀχώριστός
998 2633 1069 2701 ἐστι
1089 2635 1149 2700 τοῦ
1168 2631 1309 2717 πατρός,
1332 2634 1386 2696 καί
1410 2626 1470 2696 σύκ

251 2723 290 2817 ἦν
314 2727 369 2799 ὅτε
391 2727 449 2800 οῦκ
469 2722 517 2820 ἦν,
542 2727 611 2800 ἀλλ>
636 2729 688 2802 ἀεὶ
710 2723 758 2821 ἦν,
781 2736 835 2801 καί
859 2732 952 2802 είκὼν
974 2736 1028 2800 καὶ
1051 2730 1249 2821 ἀπαύγασμα
1263 2725 1308 2798 νῦν
1322 2733 1381 2796 τοῦ
1395 2755 1466 2796 πα-

166 2833 330 2919 ε.ετο.τρὸς
351 2835 438 2918 ιιἔχει
459 2838 512 2902 καί
534 2834 594 2924 τὴν
616 2831 788 2924 ἀίδιότητα
809 2839 867 2902 τοῦ
889 2834 1026 2923 πατρός.
1056 2831 1151 2915 ὅπως
1164 2836 1221 2922 μὲν
1235 2821 1291 2900 οῦν
1305 2825 1469 2919 ἠλέγχθη-

253 2959 314 3005 σαν
336 2941 442 3017 κακῶς
463 2940 615 3018 νοοῦντες
637 2936 658 3006 ἀ
679 2939 943 3026 προεφασίζσντσ
966 2935 1064 3025 ῥητά,
1093 2934 1230 3005 δυνατόν
1252 2959 1324 3014 πως
1346 2933 1380 3002 ἐκ
1400 2937 1470 3000 τῶν

253 3040 445 3128 ἔμπροσθεν
474 3033 514 3107 δι’
540 3035 658 3126 όλίγων
678 3041 862 3132 Ιεἰρημένων
888 3046 1112 3124 καταμαθεῖν·
1141 3034 1195 3105 ότι
1223 3038 1259 3105 δὲ
1286 3035 1342 3105 καὶ
1362 3035 1396 3104 ἐν
1419 3032 1474 3116 οἷς

252 3143 355 3212 πόλιν
377 3143 643 3230 προφασίζονται
664 3145 735 3210 ῑνῦν
757 3142 792 3210 ἐκ
815 3146 881 3210 τῶν
897 3135 1089 3228 εόαγγελίων
1110 3139 1324 3227 γνωρίζονται
1338 3136 1473 3223 σαθρὰν

254 3245 381 3328 ἔχοντες
402 3242 460 3332 τὴν
484 3243 649 3325 διάνοιαν,
673 3243 789 3330 ῥᾴδιόν
811 3244 883 3311 ἐστι
904 3243 1063 3323 συνιδεῖν,
1093 3240 1149 3310 όάν
1170 3241 1317 3326 μάλιστα
1338 3244 1391 3308 καί
1412 3245 1474 3308 νῦν

251 3342 309 3412 τὸν
338 3343 465 3410 σκοπόν
493 3347 551 3431 τῆς
578 3339 654 3412 καθ’
678 3341 764 3432 ἡμᾶς
790 3343 867 3424 τοὺς
888 3344 1112 3430 Χριστιανούς
1139 3350 1285 3421 πίστεως
1305 3343 1473 3428 λάβωμεν,
1559 3397 1560 3425 ,

251 3447 305 3509 καί
327 3444 433 3530 τούτῳ
457 3437 566 3532 ὥςπερ
588 3447 701 3514 κανόνι
718 3446 918 3536 χρησόμενοι
938 3450 1156 3530 προςίχωμεν,
1180 3441 1224 3524 ιύς
1239 3439 1332 3512 εἶπεν
1347 3439 1365 3510 ό
1381 3439 1475 3510 ἀπό·
1547 3517 1559 3537 Η

252 3545 385 3626 στολσς,
409 3549 448 3633 τῇ
472 3541 680 3634 ἀναγνώσειῇ
702 3553 760 3638 τῆς
780 3545 1008 3616 θεοπνεύστσυ
1029 3551 1165 3636 γραφῆς.
1203 3547 1236 3612 σί
1256 3544 1317 3631 γὰρ
1337 3567 1475 3631 χριστο-

250 3645 351 3730 μάχσι
379 3650 496 3714 τοῦτον
527 3642 743 3738 ἀγνοήσαντες
771 3645 1007 3736 ἐπλανήθησαν
1036 3641 1106 3716 ἀπὸ
1127 3651 1186 3738 τῆς
1208 3643 1288 3714 ύδσῦ
1309 3649 1368 3734 τῆς
1390 3639 1475 3734 ἀλη-
1506 3736 1509 3752 Ι

287 3816 684 3888 -1)1‘s21.24[23.11xx.],7.
755 3819 821 3880 w.
838 3821 899 3872 Tim.
917 3823 942 3882 4,
962 3821 1003 3873 13.
1101 3879 1105 3888 .
1182 3885 1184 3898 Ι
1512 3832 1556 3875 ’.λ

283 3953 304 3987 ι.
329 3939 369 3987 Sic
393 3940 448 4001 [λος.
472 3939 495 3989 2.
521 3950 545 3991 ει
567 3942 665 4012 θεραεε.
700 3943 728 3990 At
751 3938 791 3989 ulii
809 3948 834 3990 ει
884 3933 970 3989 δαίων
996 3931 1214 4008 κενεοφροσύνης.
1261 3938 1339 3990 ceteri
1365 3939 1473 4013 ot'editi
1554 3919 1555 3989 λ

173 4057 177 4069 ,
249 4006 306 4055 edili
329 4001 383 4071 γάρ
408 4011 528 4058 omittunt.
564 4011 637 4059 Ρεοίο
662 4015 717 4072 post
734 4009 789 4070 Ιίερ.
810 4012 832 4056 1.
883 4007 939 4058 τεόν
954 4001 1094 4058 Ἰουδαίων
1111 4007 1167 4058 τιῦν
1184 4006 1235 4056 νῦν
1250 4015 1477 4086 κατοφροσυνης.

249 4082 272 4124 ει
290 4076 389 4136 θεςυετ.
406 4069 453 4123 καὶ
467 4069 537 4143 μήτε
553 4067 623 4142 μετά
640 4083 685 4124 etc.
714 4075 792 4125 Ceteri
810 4083 834 4126 τί
917 4077 940 4127 δ.
959 4079 1015 4140 θος.
1030 4079 1051 4128 ῖ.
1069 4086 1092 4128 εί
1109 4078 1208 4140 θεραει.
1227 4067 1412 4140 ἔιιιγνωσεσθὲ
1432 4087 1471 4124 τε.
1552 4115 1553 4118 ,

249 4141 306 4192 editi
323 4136 369 4190 καί
384 4137 422 4210 μὴ
440 4137 510 4211 μεοά
528 4152 573 4194 εει.
884 4146 981 4198 Gobler.
1000 4153 1024 4195 εί
1041 4145 1146 4196 Felckm.
1159 4146 1182 4194 ¹.
1200 4135 1416 4208 λπιγινιύσκεσθὲ
1433 4155 1472 4200 τε.

283 4210 307 4260 b.
325 4211 364 4261 Sic
382 4221 481 4278 αιετηυε
499 4213 555 4274 Res.
573 4219 597 4260 ει
614 4209 713 4272 θεςαεε.
746 4214 774 4261 Δί
792 4212 832 4262 alii
917 4229 939 4262 ε.
963 4213 1102 4264 ῦοόῖετίιε.
1127 4221 1151 4263 ει
1175 4212 1323 4290 ῖεΙογοεψ
1343 4199 1470 4268 ἰδιότητι,

249 4286 273 4328 ει
290 4279 346 4330 editi
364 4271 399 4328 ἀν
415 4282 535 4331 omittunt.
884 4279 961 4330 Ceteri
973 4290 997 4330 ει
1007 4281 1079 4330 editio
1090 4281 1207 4330 Commel.
1223 4271 1367 4338 αῒδιοτητι.
1395 4277 1470 4327 ΡευΙο

285 4363 305 4396 c.
332 4349 374 4399 Sic
401 4363 457 4398 ατε
486 4354 557 4422 ειηυη
583 4345 614 4393 iu
642 4343 699 4407 legit
717 4346 831 4398 Nunnius.
882 4355 938 4410 post
957 4348 1010 4409 Res.
1033 4348 1053 4398 l.
1071 4356 1095 4398 ει
1111 4351 1212 4410 δεροεε.
1235 4337 1317 4400 αύτός
1340 4339 1471 4410 δημιουρ·

249 4415 326 4466 Editio
336 4416 452 4468 Commel.
465 4404 596 4476 ἀσεβείας,
611 4415 733 4464 mendose.
758 4416 831 4483 ΡιοΙο
880 4407 930 4478 γόε
947 4407 1034 4463 ἐστιν·
1058 4408 1088 4464 ἐν
1104 4409 1159 4482 γάρ
1177 4413 1216 4480 τηῖ
1233 4408 1283 4478 κγ’.
1307 4407 1470 4490 ψαλμοῦγέ-
1549 4465 1550 4468 ,

248 4497 305 4547 μου
322 4485 378 4548 Reg.
399 4485 420 4532 l.
438 4481 613 4550 ειδεςαετῖιο.
633 4480 688 4531 ταῖν
703 4481 754 4532 νῦν
767 4475 832 4533 'Iov-
880 4495 1010 4550 γραπται.
1045 4484 1142 4536 Gohler.
1166 4493 1191 4534 ει
1214 4481 1318 4534 Felckm.
1339 4482 1361 4532 l.
1386 4473 1470 4534 αυτόε
