3102 5042
329 999 1086 1112 mncmrammsmmrm

483 1194 934 1314 ATHANASH

383 1353 709 1407 nuculupiscorr
728 1356 1029 1410 ALEXANDRIAE

249 1473 1158 1542 boisrobabosuuarronubi

515 1611 713 1662 ruuorrsuuu
732 1613 902 1664 srrscoeuu

435 1737 517 1778 canica
537 1729 593 1779 ilios
612 1731 652 1794 qui
670 1731 840 1794 blasphemant
857 1739 881 1781 eb
898 1731 980 1782 dicuni

448 1814 563 1877 Spiritum
578 1823 757 1868 macerarem
776 1825 880 1866 creatam
899 1831 962 1867 esso.

544 2006 859 2026 q—u—u———m—

175 2207 204 2266 1.
249 2202 377 2263 Litteras
401 2219 502 2262 sacrae
532 2208 598 2262 tuae
621 2201 752 2264 carinatis
772 2202 802 2262 ia
826 2220 926 2262 eremo
949 2203 1059 2282 accepi.
1102 2201 1175 2264 Nam
1198 2202 1399 2264 tametsirsrr.

86 2305 195 2369 acerba
219 2305 374 2365 adversum
396 2322 452 2364 uos
476 2303 644 2382 persecuiio
667 2302 814 2376 uastabat,
839 2309 868 2362 et
889 2302 979 2364 muita
1001 2303 1176 2382 perquisitis
1199 2320 1331 2378 eorum,

86 2410 141 2488 qui
163 2424 268 2467 necem
291 2404 377 2467 nobis
399 2404 613 2478 moliebamur,
641 2413 739 2466 ismeu
760 2403 853 2466 Potor
882 2405 1163 2468 misericordiarum
1185 2417 1213 2467 er
1232 2407 1316 2470 Deus

89 2513 187 2574 torius
216 2507 432 2572 consolationis
462 2498 527 2569 tuis
550 2526 605 2569 nos
633 2506 740 2568 iitreris
770 2514 817 2568 est
845 2507 1025 2568 consolatus.
1070 2505 1150 2568 Tuae
1176 2506 1255 2568 euim
1288 2515 1318 2568 et

89 2610 226 2674 emnium
250 2609 365 2671 sineere
386 2611 549 2672 amicorum
572 2608 793 2672 benevolentiae
816 2608 989 2670 recordatus
1019 2608 1086 2670 iilos
1110 2615 1179 2669 tunc
1199 2625 1315 2670 meeum

86 2719 265 2794 praesentes
288 2713 388 2774 ridere
409 2713 483 2774 mibi
503 2711 633 2774 ridebat.
676 2711 778 2790 ltaque
802 2711 929 2790 acceptis
952 2710 1011 2772 tuis
1033 2710 1140 2772 litteris
1162 2709 1246 2772 valde
1260 2727 1313 2789 ga-

88 2815 176 2876 visus
194 2833 276 2888 sum,
306 2815 361 2875 sed
381 2813 499 2876 vixdum
523 2813 587 2875 ibas
610 2813 808 2894 perlegeram,
833 2831 898 2874 eum
920 2831 1023 2874 rursus
1044 2811 1234 2876 vehementer
1256 2811 1313 2872 do-

90 2916 155 2976 lere
176 2915 308 2994 incoepi,
343 2935 447 2977 eorum
469 2915 630 2995 pervicacia
660 2923 775 2988 motus,
804 2914 854 2993 qui
884 2923 985 2976 contra
1007 2914 1160 2976 veritatem
1181 2932 1314 2993 pugnare

94 3015 187 3075 semei
215 3016 399 3078 inanimum
429 3017 614 3079 induxerunt.
666 3015 817 3096 Siquidem
848 3023 908 3078 tute
936 3017 1017 3095 ipse,
1052 3015 1158 3078 dilecte
1185 3034 1397 3096 verequerms.

94 3107 295 3196 spississima,
319 3138 379 3180 non
403 3121 469 3181 sine
490 3120 593 3180 dolere
614 3118 685 3179 mihi
708 3118 896 3196 significasti,
918 3117 1063 3194 quosdam
1086 3117 1204 3198 impiam
1226 3117 1311 3180 Aria-

88 3238 200 3281 nerom
221 3220 252 3281 in
274 3221 328 3282 Dei
349 3221 454 3283 Filium
478 3221 615 3284 haeresin
639 3221 819 3282 detesbantes
837 3219 878 3281 ‘ab
902 3219 959 3280 iilis
983 3218 1099 3298 quidem
1122 3219 1311 3293 discessisse,

83 3375 206 3440 praefixus
231 3375 315 3436 lepidus
339 3391 367 3424 oe
391 3391 432 3424 suo
465 3379 555 3426 cerebro
586 3375 678 3424 lirnium
729 3373 829 3423 mirorur
845 3375 948 3422 seruasse
968 3374 1085 3436 quispiam
1105 3373 1194 3422 auiiara
1211 3374 1234 3422 in
1246 3374 1311 3422 bisce

85 3443 381 3506 eccudirorproeposuir.
441 3499 442 3502 Ἴ
595 3445 600 3456 “
729 3441 1079 3504 disprnalionibusMacedonii
1103 3442 1310 3490 mentionemoc-

121 3511 145 3558 b.
168 3509 499 3559 emiseniearoinouob.
520 3500 675 3558 cadurcino·
728 3525 832 3558 currere.
869 3509 952 3558 Verum
978 3517 1002 3557 ub
1025 3509 1079 3572 quid
1100 3509 1309 3558 haedersscn-

84 3568 217 3634 odanam
233 3589 290 3641 μοι.
328 3577 418 3626 ibidem
439 3586 538 3640 uterque
559 3579 612 3639 ch.
631 3571 676 3624 καὶ
728 3586 783 3625 trem
803 3577 885 3640 paneis
904 3577 1017 3633 efferam,
1037 3590 1084 3624 non
1103 3577 1195 3626 ridetur
1213 3577 1242 3626 de
1261 3577 1311 3626 bia·

84 3639 110 3694 si
128 3645 184 3691 καί.
226 3645 304 3692 Cereri
330 3653 353 3694 et
380 3646 435 3693 odili
460 3639 505 3692 καὶ
528 3637 552 3693 εἰ
576 3655 674 3694 ranoirm.
727 3649 827 3694 eodonis
852 3645 890 3694 bie
913 3646 957 3704 agi.
995 3645 1086 3693 Etenim
1105 3644 1145 3692 iiie
1164 3645 1226 3693 iuter
1242 3643 1311 3693 bria·

86 3713 182 3764 ibidem
202 3711 315 3760 ottobon.
340 3704 355 3758 ὃ
377 3703 438 3759 καθ’
459 3705 529 3778 ἡμᾶς
547 3706 673 3777 διωγμός.
727 3728 811 3762 norom
831 3712 992 3776 primipilarius
1011 3713 1220 3770 annumeremini,
1239 3720 1311 3775 arque

86 3777 166 3830 Paulo
186 3789 241 3838 poso
260 3781 414 3843 manuscripti
434 3795 517 3828 omnes
536 3772 675 3830 nosrndrn'
729 3789 753 3830 ut
780 3782 870 3830 viderur
888 3780 972 3828 Filium
997 3793 1094 3842 semper
1118 3794 1163 3842 pro
1187 3787 1312 3830 recreata

85 3839 216 3909 ὁπατῆρ
236 3845 292 3893 τῶν
310 3839 458 3915 οἰκτιρμῶν
477 3857 513 3896 ere
547 3849 676 3898 biannscrr.
729 3849 818 3898 babuit.
854 3848 941 3897 Contra
960 3863 1015 3896 roro
1036 3848 1089 3906 isli,
1109 3857 1312 3911 quesoppugaas

84 3931 146 3966 vero
167 3915 318 3964 Feicirmanai
338 3908 386 3962 ἀλλ
413 3907 427 3962 ὁ
451 3909 541 3979 πατὴρ
563 3915 611 3974 τῆς
627 3929 677 3962 aa·
727 3916 879 3972 Athanasius,
897 3917 996 3964 Arianos
1015 3916 1110 3978 quidem
1131 3916 1310 3978 impugnabant,

83 3975 244 4048 paxdp'scors
262 3985 359 4032 omissis
378 3985 535 4033 intermediis.
572 3979 679 4032 Moirai
727 3998 807 4033 rarum
826 3997 908 4031 sarram
927 3983 1025 4032 deb'iiio
1044 3984 1175 4034 doctrinam
1188 3984 1311 4036 vindicea-
1356 3997 1360 4006 ’

84 4061 144 4101 aare
171 4042 201 4097 ἐν
224 4049 282 4102 τοῖς
305 4052 373 4100 deese
391 4053 415 4101 in
435 4051 532 4102 Gobler.
551 4060 574 4100 et
590 4051 675 4104 Feick·
727 4059 763 4100 tes
787 4052 810 4100 iu
829 4051 942 4114 Spirilom
967 4059 1074 4100 sancium
1094 4051 1310 4113 debacchabantur,

85 4119 172 4168 manni
192 4117 214 4166 1.
727 4119 790 4167 unde
800 4119 980 4168 coniectandum
990 4119 1141 4183 relinquitur,
1160 4121 1309 4170 baaei'uou-

123 4203 144 4235 c.
164 4185 254 4248 bnqiic.
280 4178 308 4233 dar
332 4177 559 4251 zoir'Apsrowoir.
597 4185 674 4237 biaeo-
726 4187 930 4236 monomachorum
955 4187 1068 4236 feminam
1087 4189 1209 4252 disparem
1228 4205 1240 4237 a
1259 4189 1308 4236 bis-

83 4253 216 4322 deaianoc¹
232 4263 255 4302 er
282 4255 512 4304 Paeumalomaebos
536 4255 565 4304 ab
583 4255 674 4304 Arianis
726 4255 855 4304 codoniana
884 4269 952 4314 osso,
981 4256 1045 4318 qood
1064 4263 1143 4305 lamen
1169 4254 1306 4317 augurando

84 4331 170 4370 ortam
195 4322 291 4371 duxisse
316 4322 419 4384 volgaris
443 4331 467 4372 ei
490 4323 543 4373 irim
568 4324 673 4372 omnium
726 4323 825 4383 dieitur;
845 4337 898 4372 nam
917 4322 1074 4385 iuciiugsrum
1094 4323 1230 4374 huiusmodi
1240 4319 1306 4368 initia

10 4435 14 4442 ,
84 4390 207 4452 sepre'niia
232 4398 268 4438 esi
288 4390 499 4454 Macedoniamque
524 4405 577 4440 esse
596 4391 674 4439 i‘ueu-
725 4389 863 4441 obscuriera
891 4397 959 4450 sunl,
986 4407 1057 4454 quam
1082 4400 1108 4440 ιιι
1130 4391 1207 4452 possis
1229 4385 1305 4446 dmiis

85 4458 493 4520 monomachorumratesiqaauum.
513 4459 673 4518 Quamobrem
727 4465 790 4508 certa
809 4465 831 4508 et
849 4458 979 4509 indubitata
992 4460 1048 4510 ierri
1060 4455 1184 4508 sensenna.
1203 4453 1231 4502 Εῑ
1244 4453 1305 4503 alio-
