3176 5058
533 276 677 324 errsrona
692 279 731 324 nr
747 278 912 326 saurearra
926 280 1066 326 nronrsn.
1349 269 1408 336 133

182 429 381 494 stantialltatis
403 427 635 510 propugnandae
656 447 745 490 causa
767 430 900 504 tradidit,
928 431 1106 494 sententiam
1133 431 1221 506 item,
1255 451 1312 512 qua
1341 433 1496 498 dicitnaoa.

182 532 289 596 Filium
312 547 380 594 esse
402 549 438 592 ex
459 528 621 592 substantia
642 529 750 604 Patris,
773 549 909 594 necnon
931 533 1134 596 aeternitatem
1156 533 1232 608 eius,
1256 535 1411 613 cognatio-

182 651 253 696 nem
273 631 382 694 mentis
405 648 471 692 cum
494 629 602 702 aerbo,
630 630 721 694 tontis
750 651 816 694 euna
846 633 933 694 tlurio
962 644 991 696 et
1018 643 1133 708 cetera;
1165 644 1198 698 ut
1220 635 1265 698 rel
1288 655 1325 698 ex
1346 636 1414 716 ipsa

184 752 287 798 rerum
308 731 507 810 discrepantia
529 730 676 804 noverint,
699 733 848 810 pomerio
870 733 969 812 priora
991 736 1110 814 quidem
1131 736 1178 798 illa
1200 757 1254 818 per
1276 755 1410 800 oecono-

184 835 276 896 miam
299 832 416 904 dixerit,
437 831 510 892 baec
531 849 603 892 vero
625 838 658 890 ut
679 831 746 910 piae
768 832 836 894 lidei
857 833 987 911 postulat
1007 835 1094 896 ratio.
1126 838 1167 898 bo
1181 838 1320 918 deinceps
1335 839 1410 902 baec

187 933 362 1012 prolitentes
385 949 456 994 suas
478 931 525 994 bis
557 931 749 994 adversantes
771 931 932 996 sententias
954 934 1119 1012 repudient.
1162 937 1241 1010 Quid
1263 940 1342 1002 enim
1363 939 1411 1002 rel

187 1032 356 1112 proximum
378 1031 513 1094 babuerit
532 1031 594 1093 Arii
623 1031 795 1110 malignitati
824 1031 956 1112 llionpsii
983 1032 1081 1096 fides?
1124 1035 1228 1098 Nonne
1249 1038 1335 1100 brius
1357 1057 1409 1102 se-

187 1132 316 1196 eundum
337 1132 484 1211 cogitandi
507 1133 628 1196 modum
651 1133 790 1194 duntaxat
804 1132 933 1196 Verbum
955 1151 1022 1196 esse
1038 1133 1119 1208 dicit,
1141 1133 1296 1214 Dionysius
1313 1147 1411 1204 autem

185 1251 256 1296 rere
279 1243 309 1296 et
335 1241 439 1296 natura
462 1251 516 1296 sua
537 1231 664 1294 Verbum
686 1233 740 1294 [lei
763 1232 856 1299 esse?
901 1234 950 1296 llle
979 1234 1108 1296 Verbum
1136 1235 1216 1296 Patri
1243 1245 1413 1302 expansum

186 1435 308 1498 verbum
330 1454 347 1498 a
368 1443 467 1498 mente
489 1445 520 1498 et
541 1437 652 1498 tlumen
673 1454 688 1496 a
711 1437 803 1498 tonte.
847 1437 881 1500 si
902 1437 969 1516 quis
991 1437 1082 1516 igitur
1101 1437 1214 1517 poterit
1235 1435 1366 1500 dividere
1385 1447 1415 1502 et

184 1536 312 1598 alienare
334 1537 458 1600 verbum
479 1555 497 1598 a
520 1544 629 1609 mente,
652 1536 699 1598 vel
720 1537 841 1600 llurium
863 1556 880 1598 a
902 1539 985 1600 tonte
1008 1555 1148 1618 separare
1170 1545 1200 1600 et
1221 1537 1307 1616 quasi
1327 1553 1414 1600 mure

183 1647 335 1700 mouuctc
369 1638 525 1712 dirimere,
559 1638 605 1700 ael
635 1639 714 1700 ausit
744 1638 843 1702 dicere
876 1639 997 1702 fluvium
1014 1639 1161 1729 ,diversae
1189 1638 1414 1702 substantiaea

182 1739 275 1812 fonte,
298 1757 333 1800 ac
353 1738 500 1802 diversam
524 1738 560 1800 ab
584 1754 619 1799 eo
642 1757 747 1818 aquam
769 1749 1015 1814 commonstrare,
1037 1739 1083 1801 rel
1103 1739 1294 1818 splendorem
1315 1737 1413 1802 aluce

183 1839 336 1912 dirimere,
358 1847 388 1900 et
409 1839 556 1902 affirmare
578 1857 616 1902 ex
636 1839 731 1902 aliena
752 1839 914 1904 substantia
937 1859 1004 1902 esse
1027 1839 1217 1920 splendorem
1236 1857 1292 1900 neo
1309 1858 1331 1930 *a
1344 1839 1412 1902 luce

184 1939 324 2018 prodire,
354 1939 381 2000 is
409 1959 475 2004 oum
496 1940 566 2002 brie
595 1940 740 2018 insaniat;
772 1941 919 2004 eiusmodi
947 1943 1057 2022 quippe
1082 1941 1173 2004 bomo
1209 1959 1246 2002 ne
1279 1948 1412 2004 mentem

185 2159 254 2202 esse
276 2141 341 2221 ipsa
363 2143 446 2204 norit
467 2151 588 2218 namra,
618 2159 779 2222 eorumque
805 2142 905 2222 proles
935 2142 1010 2220 ipsis
1038 2142 1160 2222 propria
1188 2149 1252 2214 eet3
1280 2158 1317 2200 ne
1344 2139 1412 2218 quis

185 2241 273 2320 igitur
295 2241 435 2324 deinceps
459 2261 526 2304 oum
546 2241 616 2304 Ario
639 2243 750 2306 sentiat
771 2250 821 2304 aut
841 2243 1018 2321 Dionysium
1038 2240 1208 2304 calumniari
1230 2241 1326 2315 ausit;
1358 2239 1418 2300 sed'

184 2341 279 2420 magis
300 2342 371 2404 bine
392 2343 456 2404 eiua
476 2361 546 2407 oum
568 2345 717 2406 sermonis
745 2342 987 2424 perspicuitatem
1017 2351 1081 2403 tum
1107 2349 1217 2404 rectam
1246 2338 1335 2402 fidem
1357 2339 1411 2400 ad-

186 2441 322 2504 miretur.

271 2644 322 2708 25.
367 2643 454 2716 Quod
482 2653 597 2726 spectat
622 2654 719 2708 autem
749 2645 827 2707 illam
848 2643 910 2706 trit
938 2643 1186 2722 insaniamque
1213 2641 1299 2714 dicit,
1332 2640 1413 2704 aliud

184 2763 255 2808 esse
276 2743 355 2822 quod
377 2744 409 2806 in
430 2744 492 2810 ileo
514 2753 563 2810 est
582 2743 722 2818 Verbum,
744 2756 775 2807 et
795 2745 873 2808 aliud
895 2745 932 2806 de
953 2763 1012 2824 quo
1033 2743 1175 2824 loquutus
1197 2751 1245 2804 est
1264 2743 1412 2806 loannes:
1454 2757 1460 2774 ·

187 2843 226 2904 lu
244 2847 398 2921 principio
421 2855 488 2906 erat
511 2844 648 2914 Verbum,
670 2852 701 2906 et
722 2845 807 2906 aliam
828 2844 980 2924 propriam
1002 2862 1070 2904 esse
1091 2844 1123 2904 in
1140 2843 1203 2904 lieo
1225 2842 1412 2922 sapientiam,

189 2940 278 3002 aliam
299 2957 369 3000 rere
391 2957 478 3017 mam
499 2941 547 3002 bis
568 2939 669 3002 verbis
691 2943 800 3004 indicat
819 2943 994 3021 apostolus:
1025 2942 1165 3004 cbristus
1189 2941 1245 3004 Dei
1265 2945 1365 3002 uinus
1384 2952 1413 3002 et

188 3040 249 3102 Dei
268 3043 437 3120 rapientia,
464 3038 534 3100 illud
562 3056 677 3102 summa
703 3040 731 3100 ri
762 3041 913 3119 impugnat
941 3040 1099 3120 Dionysius
1128 3056 1307 3117 pravamque
1334 3036 1414 3098 illam

187 3145 368 3202 senentiam
396 3147 518 3200 strenue
545 3140 717 3202 insectatur.
761 3139 832 3202 Vide
854 3155 980 3218 quaeso,
1014 3157 1073 3218 quo
1105 3146 1193 3218 paeto
1225 3136 1414 3206 insecundo

184 3241 264 3302 libro
287 3239 334 3302 bis
357 3239 506 3302 derebus
529 3239 619 3302 rerba
641 3239 740 3302 iaciat:
762 3241 824 3316 „la
843 3243 998 3322 pra'neapio
1022 3249 1089 3302 erot
1114 3237 1256 3310 Verbum
1278 3235 1332 3298 sed
1353 3253 1414 3298 non

185 3349 277 3416 „erat
298 3340 437 3415 Verbum,
460 3340 539 3420 quod
555 3341 684 3402 Verbum
705 3340 880 3420 protulerim
903 3348 965 3402 erat
979 3339 1058 3402 enim
1073 3338 1202 3401 Verbum
1216 3337 1293 3418 apud
1308 3337 1412 3400 ileum

185 3441 358 3516 „llomiuus
380 3442 526 3522 sapientia
548 3449 612 3514 est,
634 3459 695 3502 non
718 3449 780 3504 erat
801 3441 891 3522 igitur
905 3441 1057 3521 sapientia,
1080 3439 1131 3522 qui
1146 3439 1319 3519 sapientiam
1335 3456 1408 3518 pro-

188 3541 315 3614 „duxit3
336 3559 403 3604 nam
426 3561 477 3622 epo
500 3539 598 3614 eram,
629 3542 741 3622 inquit,
774 3561 833 3625 pua
855 3542 1068 3606 delectabatur.
1113 3540 1493 3608 Veritasesthri-r.ro1.

189 3649 296 3714 „slusa
323 3642 501 3706 Benedictus
523 3656 637 3714 auten,
667 3643 723 3716 ait,
750 3643 832 3706 Deus
855 3648 1003 3706 ueritatis.
1046 3643 1091 3704 lbi
1118 3661 1176 3704 una
1197 3642 1357 3706 Sabelliom
1380 3651 1411 3702 et

186 3791 253 3856 quod
277 3793 372 3856 phrasis
397 3801 461 3842 esset
480 3793 631 3856 praecedeuti
650 3785 772 3860 ὅμοιοτὲ-
823 3789 871 3842 καί
897 3795 987 3844 addant
1015 3803 1069 3844 ante
1096 3785 1276 3852 diluentes
1302 3785 1407 3840 iidemd

185 3855 383 3976 demusiadzdh
396 3860 520 3976 {abeatur
543 3861 568 3912 in
591 3862 648 3924 Rea.
673 3861 770 3914 Tauria.
823 3857 943 3982 gemo,
963 3851 1323 3923 obtemperassent
1343 3850 1410 3908 ἀπό-

186 3993 383 4111 dsi'desrifmfieg'
401 3993 498 4044 Tm
517 3995 563 4045 ¹⁰⁸¹
598 3995 626 4044 ¹¹¹
644 3995 714 4045 ‘dim
732 3987 773 4044 du
858 4029 874 4078 i.
893 4030 932 4078 Sic
950 4029 1047 4079 Tauria.
1067 4027 1135 4078 Colb.
1155 4027 1200 4076 les.
1218 4027 1255 4078 Vr.
1269 4029 1299 4104 l..
1311 4027 1406 4090 lulleg.

222 4129 241 4179 l.
260 4129 315 4190 llsp.
328 4128 425 4178 Tauris.
440 4127 513 4178 colb.
532 4129 579 4178 les.
596 4121 704 4178 soritae.
730 4129 773 4179 Ed.
825 4103 849 4146 οι
866 4098 890 4145 ¹⁰
908 4097 979 4146 “dim
996 4089 1091 4160 βιβλίῳ
1110 4095 1185 4144 ‘¹⁸⁰⁹‘
1342 4185 1350 4204 ,

186 4203 213 4245 et
230 4195 384 4245 Feleltmsaui
403 4186 630 4247 codicessos'rrur.
858 4196 879 4244 l.
900 4197 925 4246 ln
945 4197 1041 4246 Tauria.
1061 4195 1130 4246 Colb.
1149 4195 1195 4244 les.
1214 4187 1228 4242 ὅ
1248 4203 1302 4243 ante
1319 4189 1407 4256 torar.

223 4276 245 4323 g.
265 4262 322 4324 ileu.
340 4263 439 4312 Tauria.
457 4262 526 4312 cntb.
546 4263 592 4314 leo.
609 4254 638 4312 bt
655 4256 770 4319 τούτων,
824 4263 872 4314 Sed
891 4263 914 4312 in
932 4263 1032 4327 reliquis
1050 4270 1075 4312 et
1088 4264 1111 4312 in
1123 4262 1194 4312 editis
1206 4259 1406 4310 deeatarticolust

187 4329 279 4380 rectius
297 4343 370 4393 quam
388 4330 443 4380 editi
462 4322 491 4378 ἐκ
509 4321 617 4378 τούτου.
825 4330 899 4379 Paulo
923 4339 979 4393 post
1003 4331 1100 4379 Tauria.
1126 4337 1150 4377 et
1173 4329 1220 4377 les.
1237 4320 1406 4390 γεγέννηται.

222 4395 247 4448 b.
266 4396 432 4458 deprauata.
446 4397 515 4448 Colb.
529 4397 576 4447 les.
590 4397 661 4450 rat.
680 4387 771 4456 ἄλλην,
823 4396 868 4446 etti
887 4411 973 4446 omues
988 4393 1142 4460 yeyleprut.
1178 4393 1230 4442 blox
1248 4393 1317 4442 Colb.
1336 4391 1374 4440 Fr.
1386 4389 1405 4438 l.

187 4470 213 4512 et
231 4464 267 4514 sic
285 4463 347 4514 iutro
364 4465 405 4515 ubi
424 4472 527 4530 quatuor
545 4465 665 4530 postremi
676 4465 773 4516 codices
825 4447 873 4512 οὖν
891 4455 905 4523 ἡ
926 4467 1022 4530 σοφία.
