3174 5082
248 333 290 398 χο
649 345 675 389 s.
690 347 844 392 ιτιιιιιιειι
858 345 1080 392 ιιιαιιιιινιεσονι

161 499 300 568 τινικαὶ
322 497 370 579 είς
390 495 501 585 όβρεις
524 493 795 582 ἐκτραπήσονται,
818 497 870 561 καλ
891 491 977 579 μετά
997 495 1101 560 ταῦτα
1115 493 1173 579 τὴν
1188 499 1330 581 σπεῖραν
1345 498 1402 562 καὶ
1417 495 1476 562 τὸν

244 593 429 687 Ιχιλίαρχον
458 592 711 685 ἀπειλήσουσιν·
740 595 774 663 ἐν
801 595 932 674 τούτοις
959 595 1021 682 γάρ
1044 594 1134 662 ἐστιν
1156 590 1265 662 αῦτιῦν
1286 591 1306 683 ἡ
1330 595 1478 664 δοκοῦσα

245 702 406 779 σύστασις
427 703 485 786 τῆς
506 694 707 779 κακοδοξίας.
752 695 810 764 τὸν
831 697 892 784 γάρ
913 698 973 764 τοῦ
995 698 1079 764 θεοῦ
1101 692 1233 782 λόγον’
1214 695 1414 784 αρνοόμενοι
1429 699 1481 766 ελ-

245 805 351 881 κότως
377 803 431 868 καλ
458 799 556 888 λόγου
585 800 710 879 παντός
738 779 821 868 εἰσιν
851 799 975 888 ἐρημοι.
1020 800 1125 866 ταῦτα
1152 801 1230 885 γοῦν
1259 797 1354 878 εἰδὼς
1377 795 1481 866 οὐδὲν

246 897 555 1000 1’ἀνίιιπεκρινάμην
578 901 743 990 ἐρωτῶσιν
759 900 914 980 ἐκείνοις·
937 899 1053 987 ἐπειδὴ
1070 895 1139 967 δὲ’
1120 925 1140 988 η
1156 897 1199 986 σὴ
1213 895 1403 992 διάθεσις’
1384 900 1481 988 my}-

247 1025 327 1130 τηατ
353 1007 474 1092 γνῶναι
500 1003 603 1071 τὰέν
585 1006 663 1092 ντῇ
686 1003 814 1091 συνόδῳ
836 1007 1046 1090 πραχθέντα,
1071 997 1130 1084 οὐχ
1150 995 1377 1089 ὑπερεθέμην·
1402 996 1481 1068 ἀλλ’
1579 989 1580 1032 ί

163 1123 238 1168 521⁰·
249 1103 365 1188 εόθός,
390 1101 435 1187 ὥς
455 1104 530 1173 τότε
551 1109 676 1193 γέγονε,
701 1103 884 1192 δεδήλωκα,
914 1100 984 1184 δείξ
965 1105 1023 1184 ξας
1045 1100 1086 1170 δι’
1112 1099 1248 1190 ὀλίγων,
1280 1097 1358 1170 όσον
1381 1099 1485 1170 5505-

247 1211 327 1297 βοῦς
353 1207 544 1299 φρονήσεως
564 1233 584 1293 η
573 1200 757 1327 Ηνιίρειανίγ
780 1206 909 1296 αἵρεσις
931 1205 1115 1293 ἐστέρηται,
1139 1206 1193 1272 καί
1214 1202 1316 1290 μόνον
1337 1205 1485 1291 προφά-

249 1333 318 1391 σεις
338 1309 551 1379 πλάττονται,
597 1307 717 1376 σκόπει
747 1309 858 1376 δὲκαὶ
882 1307 932 1387 σό,
956 1303 1120 1394 ἀγαπητέ,
1152 1303 1246 1391 εέμη
1270 1301 1374 1384 οῦτως
1398 1305 1481 1388 ἔχει.

248 1413 278 1481 εἰ
298 1414 484 1502 θαρροῦσιν
507 1407 596 1490 εἶς’
583 1413 721 1498 εφεῦρον
744 1405 839 1477 αότοὶ
861 1419 982 1490 κακοῖς,
1006 1408 1265 1494 ἐπισπείραντος
1286 1401 1401 1488 αὐτοῖς
1416 1411 1484 1473 τοῦ

247 1511 404 1602 διαβόλου
426 1512 484 1600 τὴν
506 1509 763 1598 κακοφροσάνην,
788 1507 1089 1596 ἀπολογείσθωσαν
1106 1512 1184 1598 περὶ
1201 1498 1248 1576 ὦν
1262 1508 1485 1596 ἐγκληθέντες

246 1610 496 1700 ἀπεδείχθησαν
520 1611 691 1698 αἶρέιικοί,
715 1614 769 1677 καί
791 1611 867 1678 τότε
888 1611 1009 1678 λοιπὸν
1032 1609 1281 1690 αἰτιάσθωσαν,
1305 1609 1335 1678 εί
1357 1609 1481 1678 δόναν-

246 1741 312 1796 ται,
335 1714 378 1782 τὰ
398 1739 459 1780 κατ
491 1708 599 1780 αότῶν
622 1708 817 1799 ὁρισθέντα·
842 1708 1006 1792 οὐδεὶς
971 1739 1045 1836 γαρ
1057 1711 1223 1798 ἐλεγχθεὶς
1238 1712 1295 1780 ἐπί
1311 1713 1405 1801 φόνῳ
1421 1716 1482 1780 καὶ
1579 1781 1580 1792 ,

247 1819 387 1903 μοιχείᾳ
409 1813 492 1899 μετὰ
519 1813 577 1902 τὴν
606 1814 697 1901 δίκην
721 1813 831 1900 χώραν
860 1817 925 1898 ἔχει
946 1814 1003 1900 τὴν
1027 1810 1201 1902 ἀπόφασιν
1223 1815 1282 1881 τοῦ
1304 1809 1482 1900 κρίναντος

250 1917 444 1995 αἰτιᾶσθαι,
474 1914 624 1981 διατέ
584 1941 629 2001 μη
652 1911 757 1994 οὕτως
779 1910 847 1982 ἀλλ’
873 1916 1003 1995 ἐκείνως
1025 1914 1181 2004 ἐλάλησε,·
1213 1917 1311 1981 τοῦτο
1333 1914 1393 2003 γάρ
1418 1912 1480 1982 οιίι

249 2015 480 2105 ἐλευθεροῖ
447 2039 504 2082 τον
532 2022 704 2102 κριθέντα,
735 2011 819 2082 ἀλλὰ
846 2020 899 2084 καί
921 2017 1047 2102 μᾶλλον
1069 2013 1170 2084 αὐτοῦ
1192 2015 1231 2083 τὸ
1255 2017 1396 2106 ἔγκλημα
1418 1997 1480 2085 δια
1576 2037 1578 2059 ·

248 2145 306 2208 την
334 2125 538 2206 προπέτειαν
564 2121 618 2185 καί
647 2118 705 2207 τὴν
733 2117 858 2203 τόλμαν
886 2115 1072 2198 ἐπαυξάνει.
1119 2113 1235 2186 σάκοῦν
1263 2122 1316 2186 καί
1340 2109 1478 2206 οῦτοιη

250 2220 466 2290 δεικνότωσαν
499 2219 538 2286 τὸ
572 2219 724 2308 φρόνημα
758 2221 883 2288 λοιπῶν
918 2216 1064 2304 εὐσεβές·
1103 2225 1383 2310 κατηγορηθέντας
1413 2220 1478 2308 γὰρ

247 2318 463 2414 ἠλέγχθησάν,
488 2317 526 2390 οὗ
547 2320 762 2410 μεμψάμενοι
783 2321 960 2410 πρότερον·
983 2324 1037 2387 καλ
1054 2320 1180 2389 δίκαιόν
1197 2321 1268 2389 ἐστι
1278 2321 1355 2401 τοὺς
1366 2322 1478 2390 αἰτια-

248 2433 369 2508 θέντας
396 2427 497 2514 μηδὲν
526 2425 636 2512 ἕτερον
666 2435 778 2492 ποιεῖν
806 2419 827 2508 ἢ
855 2419 1110 2508 ἀπολογεῖσθαι.
1156 2417 1177 2512 ἢ
1206 2422 1235 2490 εί
1263 2421 1303 2489 τὸ
1325 2423 1479 2504 συνειδὸς

249 2528 361 2610 έχουσι
382 2525 532 2613 ῥυπαρὸν
553 2528 607 2591 καί
631 2529 815 2613 συνορῶσιν
838 2525 973 2604 ἑαυτοὺς
996 2519 1204 2610 ἀσεβοῦντας,
1227 2525 1271 2613 μὴ
1288 2524 1476 2593 αἰτιάσθω-

251 2651 311 2693 σαν
344 2625 365 2693 5
394 2620 567 2712 ἀγνοοῦσιν
574 2677 583 2706 ,
617 2625 673 2691 ἵνα
699 2625 743 2715 μὴ
774 2628 828 2693 καὶ
858 2626 999 2692 διπλοῦν
1021 2625 1136 2693 ”κοικὸν
1158 2621 1313 2710 ἀσεβείας
1334 2627 1476 2712 ἔγκλημα

250 2729 304 2793 καί
332 2720 553 2805 ἀπαιδευσίας
581 2721 823 2812 ἀπενέγκωνται
848 2733 986 2813 μέμψιν.
1032 2727 1270 2809 ἐξεταζέτωσαν
1293 2729 1327 2796 55
1346 2727 1472 2811 μᾶλλον

221 2837 223 2841 ’
250 2828 463 2916 φιλομαθοῦς,
485 2821 526 2894 5’
551 2826 740 2914 ἐπιγνόντες
762 2826 783 2894 5
803 2827 966 2916 πρότερον
987 2823 1134 2915 ἠγνόουν,
1158 2823 1392 2918 ἀπονίψωνται
1411 2827 1475 2907 τὰς

250 2929 376 2998 ἐαντιῦν
398 2923 528 3015 ἀσεβεῖς
550 2925 718 3019 ἀκοάςτῷ
740 2933 798 3020 τῆς
820 2925 982 3020 ἀληθείας
1004 2929 1124 3015 νάματι
1145 2933 1200 2998 καὶ
1222 2941 1295 3012 τοῖς
1309 2935 1367 3017 τῆς
1381 2923 1473 2998 5555-

248 3038 343 3119 βείας
364 3030 533 3120 δόγμασιν.
564 3029 651 3101 οὕτω
673 3032 735 3120 γάρ
757 3035 810 3100 καί
834 3032 867 3102 ἐν
890 3037 930 3122 τῇ
951 3031 1034 3100 κατὰ
1056 3039 1200 3101 Νίκαιαν
1223 3033 1350 3121 συνόδῳ
1365 3039 1478 3120 γέγονε
1573 3048 1574 3061 ’

249 3145 321 3217 τοῖς
344 3137 422 3224 περὶ
445 3131 614 3224 Εῦσέβιον.

335 3243 364 3308 θ.
405 3235 460 3317 Ὡς
482 3234 706 3326 ἐφιλονείκουν
730 3233 926 3322 ἀσεβοῦντες
947 3237 1000 3302 καί
1024 3241 1203 3356 θεομαχεῖν
1219 3235 1417 3324 ἐπεχείρουν,
1434 3235 1479 3300 τὰ

249 3341 308 3422 μὲν
338 3339 496 3422 λεγόμενα
518 3333 595 3421 παρ’
620 3333 728 3404 αότιῦν
751 3325 945 3421 ἀσεβείαςῖ
925 3363 965 3402 υν
986 3335 1099 3420 μεστά.
1145 3339 1178 3405 05
1201 3339 1237 3404 55
1258 3336 1477 3414 συνελθόντες

251 3437 447 3513 ἐπίσκοποι,
471 3425 554 3520 ησαν
578 3435 614 3500 55
634 3429 780 3503 πλέον
759 3462 778 3554 η
802 3435 942 3504 ’ἔλασσον
964 3437 1166 3523 τριακόσιοι,
1201 3437 1318 3526 πρᾴως
1339 3441 1394 3505 καί
1418 3463 1476 3526 φι-

251 3527 509 3622 λανθριόπως’
491 3533 639 3622 απῄτσαν
669 3529 801 3616 αῦτοός,
831 3526 964 3624 περί
937 3563 982 3604 ων
1013 3537 1121 3624 ἔλεγον
1150 3538 1281 3607 διδόναι
1302 3539 1399 3626 λόγον
1421 3541 1476 3605 καὶ
1574 3553 1576 3570 ¹

252 3630 441 3716 ἀποδείξεις
463 3627 616 3721 εὐσεβεῖς.
662 3634 707 3717 ὥς
729 3638 765 3706 δέ
780 3639 834 3705 καὶ
848 3638 949 3723 μόνον
965 3641 1189 3729 φθεγγόμενοι
1199 3640 1477 3728 καταγινώσκοντα

251 3739 305 3804 καὶ
327 3735 413 3824 πρὸς
435 3737 570 3818 ἑαυτοὺς
592 3737 800 3822 διεμάχοντο,
827 3740 954 3831 πολλὴν
977 3737 1116 3826 ὁρῶντες
1138 3745 1197 3831 τῆς
1217 3741 1363 3810 δἑαυτῶν
1386 3741 1477 3826 αίρέ-

252 3858 336 3934 σεως
357 3837 415 3928 τὴν
437 3835 598 3927 ἀπορίαν,
623 3834 754 3922 ἀχανεῖς
773 3842 834 3928 μὲν
857 3843 970 3926 έμενον
993 3833 1087 3910 οῦτοι
1107 3845 1162 3910 καί
1185 3842 1244 3910 διά
1263 3847 1323 3932 τῆς
1344 3845 1481 3931 σιωπῆς

252 3935 441 4027 ὡμολόγουν
461 3939 521 4028 τίγν
543 3939 600 4009 ἐπὶ
623 3945 662 4030 τῇ
685 3943 879 4033 ’κακοδοξίᾳ
901 3939 1010 4012 αὐτῶν
1032 3945 1203 4032 αἰσχύνην·
1226 3945 1259 4011 ολ
1273 3941 1385 4014 τοίνυν
1401 3943 1478 4011 ἐπί-

252 4063 374 4109 σκοποι
396 4039 516 4110 λοιπόν
538 4037 707 4122 ἀνελόντες
728 4043 771 4110 τὰ
792 4041 870 4132 παρ’
894 4041 1002 4113 αότιῦν
1024 4045 1249 4133 ἐπινοηθέντα
1263 4045 1403 4132 ῥήματα,
1419 4040 1475 4110 05-

251 4165 318 4222 τως
340 4141 491 4223 ἐξέθεντο
509 4140 577 4211 κατ’
591 4139 698 4213 αῦτιῖν
709 4143 768 4235 τὴν
777 4142 988 4233 ὑγιαίνουσαν
998 4149 1053 4213 ιιαλ
1064 4145 1331 4235 ίκκλησιασταιὴν
1342 4152 1474 4213 πίονα·

252 4243 387 4366 πάντων
409 4270 445 4310 τε
466 4239 741 4331 ὑπογραφόντων,
765 4244 962 4334 ὑπέγραψαν
984 4249 1037 4312 καὶ
1062 4247 1094 4312 ολ
1116 4249 1193 4334 περὶ
1215 4241 1377 4334 Εῦσέβιον
1399 4245 1475 4312 τοῦ·

288 4447 309 4482 ι
328 4432 368 4484 Sic
385 4448 412 4484 ex
431 4449 475 4484 ms.
489 4435 562 4513 flutio
580 4435 766 4485 ιλιιαδιιίιααε.
793 4435 837 4484 λλλλ
922 4435 946 4483 λι.
965 4435 998 4483 55
1022 4449 1067 4485 ms.
1084 4435 1141 4498 λλις,
1165 4435 1309 4500 μιλλειλειι
1330 4423 1365 4484 δν
1381 4434 1477 4486 5555-

252 4498 335 4550 ιτιειλι
352 4503 374 4551 ιι
392 4501 449 4551 edin
467 4492 516 4560 τήν
499 4502 656 4551 madon
794 4513 795 4520 ¹
891 4514 953 4562 τινε,
971 4511 1043 4566 quan
1061 4503 1104 4554 ιλιι
1120 4513 1144 4553 ιι
1161 4505 1219 4554 ιλλιλ
1236 4505 1356 4556 minant

924 4583 945 4619 ε.
946 4537 1048 4618 ιιιτέ
1063 4571 1131 4624 ιλισιι
1148 4586 1161 4621 ν
1180 4572 1278 4634 Ιλεςλο
1272 4585 1318 4622 ιιι.
