3220 5046
250 263 310 328 142
641 275 669 320 8.
683 276 836 323 h'fflffllh
849 276 1074 322 namneticum

162 427 314 493 noanon
340 427 413 492 haee
438 425 549 490 uitiosa
574 423 667 492 sob'ta
693 430 880 492 seminatur
910 427 1111 492 conclusione.
1160 425 1251 494 Ratio
1283 439 1383 494 anian
1412 449 1471 494 ear

245 532 374 614 ρκίκραε
395 528 544 590 aduersas
565 526 698 590 Arianos
722 528 882 592 Orationes
903 531 937 592 in
957 529 1061 592 multis
1082 539 1285 592 numerentur
1300 529 1466 603 Codioibue,

237 629 332 694 nulia
354 628 417 690 otta
438 629 573 700 videtur,
605 647 694 710 quana
719 631 799 710 quad
826 633 858 692 ia
885 629 948 692 iliis
973 630 1126 694 Codisibns
1147 629 1286 710 Epistola
1306 631 1468 712 Enayoiiao

243 731 284 794 ad
305 730 470 811 Ερίιιοροι
492 729 617 810 Αεςγμα·
636 740 665 792 et
679 729 787 809 Libyae
802 717 947 811 γινοίατο
968 741 1036 792 erat
1057 741 1127 796 ante
1141 741 1274 811 quotuor
1292 731 1465 806 Orationes,

243 850 319 913 quoe
339 831 456 912 quidone
477 848 543 892 euno
563 839 592 892 et
613 833 681 910 ίρεο
700 835 743 894 sit
762 834 795 892 in
816 831 947 894 Arianos
970 836 1148 912 composita,
1179 835 1330 913 insere'pta
1351 833 1465 898 ideireo

237 943 290 996 est
314 932 422 995 Oratio
440 933 543 1011 priona
565 940 672 993 eontra
694 931 840 994 Arianos.
1307 998 1311 1007 ,

326 1031 377 1094 111.
420 1029 656 1112 Supersedeenus
679 1031 726 1094 hia
748 1033 987 1114 aproponendis
1003 1033 1195 1114 sinynloruen
1212 1034 1395 1097 Orationusn
1408 1053 1465 1096 or-

240 1136 403 1214 ourtentis,
435 1149 485 1194 res
514 1135 591 1194 enirn
618 1151 675 1196 nos
696 1133 816 1213 bonoiue
840 1134 1013 1207 deducerem
1041 1135 1094 1196 sed
1115 1134 1249 1214 sinonis,
1278 1153 1353 1216 quae
1376 1137 1465 1214 diana

241 1235 450 1298 obseruatione
471 1233 557 1295 nabis
579 1237 753 1322 vitasunt,
782 1239 815 1295 ia
844 1239 980 1314 maraine
1000 1247 1150 1298 annotare
1171 1235 1257 1298 nobis
1279 1253 1371 1298 aurae
1391 1236 1464 1315 suit,

240 1352 323 1416 quoe,
346 1337 398 1396 oui
419 1333 560 1406 habuerit,
582 1333 674 1414 [oribe
693 1338 794 1414 possit
811 1334 1019 1414 perlustrare.
1064 1334 1146 1398 Satis
1168 1339 1290 1398 interint
1312 1340 1353 1398 sit
1373 1354 1464 1416 yene-

238 1439 333 1498 ratini
354 1435 534 1508 obseruare,
563 1436 712 1497 Arionono
733 1440 912 1515 inpietatem
932 1436 1019 1515 plene
1043 1437 1089 1498 hia
1117 1438 1291 1516 confutari,
1319 1440 1465 1518 uarioque

239 1538 430 1600 Asianorum
450 1545 631 1616 ornamenta
662 1547 690 1599 et
711 1555 862 1617 responsa
884 1537 1004 1616 referri
1023 1549 1052 1600 et
1074 1537 1187 1616 refelli.
1232 1537 1292 1600 Nes
1313 1556 1386 1600 aera
1410 1555 1464 1599 sa-

241 1638 302 1700 lano
324 1639 510 1700 Asianorum
533 1637 680 1700 haeresim
703 1641 833 1701 conterit
854 1637 885 1699 S.
909 1637 1017 1710 Pater,
1046 1639 1099 1700 sed
1125 1637 1258 1701 aliorum
1279 1642 1368 1700 etiam
1390 1637 1462 1699 hoe-

240 1743 414 1813 retieorum,
437 1743 490 1820 qui
509 1743 591 1801 eirea
613 1739 766 1800 Christum
781 1737 943 1800 Dominum
964 1749 1158 1812 erraverunt,
1183 1749 1344 1802 commenta
1367 1738 1463 1800 obiter

241 1839 389 1912 dissolvit,
412 1843 474 1902 siue
496 1843 548 1920 qui
569 1839 721 1902 Christum
740 1856 856 1918 purum
878 1858 941 1902 esse
965 1840 1118 1912 hominem,
1141 1842 1204 1902 sive
1225 1845 1277 1920 qui
1294 1857 1362 1902 euno
1382 1856 1463 1902 nan-

239 1943 303 2004 nist
324 1941 550 2022 phantasticum
579 1939 719 2001 habuisse
754 1957 882 2020 carpus,
914 1943 978 2002 sive
1005 1944 1058 2020 qui
1082 1941 1154 2021 qnid
1180 1939 1265 2002 abiud
1291 1941 1462 2020 finxerant.

243 2041 326 2116 Ouia
352 2045 442 2104 esiam
468 2045 512 2103 ito
539 2041 631 2102 nitide
660 2059 765 2106 ueram
787 2042 822 2102 de
845 2041 965 2104 Christo
987 2040 1116 2104 Oanoina
1138 2042 1228 2122 fidem
1256 2045 1393 2121 soponit,
1427 2049 1464 2104 ut

239 2147 377 2223 ipsorum
398 2160 523 2224 quoque,
545 2145 597 2222 qui
605 2151 680 2221 post
694 2146 793 2222 obsum
808 2146 911 2204 euasti
924 2153 1005 2212 sunt,
1030 2143 1184 2221 confodiat
1200 2143 1356 2204 haeresim.
1384 2140 1463 2204 Hine

239 2243 416 2328 Nestorium
433 2245 599 2324 proflioat,
633 2261 700 2304 suna
722 2243 806 2304 dotet
830 2243 999 2314 Christum,
1030 2242 1127 2306 Deum
1155 2242 1222 2306 biset
1249 2254 1277 2305 et
1306 2243 1461 2315 hominem,

141 2345 147 2354 “
237 2364 332 2408 unum
354 2355 453 2407 tomen
475 2363 546 2416 esse,
569 2347 718 2425 uniusque
741 2361 805 2406 esse
827 2347 889 2406 enos
914 2329 979 2405 anno
1001 2345 1104 2406 diuino
1126 2351 1190 2406 tum
1212 2343 1343 2406 hunwna
1360 2361 1461 2424 opera,

239 2465 304 2508 aum
331 2445 456 2508 Verbum
477 2463 539 2508 non
561 2450 593 2506 in
616 2445 761 2508 hominem
783 2446 984 2518 descendisse,
1018 2446 1071 2507 sed
1092 2445 1239 2508 hominem
1259 2446 1375 2524 sactum
1397 2463 1462 2508 esse

228 2548 383 2630 ostendit,
415 2565 481 2610 oum
509 2545 632 2626 denique
662 2547 776 2608 beatam
800 2544 950 2625 Viryinem
972 2546 1102 2608 Mariano
1123 2541 1284 2609 Osorbnon
1306 2545 1461 2624 Deiporom

237 2651 358 2729 saepius
380 2647 523 2728 appellat.
568 2645 637 2708 Non
658 2649 758 2707 minus
781 2650 870 2709 etiam
886 2646 1029 2726 Eutychis
1051 2650 1159 2708 errori
1178 2647 1371 2716 adversatur,
1396 2663 1462 2706 aum

212 2754 350 2828 -passien
373 2749 559 2810 demonstrat
582 2746 739 2808 distinctas
764 2747 879 2810 Obristi
898 2758 1028 2809 naturas
1055 2751 1199 2826 ourshqise
1231 2762 1338 2806 aarum
1358 2749 1462 2806 munia

238 2850 349 2912 diserte
371 2847 511 2928 explieat.
556 2845 635 2908 Hine
657 2851 758 2910 sanati
776 2847 884 2910 Patres
906 2853 939 2910 ih
963 2845 1118 2918 Consiliis,
1152 2851 1185 2908 ia
1207 2848 1312 2926 quibus
1335 2845 1462 2908 illorum

238 2951 460 3014 hoereticorum
483 2948 624 3011 damnato
645 2951 782 3028 impietas
805 2960 858 3021 est,
882 2949 1115 3012 iaatiOootoris
1132 2952 1304 3010 testinnonia
1314 2948 1462 3010 adducere

237 3053 382 3133 fidemque
406 3047 587 3111 Cathobiaam
617 3053 680 3112 eins
704 3050 888 3129 aotofirmare
910 3053 1093 3113 auctoritate
1119 3068 1182 3112 non
1206 3053 1386 3120 omiserunt,
1415 3051 1464 3109 nti

237 3152 278 3214 ad
294 3153 428 3230 proprio
451 3149 516 3213 loaa
537 3155 724 3214 monuimus,

322 3251 370 3313 tv.
405 3252 517 3328 Phoiii,
532 3255 585 3332 qui
598 3253 715 3331 quidem
729 3255 792 3331 ipse
806 3254 934 3332 utrinque
949 3251 981 3312 S.
998 3251 1159 3315 Athanasii
1174 3252 1336 3314 Orationes
1353 3260 1461 3312 eontra

237 3353 368 3416 Arianos
391 3363 548 3424 numerat,
582 3353 617 3414 de
645 3351 748 3414 iisdem
772 3350 968 3414 Orationibus
992 3354 1134 3416 iudicium
1161 3371 1224 3416 non
1252 3353 1297 3414 hio
1318 3352 1460 3414 duximus

234 3455 547 3536 praetermittendam.
584 3451 636 3514 Sis
650 3455 745 3531 ioitur
759 3452 811 3514 iiie
825 3453 1024 3516 Bibliothecae
1041 3455 1146 3518 Codice
1164 3457 1251 3518 ltu:
1269 3443 1460 3535 ἀνεγνώσθη

237 3555 296 3620 τοῦ
319 3545 419 3618 αὐτοῦ
442 3545 537 3637 ἆγίοο
560 3544 793 3632 (Asnaus)
816 3545 836 3635 ἦ
858 3550 942 3619 κατὰ
959 3546 1091 3638 Ἀρείου
1116 3553 1259 3618 καὶτῶν
1281 3545 1381 3616 αὐτοῦ
1405 3550 1462 3616 δο-

236 3651 368 3740 γμάτων
390 3651 620 3738 πεντάβιβλος.
642 3651 701 3738 τὴν
727 3653 788 3737 μὲν
810 3641 867 3718 οὖν
891 3651 1013 3740 φράσιν
1036 3650 1146 3740 σαφής
1168 3651 1323 3732 τείσειν,
1347 3646 1392 3730 ὥς
1406 3649 1462 3718 καὶ

237 3754 271 3823 ἓν
292 3757 396 3834 πᾶσι,
429 3757 483 3822 καί
506 3748 683 3840 διπέριττος
704 3754 758 3820 καί
781 3746 914 3841 ἀφελής,
939 3753 1055 3839 δριμὺς
1076 3752 1132 3820 καὶ
1152 3752 1277 3839 βαθύς,
1306 3755 1359 3818 καὶ
1390 3761 1461 3832 τοῖς

237 3853 488 3943 ἐπιχειρήμασιν
521 3852 662 3934 εὔτονος.
694 3852 751 3922 καὶ
777 3853 816 3920 τὸ
842 3853 978 3940 γόνιμον
1001 3855 1037 3921 δὲ
1059 3849 1159 3922 αὐτοῦ
1182 3853 1216 3922 in
1238 3852 1369 3932 τούτοις
1389 3848 1462 3938 ἡλί-

236 3980 308 4038 κον,
339 3953 417 4025 ὅσον
438 3959 492 4024 καλ
513 3954 715 4042 θαυμάσιον.
744 3956 891 4042 λογικοῖς
920 3981 955 4023 τε
976 3956 1139 4040 μεδόδοις
1160 3952 1236 4022 οὕτε
1256 3957 1385 4041 γομνῶς
1405 3955 1460 4019 καὶ

237 4055 307 4127 ἀπὸ
330 4057 607 4138 nodositatem,
631 4054 741 4144 ὥςπερ
764 4057 796 4124 οἱ
818 4058 939 4136 παῖδες
960 4059 1014 4124 καί
1037 4053 1237 4143 ἄρτιμαθεῖς
1256 4051 1458 4142 μειρακιώδη

237 4161 431 4249 φιλοτιμίαν
461 4156 723 4243 ἐπιδεικνύμενοι
743 4157 963 4245 πράττουσιν,
987 4153 1063 4226 ἀλλ’
1087 4156 1326 4245 ίμφιλοοόφως
1347 4157 1460 4224 τεκαὶ

144 4291 156 4328 s
235 4264 508 4348 μεγαλοπρεπῶς,
521 4258 578 4328 καὶ
593 4270 667 4340 ταῖς
683 4260 824 4339 ἐννοίαις
837 4258 956 4344 μόναις
969 4260 1023 4325 καί
1039 4258 1174 4336 ταύταις
1187 4258 1461 4345 διεοχιρματιομέ-

235 4387 309 4442 ναις
331 4357 567 4451 ἀποκέχρηται·
589 4370 766 4448 γραφικοῖς
787 4385 824 4427 τε
844 4365 1040 4446 μαρτυρίαις
1061 4361 1114 4426 καί
1131 4354 1342 4440 ἀποδείξεσιν
1359 4357 1406 4436 είς
1419 4355 1460 4422 τὸ

234 4464 390 4552 καρτερὸν
411 4461 659 4549 κατωχύρωται·
687 4462 741 4528 καί
769 4456 885 4542 tntae
913 4455 1005 4548 ἀρκεῖ
1032 4459 1071 4528 τὸ
1098 4461 1229 4548 βιβλίον
1255 4462 1354 4528 τοῦτο
1376 4455 1461 4526 κατὰ
