3174 5082
244 299 283 364 ¹8
609 277 613 291 ⁸
764 313 937 360 ratum.

240 467 362 548 reliquis
384 465 524 528 omnibus
546 464 750 543 distinguitur.
794 465 853 526 Sed
875 465 1009 528 madri·
1022 463 1178 538 derisuri,
1197 483 1276 546 (ns
1297 467 1330 530 in
1351 467 1471 532 ddsus

238 567 422 632 instituendo
438 573 559 627 secutus
574 565 631 628 sim
647 567 779 627 rationes
791 567 836 628 rel
847 585 922 646 quas
945 567 981 626 ad
997 565 1114 645 regulas
1128 565 1272 630 indicia·
1285 568 1324 630 de
1338 569 1467 648 sirudis

239 670 322 732 libris
344 668 391 729 rel
411 667 590 747 recipiendis
613 667 659 727 rel
674 685 736 727 non
757 667 934 747 recipiendis
954 667 1125 729 direxerit.
1168 667 1204 730 ln
1217 687 1278 748 qno
1293 669 1324 731 id
1338 669 1466 732 monime

238 770 400 832 carendum
423 787 490 830 esse
511 771 626 848 putari,
656 785 693 828 ne
720 787 782 830 rem
805 785 924 830 ornnem
945 769 983 830 sd
1005 787 1104 852 meum
1131 767 1286 832 Mam
1308 789 1469 834 revocasse

239 871 366 932 riderer.
429 869 592 948 Propterea
614 871 690 932 siout
712 871 750 930 de
771 869 903 949 patribus
925 871 1017 951 ipsis,
1041 869 1091 950 qui
1113 870 1152 930 ad
1172 872 1275 950 operis
1296 873 1464 934 inlinitum

237 971 430 1052 pertinerent,
453 990 489 1033 ex
511 973 659 1032 communi
681 971 824 1034 ecclesiae
845 971 991 1034 renuntia
1012 971 1113 1044 statui,
1135 971 1175 1032 ita
1197 973 1288 1034 etiam
1304 973 1351 1034 illa
1372 989 1463 1052 prse-

238 1071 324 1152 clpue
345 1071 452 1151 scripta
475 1071 787 1152 circumspiciendum
809 1071 963 1152 deligenda
985 1089 1053 1133 esse
1074 1072 1210 1144 iudicari,
1233 1091 1311 1152 quae
1323 1083 1462 1152 tanquam

238 1191 373 1235 numum
396 1182 476 1236 recte
499 1173 646 1236 sentiendi
670 1184 699 1236 et
720 1173 847 1236 docendi
868 1171 905 1235 ab
928 1171 1052 1232 ecclesia
1067 1173 1170 1234 eiusne
1192 1173 1366 1236 doctoribus
1388 1192 1462 1253 prae

236 1275 304 1338 aliis
332 1273 456 1356 proheta
485 1293 553 1338 esse
575 1275 718 1338 riderem.
751 1272 868 1336 'Sinrul
888 1289 977 1346 vero,
1007 1272 1155 1352 siquidem
1177 1275 1365 1354 propositum
1387 1275 1462 1336 mibi

236 1385 283 1438 est
309 1376 453 1439 historiae
479 1377 649 1454 dogmatum
677 1373 830 1436 studiosos
857 1372 1002 1434 librorum
1031 1371 1069 1440 ab
1097 1373 1196 1434 multis
1224 1376 1461 1438 desideratorem

234 1487 377 1558 apparatu
405 1494 523 1556 sugere,
551 1475 587 1536 ad
609 1474 765 1536 consilium
788 1472 846 1534 hoc
872 1473 1018 1535 delectum
1039 1475 1263 1538 accommodare
1288 1477 1389 1540 studui
1411 1477 1462 1548 ita,

234 1587 343 1640 utnon
367 1575 547 1655 negligerem
568 1571 662 1635 libros
683 1583 811 1653 patrum,
834 1591 869 1634 ex
892 1573 1001 1654 quihus
1023 1593 1041 1634 a
1063 1573 1135 1636 riris
1158 1574 1254 1637 doctis
1275 1575 1403 1654 plurim
1423 1579 1461 1639 ad

75 1641 78 1648 Ι
110 1693 116 1708 ·
232 1676 427 1739 enarrandam
451 1683 480 1737 et
502 1673 707 1736 illustrandam
728 1674 899 1755 dogmatum
921 1675 1077 1738 historiam
1098 1675 1211 1738 haumri
1232 1693 1375 1755 nossem,

317 1773 400 1836 Llhri
422 1775 497 1856 ipsi,
525 1793 601 1855 quos
624 1774 669 1837 sic
698 1775 831 1838 delectos
851 1775 1035 1839 Bibliotheca
1068 1777 1202 1852 exbibet,
1233 1777 1368 1858 plerique
1390 1791 1462 1846 sunt

233 1897 269 1941 ex
291 1894 415 1938 numero
437 1885 613 1939 tractatuum
633 1877 851 1958 polemicorurn
872 1888 902 1939 st
925 1879 1170 1959 dopnaticorsnr,
1192 1878 1223 1940 in
1244 1878 1354 1959 quibus
1375 1889 1460 1942 rete-

232 1979 276 2042 ris
299 1976 440 2042 ecclesiae
462 1977 601 2052 doctores
624 1995 714 2058 quum
738 1979 954 2042 haereticorum
982 1997 1103 2042 errores
1131 1980 1270 2044 reiellunt
1296 1999 1459 2061 eorumque

232 2089 405 2160 arguments
427 2080 596 2151 confutant,
624 2089 688 2142 tum
716 2079 852 2158 dogmata
880 2080 1079 2142 ecclesiastice
1107 2081 1239 2144 enodem
1258 2091 1289 2144 et
1310 2081 1460 2146 illustram

232 2189 320 2260 atque
342 2189 401 2242 tem
424 2181 589 2260 scripturae
612 2199 714 2242 senae
736 2182 916 2244 testimoniis
939 2201 1026 2261 quam
1041 2189 1159 2261 patrum
1181 2183 1405 2246 aumoritatibns
1427 2194 1458 2246 et

231 2282 539 2362 argumentationibus
562 2281 722 2345 dialecticis
744 2284 930 2345 confirmant.
958 2283 1008 2346 «st
1022 2283 1216 2347 conciliorum
1231 2287 1294 2346 acts
1316 2285 1456 2365 excipies,

231 2391 373 2448 buculus
403 2383 549 2448 eiusmodi
577 2384 658 2444 inter
683 2383 782 2446 lentes
816 2384 983 2464 theologiae
1009 2385 1171 2448 historicae
1197 2387 1326 2466 primum
1355 2395 1458 2450 tenent

231 2484 328 2545 locum
352 2493 431 2546 certe
453 2501 507 2562 per
528 2483 607 2546 illam
630 2491 766 2559 aeuum,
790 2503 846 2565 quo
868 2486 1004 2566 dogmate
1020 2486 1062 2548 de
1080 2487 1175 2550 tribus
1191 2487 1223 2550 iu
1237 2487 1293 2550 deo
1315 2488 1456 2568 personia

226 2593 318 2664 atque
339 2583 376 2645 de
399 2583 507 2646 Christi
528 2599 658 2664 persona
679 2596 709 2648 et
731 2586 843 2648 naturis
865 2587 1069 2666 perllrisnos,
1090 2588 1325 2666 Apollinsristas,
1347 2589 1457 2652 Nesto·

231 2683 344 2758 monos,
367 2683 564 2763 Eutychianos
585 2685 719 2766 aliosque
740 2687 907 2750 haereticos
930 2687 960 2748 in
975 2688 1221 2766 disceptationem
1240 2698 1341 2751 vocata
1363 2707 1456 2770 eaque

231 2785 346 2848 ratione
369 2783 489 2846 uberius
512 2785 652 2868 explicata
671 2797 701 2850 et
714 2788 880 2852 accuratius
903 2788 1023 2850 dstote
1046 2797 1126 2849 sunt.
1169 2789 1285 2852 Nullum
1308 2801 1355 2854 eet
1376 2793 1453 2854 enim

229 2886 375 2949 librorum
398 2893 468 2948 tunc
489 2905 506 2947 e
526 2886 662 2968 peoribus
685 2891 923 2972 conscriptorum
945 2907 1051 2968 genus,
1074 2891 1152 2969 qsrod
1174 2891 1241 2970 plus
1264 2893 1368 2956 otlerat
1388 2901 1455 2956 stu-

230 2987 324 3050 diosis
347 2985 488 3050 historice
510 2989 696 3069 dogmatum,
728 2993 778 3072 qni
801 3011 862 3054 non
884 2991 974 3054 modo
1003 2991 1185 3071 synodorum
1202 3001 1243 3054 .et
1270 2993 1453 3073 singulorum

229 3088 438 3168 theologorum
461 3089 579 3153 decreta
601 3093 811 3173 formulasque,
833 3092 1039 3155 verumetiam
1055 3111 1157 3156 censes
1180 3111 1282 3157 eorum
1306 3096 1455 3156 rationes·

229 3207 297 3270 que,
320 3189 415 3270 quood
438 3192 500 3254 lieri
523 3203 634 3275 potest,
656 3195 827 3275 perspicere
847 3195 992 3274 planeque
1014 3213 1196 3275 cognoscere
1215 3195 1347 3272 cupiunt,
1370 3203 1403 3277 nt
1416 3191 1454 3254 de

230 3291 293 3370 ipso
317 3290 485 3369 dogmatum
507 3295 632 3354 veritate
654 3302 684 3353 et
706 3293 868 3357 subtilitate
895 3293 1046 3376 explorate
1075 3295 1205 3360 iudicare
1232 3291 1359 3372 possint
1401 3291 1457 3354 llls

230 3391 364 3454 eiusdem
386 3391 491 3452 aetolis
513 3392 621 3472 scripto
642 3393 802 3472 polemico,
826 3413 900 3474 quae
922 3412 1002 3457 nunc
1022 3397 1204 3477 apologetice
1226 3390 1325 3472 potius
1347 3391 1452 3470 appel-

229 3492 290 3555 lere
318 3489 469 3564 solemus,
502 3490 582 3554 relnt
603 3493 723 3556 liusobii
746 3494 917 3575 Euangeliou
945 3498 1130 3578 praeparatio
1153 3501 1183 3558 at
1204 3489 1376 3572 Ersogelies
1397 3491 1452 3554 de·

216 3592 418 3666 monstratio,
438 3591 590 3655 Athanasii
613 3593 689 3656 liber
704 3605 805 3658 contro
820 3605 934 3676 gentes,
950 3595 1156 3678 chrysostomi
1170 3593 1312 3658 strenus
1326 3591 1452 3658 lttdsess

230 3695 381 3756 orationes
404 3701 435 3756 et
455 3693 687 3769 demonstratio,
710 3698 787 3776 quod
811 3699 947 3761 Christos
970 3699 1010 3760 sit
1025 3699 1121 3772 deus,
1145 3693 1242 3778 Gyrilli
1264 3694 1453 3758 Alexandrini
1501 3725 1502 3733 κ

229 3805 332 3860 contre
363 3793 485 3873 impium
508 3791 650 3858 lulianum
681 3797 748 3860 libri
770 3799 818 3872 x,
841 3793 1020 3861 'theodoreti
1054 3799 1234 3862 Graecarum
1265 3795 1453 3860 allectionem

229 3897 360 3969 curatio,
392 3893 428 3955 ad
459 3895 592 3957 notitiam
620 3895 790 3976 dogmatum
820 3901 1056 3978 theologicorum
1083 3887 1144 3960 non
1174 3907 1285 3960 entant
1315 3908 1452 3976 prosunt,

230 4009 371 4079 qunntm
382 3994 448 4056 libri
465 3995 684 4076 apologeurum
699 4001 885 4063 soeculorum
903 3999 1026 4060 secundi
1040 4008 1070 4059 et
1084 3998 1174 4069 tertii,
1189 4013 1286 4076 noque
1300 3999 1332 4058 in
1342 3997 1452 4056 biblio·-

228 4100 360 4170 tbooum,
383 4095 481 4176 qualis
503 4096 575 4160 boec
595 4107 696 4163 nostro
718 4109 781 4175 est,
804 4099 959 4162 releraudn
981 4104 1064 4158 sunt:
1096 4095 1273 4176 praesertim
1295 4107 1386 4172 quum
1408 4111 1453 4166 aa,

229 4217 304 4282 quae
326 4195 445 4260 motti
471 4207 544 4260 *suut
570 4207 599 4262 et
627 4199 823 4272 Theodorou,
853 4216 948 4279 nuper
970 4215 986 4258 s
1008 4195 1122 4256 Thema
1145 4192 1299 4265 Gmsiord,
1329 4191 1393 4252 rire
1416 4191 1453 4254 de

228 4298 335 4364 litteris
358 4297 472 4378 graecis
501 4299 706 4364 immortaliter
732 4299 857 4370 merito,
887 4294 1045 4376 seperatim
1074 4293 1151 4355 editu
1174 4291 1251 4353 sint..
1286 4291 1368 4354 idem
1390 4293 1452 4358 iero

228 4397 417 4466 indicendum
438 4407 486 4460 est
507 4399 544 4462 de
565 4400 762 4482 scriptoribus
785 4395 957 4477 polemicis,
986 4395 1037 4473 poi
1066 4404 1116 4455 unt
1144 4411 1249 4456 ornnes
1272 4393 1451 4459 anteceden-

228 4501 302 4567 dun
325 4509 354 4564 et
376 4514 500 4562 suorum
530 4499 669 4564 luereses
703 4504 903 4579 exposuerunt
936 4493 1082 4573 simulque
1114 4493 1234 4556 eosdem
1267 4494 1396 4560 breviter
1416 4515 1451 4562 oc
