3216 5048
567 267 679 312 ourro
695 219 1011 311 deminutiones.
1323 255 1385 322 28³

151 427 224 489 etos
250 443 306 506 pro
339 421 429 484 nobis
451 417 671 480 edmirimtio
698 417 877 498 Angelorum
906 417 1165 480 administratione
1186 423 1470 501 praestantiorem

154 535 206 590 eet
226 529 310 600 tento,
333 523 462 602 denique
484 520 581 600 ipsum
604 519 675 582 item
696 521 804 583 fedum
827 527 876 582 est
896 519 943 582 rie
964 529 994 582 et
1008 521 1201 584 resurreetio.
1244 523 1341 604 Atque
1355 533 1389 588 ut

155 628 237 692 istud
259 627 329 690 Fine
350 625 427 688 ests
447 627 480 685 ie
502 621 598 684 iteum
617 631 823 702 protectorem
837 640 897 683 non
917 631 1040 684 neturee
1055 621 1152 704 ipsine
1169 623 1220 686 [iei
1243 643 1388 706 procree-

154 730 288 802 tiouem,
317 727 371 788 sed
390 725 455 786 eius
476 723 704 796 humanitatem,
726 731 762 785 ut
781 722 862 796 dixi,
886 723 1031 802 significet
1052 733 1083 786 et
1102 723 1324 807 benignitatem,
1347 727 1387 792 ite

155 831 208 894 bis
229 828 353 890 uocibus
372 830 584 908 proestoottor
612 825 716 904 sonus
738 823 859 902 inpetis
888 833 918 884 et
945 825 1048 904 {uetur
1070 838 1115 889 eet
1136 837 1166 888 et
1187 841 1272 892 tuoto
1293 809 1386 911 prbe-

159 934 297 994 eteote'or
318 945 451 1008 sponsor
471 927 573 1006 suetus
595 935 641 988 est
664 925 751 987 Iesus
772 942 835 986 non
856 922 943 984 Verbi
966 925 1041 986 teoto
1069 943 1137 988 esse
1163 937 1266 992 nature
1289 931 1384 1012 sigori-

159 1030 265 1092 tioetur
287 1027 405 1106 (obsit),
433 1027 486 1088 sed
507 1025 700 1100 beneficium,
728 1024 809 1105 qood
838 1043 874 1086 ex
896 1025 961 1086 eius
984 1024 1152 1104 oooepimue
1173 1027 1383 1106 internetione,

159 1129 349 1211 euentumuie
378 1127 484 1210 ingroti
512 1129 622 1190 inerim
649 1126 791 1190 beeretiei
819 1135 905 1206 etque
933 1126 964 1188 iu
998 1125 1106 1188 tuendo
1139 1125 1288 1206 impietate
1314 1151 1384 1212 per.

158 1249 319 1312 purgnnoee.

450 1447 653 1512 ntusuntt
683 1447 868 1509 CONTRA
892 1446 1093 1510 sntsNtts

622 1577 746 1634 unitio
766 1578 929 1632 SECUNDA.

245 1743 273 1801 1.
318 1737 381 1816 Ego
403 1735 521 1816 quidem
544 1753 742 1816 spereuerom,
766 1735 841 1806 tore,
864 1741 897 1795 ut
912 1733 973 1796 toti
996 1733 1129 1796 insuoiee
1150 1733 1314 1797 histriones
1335 1753 1386 1797 er-

155 1839 318 1920 gumentis,
341 1857 415 1919 quse
437 1857 528 1918 supro
551 1855 617 1899 oum
640 1837 676 1898 od
698 1837 766 1898 ilios
787 1835 983 1899 oontutondoe
1012 1845 1074 1898 tum
1096 1835 1133 1898 ed
1155 1836 1308 1900 veritatem
1329 1855 1385 1919 ps·

157 1939 351 2002 teisoiondem
374 1938 503 2012 uoueri,
525 1939 655 2000 contenti
678 1939 819 2018 deinoeps
841 1937 1039 2018 quiescerent,
1061 1938 1203 2020 ipisoeque
1218 1939 1387 2019 poeniteret

158 2047 217 2104 tem
244 2041 321 2103 mele
343 2041 379 2103 de
400 2040 552 2103 sonore
579 2039 715 2102 sensisse
742 2048 773 2102 et
799 2039 914 2102 locutos
937 2059 1016 2103 esse.
1061 2040 1168 2103 Verum
1192 2040 1249 2115 ilii,
1282 2041 1384 2104 neseio

155 2161 216 2222 quo
237 2151 335 2224 pedo,
357 2162 396 2205 ne
417 2143 457 2205 ite
479 2142 598 2222 nitidem
621 2141 775 2214 reeeduot,
799 2141 852 2203 sed
874 2159 1035 2220 porcorum
1058 2159 1201 2202 ronumue
1219 2159 1302 2202 more
1318 2159 1387 2202 sese

156 2242 187 2306 iu
208 2263 280 2307 sune
302 2245 475 2308 vomitionis
497 2244 560 2304 luto
583 2249 614 2304 et
635 2243 775 2304 sordibus
798 2242 965 2304 volutantes
988 2259 1063 2303 nore
1091 2247 1259 2322 commento
1282 2241 1385 2302 deien-

156 2345 270 2408 dondee
293 2345 453 2424 impietetiu
476 2361 564 2404 conse
587 2341 643 2403 sibi
666 2343 841 2420 excogitent.
886 2343 987 2420 ltoque
1010 2359 1065 2402 neo
1085 2341 1157 2402 ittud
1176 2341 1386 2419 intelligentes,

156 2447 239 2525 quod
261 2445 291 2506 in
314 2443 483 2505 Proverbiis
507 2441 651 2521 scriptum
674 2449 735 2502 eet:
759 2441 907 2504 Dominus
930 2445 1046 2504 nreuus‘t
1066 2459 1112 2504 ote
1134 2445 1256 2504 initium
1270 2447 1389 2506 usurum

160 2565 290 2608 reorum
311 2549 345 2607 io
367 2563 460 2625 opero
482 2563 548 2616 suo,
571 2561 627 2606 nec
648 2541 727 2605 istud
743 2541 894 2624 Apostoli:
920 2543 985 2618 Qui
1002 2543 1101 2626 fidelis
1124 2553 1169 2608 eet
1188 2547 1226 2620 ei,
1247 2549 1302 2628 poe·
1315 2546 1389 2625 seuit

157 2647 261 2720 diluet,
297 2655 410 2708 temere
431 2645 608 2708 alternentur
629 2647 769 2726 aiuntque
791 2646 843 2708 not
867 2645 972 2708 Filium
994 2665 1058 2708 rem
1081 2649 1185 2710 tortum
1207 2655 1239 2708 et
1259 2655 1386 2710 uentum
1445 2639 1467 2670 ''

157 2769 237 2812 esse.
280 2750 359 2812 Sene
380 2767 417 2810 ex
440 2747 502 2820 bis,
531 2767 606 2828 quoe
636 2767 725 2827 sopra
748 2747 824 2810 dicte
847 2757 932 2822 sunt,
966 2748 1073 2810 iioebot
1100 2748 1176 2829 ipsis
1204 2749 1386 2828 perspicere.

158 2851 217 2912 nisi
240 2869 348 2912 sensus
370 2850 490 2930 penitus
513 2849 696 2920 omisissent,
718 2849 825 2910 Filium
848 2857 922 2910 teste
937 2849 1058 2910 venitote
1073 2868 1108 2911 en
1124 2848 1216 2910 nihilo
1232 2867 1293 2910 non
1308 2867 1386 2920 esee,

157 2969 257 3029 neque
278 2951 315 3012 ed
337 2970 387 3012 res
410 2953 501 3012 tentos
523 2950 580 3012 ullu
602 2949 718 3011 ratione
740 2949 900 3029 pertinere.
946 2950 1019 3010 Cum
1042 2951 1122 3010 enim
1144 2950 1223 3010 lions
1251 2950 1314 3028 ipse
1338 2934 1387 3020 sit,

157 3052 281 3114 neotus
303 3059 349 3112 est
380 3070 446 3112 euro
475 3061 604 3112 ereetum
627 3051 736 3112 dicere.
780 3049 933 3129 Siquidem
960 3067 1061 3110 rerum
1090 3059 1255 3110 createrem
1285 3057 1315 3110 et
1343 3051 1473 3109 to-r.uo.

158 3160 272 3216 etenum
293 3153 448 3234 proprium
472 3162 518 3215 est
538 3151 596 3214 diei
619 3171 654 3213 ex
676 3150 770 3212 nibito
799 3169 868 3212 esse
896 3169 951 3211 neo
978 3149 1072 3210 tuisse
1101 3157 1256 3228 antequem
1284 3147 1388 3228 gigne·

156 3263 271 3317 rentur.
323 3255 448 3328 Quando
477 3273 565 3328 vero,
601 3263 740 3334 tanquam
770 3252 854 3314 veriti
882 3271 899 3313 a
926 3251 1056 3332 propriis
1089 3249 1243 3312 discedere
1272 3248 1389 3321 tubulis,

158 3375 249 3436 supro
272 3357 364 3420 dions
388 3357 553 3420 divinorum
576 3357 796 3436 seripturarum
818 3373 906 3416 sones
930 3353 1060 3416 obiicere
1083 3351 1196 3424 soient,
1223 3371 1298 3432 quoe
1321 3351 1389 3431 qui-

156 3457 226 3521 dem
247 3467 328 3520 route
351 3467 421 3521 sunt
443 3461 586 3540 scriptae,
621 3459 675 3520 sed
703 3475 777 3538 quus
806 3457 849 3518 itti
878 3456 1026 3518 malitiose
1058 3455 1306 3534 interpretentut3
1335 3471 1389 3532 ege

159 3557 225 3637 quio
249 3559 289 3622 sit
309 3562 468 3624 uerborum
490 3561 608 3623 itionum
632 3577 742 3627 sensus
764 3567 945 3639 repetemus,
968 3575 1035 3620 oum
1058 3565 1091 3620 ut
1106 3555 1250 3618 Fideiium
1272 3553 1388 3617 animos

158 3745 228 3794 editis
242 3754 366 3807 proetereo
377 3749 678 3812 preemittitutoeoeuetoe
689 3747 746 3797 tito·
833 3746 857 3795 b.
875 3746 976 3804 Sonuer.
995 3743 1093 3795 Gobier.
1118 3751 1141 3792 et
1159 3743 1262 3792 Fetotm.
1278 3743 1299 3790 t.
1324 3749 1348 3790 et
1365 3741 1390 3792 4.

158 3813 196 3862 ius
215 3811 264 3861 τοῦ
280 3806 312 3864 ἐν
323 3807 413 3879 ἁγίοις
429 3823 474 3865 ete.
687 3821 692 3832 '
799 3799 870 3862 sivos
886 3807 936 3860 τὸν
953 3805 1022 3861 υἱὸν.
1041 3802 1090 3859 οὐκ
1100 3801 1135 3858 ἄν
1145 3801 1185 3869 εἴη
1198 3801 1261 3858 οὐδὲ
1275 3803 1388 3874 ποίημα.

191 3895 213 3931 e.
232 3881 330 3931 Gobter.
349 3893 372 3932 et
386 3883 490 3934 Fetetm.
505 3883 526 3932 1.
542 3874 579 3934 uir
595 3871 626 3934 dr
641 3875 687 3930 eoi
703 3873 747 3929 eui-
800 3881 890 3930 ibidem
907 3881 1004 3931 Gobter.
1023 3887 1047 3928 et
1058 3879 1163 3928 Fetottro.
1178 3878 1199 3926 t.
1218 3885 1242 3926 et
1259 3875 1283 3926 4.
1303 3877 1390 3926 bibent

156 3959 201 4000 uer
216 3943 280 4016 περὶ
309 3943 372 4003 τοὺς
402 3942 488 4002 idiour
507 3943 628 4016 ἐμέτους.
672 3949 763 3998 iidem·
797 3946 952 4012 γεννητῶν,
983 3947 1027 3996 nisi
1046 3945 1160 3996 mendum
1179 3949 1211 3994 sit
1228 3943 1390 4010 Tppopreppi.

156 4015 246 4065 ibidem
264 4027 288 4066 et
306 4019 407 4079 Sepoer.
431 4018 487 4080 neg.
512 4018 618 4070 Feictos.
634 4015 658 4064 4.
682 4025 706 4065 et
723 4017 748 4066 b.
800 4017 900 4076 Sepuer.
919 4016 975 4076 Rep.
995 4022 1019 4063 et
1037 4013 1093 4062 editi
1110 4009 1241 4077 γενητῶν.

155 4075 202 4130 καὶ
218 4075 268 4130 τὸν
285 4077 399 4133 ἑαυτῶν.
437 4085 462 4134 tn
482 4085 551 4133 editis
569 4078 616 4130 καί
633 4082 708 4132 deest.
834 4083 850 4132 i.
874 4084 973 4144 sepner.
993 4091 1016 4130 et
1025 4079 1130 4130 Feteim.
1139 4079 1163 4128 4.
1175 4071 1230 4127 ἀπὸ
1239 4076 1294 4137 τῆς.
1315 4076 1388 4126 Penio

190 4151 208 4200 i.
227 4152 267 4202 Sie
285 4151 384 4213 Sepone
413 4155 441 4210 tu
458 4153 556 4203 Gobter.
575 4149 747 4201 stertunt.
798 4157 856 4214 poet
873 4149 945 4212 Sego.
965 4147 1035 4200 Gobi.
1055 4139 1390 4223 Feiettm.t.npoeepo'psdvoe

155 4210 188 4265 ed
206 4217 257 4267 red
275 4213 438 4269 brunsteni.
476 4220 580 4269 t’etrtre.
590 4219 615 4268 4.
632 4210 702 4284 μήτε
714 4210 747 4264 ed
799 4209 876 4283 ῥητά.
912 4215 974 4266 nont
982 4223 1007 4264 et
1015 4215 1057 4266 eiii
1070 4209 1256 4284 προειρημένα
1268 4207 1387 4277 poppone.

155 4279 234 4350 παρὰ
250 4285 290 4352 τῷ
308 4281 461 4353 duouro'irp.
492 4288 553 4338 Editi
570 4279 639 4353 μήτε
659 4278 690 4333 τὸ
707 4281 748 4349 τᾷ
833 4286 855 4334 t.
873 4279 926 4352 ptr
948 4285 1017 4335 obest
1040 4300 1053 4334 e
1077 4285 1176 4336 Gobter.
1201 4289 1225 4331 et
1250 4277 1388 4330 detrimt.

157 4342 264 4404 trenes
305 4394 311 4406 .
345 4357 398 4407 iton
416 4351 679 4422 propatoreuoow
702 4355 748 4402 Se·
799 4353 890 4403 ibidem
910 4353 981 4402 iidem
999 4360 1024 4401 et
1041 4351 1182 4416 Sepoerieo.
1200 4363 1229 4397 ee
1246 4341 1389 4395 retourne

156 4435 267 4490 resep
328 4419 412 4478 obex.
800 4413 881 4486 ppdso
953 4412 1047 4485 ripere.
1085 4417 1164 4468 ceteri
1189 4421 1213 4464 st
1236 4412 1293 4462 editi
1314 4403 1390 4474 pp&-

191 4503 214 4553 ε.
228 4491 543 4558 ttueorsuoneoprtmen
553 4486 748 4542 remberti&
801 4487 909 4554 suprad
940 4499 982 4536 ro.
