3220 5046
579 299 687 346 enarro
703 299 723 344 r.
739 301 854 346 eorum
867 301 1003 346 munos.
1335 285 1397 352 tet

173 461 227 526 s'en
247 451 344 522 Verb'o
366 454 462 518 luisse
484 451 616 514 dieentes
637 453 736 530 possit
756 452 858 516 serre?
899 453 1030 536 Namque
1051 455 1156 518 eedem
1178 461 1213 517 ae
1233 471 1325 535 supra
1345 472 1396 517 re·
1405 465 1483 512 eur.

174 564 341 632 volvuntur,
365 554 482 618 etiamsi
507 551 571 614 suis
593 553 714 632 argutiis
737 555 890 635 smputum
912 556 990 618 bone
1010 567 1156 620 eruentur
1177 557 1269 618 vitare
1291 563 1322 618 et
1344 574 1399 618 oe-

173 665 302 736 oultare3
330 658 384 722 sed
407 657 527 716 irustra.
570 653 663 716 Nemo
697 656 775 718 euim
797 657 855 718 illis
876 657 923 718 rei
944 657 1046 720 saltem
1067 677 1154 722 eures
1176 658 1321 740 praebere
1341 675 1399 720 re·

171 766 264 831 luerit
284 755 549 829 contendentibus,
576 755 670 816 ileum
697 775 758 817 non
787 772 905 835 semper
931 757 1022 820 inisse
1047 759 1181 835 Patrem,
1210 759 1264 822 sed
1291 767 1399 840 postea

175 871 286 930 lanum
308 877 388 932 esse,
410 865 442 920 ut
463 856 576 919 seilieet
597 855 666 918 inde
684 857 804 936 fingant,
827 857 891 918 eius
905 857 1032 920 Verbum
1047 860 1202 940 aliquando
1216 879 1278 924 nen
1293 863 1398 926 luisse.

176 969 274 1030 Nemo
301 962 418 1042 inquam
445 961 519 1022 beee
544 975 597 1020 eos
629 957 815 1038 disputantes
842 957 988 1038 patienter
1014 960 1153 1035 audierit,
1186 981 1251 1026 nrm
1273 973 1399 1045 propter

179 1065 304 1148 plurima
330 1081 405 1142 quae
429 1079 520 1140 supra
547 1058 691 1122 adversus
711 1058 787 1120 ⁴illes
814 1057 898 1120 allata
926 1065 996 1121 sunt
1022 1068 1209 1139 erprmeute,
1240 1071 1302 1126 turn
1330 1081 1400 1128 emn

178 1167 305 1230 loannes
327 1163 418 1225 dieat:
441 1161 518 1224 Brut
535 1160 671 1233 Verum,
695 1169 725 1222 et
744 1159 852 1222 Paulus
874 1160 1000 1222 seribat:
1026 1161 1089 1234 Qui
1109 1171 1155 1224 ert
1176 1161 1319 1241 splendor
1333 1164 1401 1244 pls-
1459 1197 1461 1203 =

178 1273 256 1344 rioe,
279 1273 325 1328 et:
347 1269 400 1348 que·
419 1273 466 1326 ert
486 1281 581 1343 super
603 1267 703 1324 omnin
723 1261 806 1324 Deua
828 1262 998 1324 benedictos
1020 1265 1054 1324 in
1076 1261 1208 1326 saeculo.
1252 1263 1352 1326 Arsen.

265 1371 317 1434 25.
361 1367 497 1428 Profecto
520 1363 613 1428 satius
637 1363 755 1442 quidem
784 1361 890 1426 luisset
913 1381 965 1426 eos
987 1381 1112 1444 prorsus
1140 1363 1245 1438 silere3
1273 1367 1304 1424 at
1324 1381 1403 1443 quo-

178 1471 260 1534 niem
281 1469 386 1530 nolunt
413 1467 582 1548 quiescere,
613 1463 639 1526 si
668 1465 734 1544 quis
762 1465 1036 1544 impudendssimas
1064 1466 1184 1528 illorum
1212 1464 1404 1546 quaestiones

177 1575 307 1636 relutere
328 1563 464 1640 voluerit,
487 1566 593 1629 similia
615 1565 746 1628 vicissim
768 1566 805 1628 ab
827 1567 886 1628 illis
904 1567 1042 1630 audenter
1056 1567 1217 1647 perquiret
1254 1565 1405 1628 Fortassis

176 1674 257 1738 enim
279 1689 346 1734 earm
368 1670 487 1750 seipsos
511 1667 658 1732 similibus
679 1667 808 1730 viderint
828 1669 965 1732 absurdis
987 1669 1163 1750 impeditos,
1195 1669 1314 1732 tandem
1336 1685 1405 1732 eum

178 1776 299 1837 veritate
320 1789 453 1852 pugnare
481 1769 637 1832 desistent.
681 1769 779 1832 llultis
806 1770 896 1850 igitur
925 1789 991 1834 eum
1022 1770 1160 1851 precibus
1187 1769 1292 1834 birine
1318 1769 1403 1850 prins

180 1876 336 1956 implorata
363 1871 535 1946 elementia,
566 1870 610 1932 sio
636 1870 710 1950 ipsis
741 1871 807 1952 quis
835 1873 1010 1934 oeeurrerit:
1040 1873 1136 1946 „Num
1164 1873 1214 1952 qui
1242 1880 1290 1936 est
1309 1871 1402 1946 nee,

183 1995 277 2052 „eum
298 1983 383 2036 antea
404 1992 464 2036 non
486 1981 575 2048 esset,
597 1980 703 2052 postea
724 1973 817 2035 iaetus
840 1981 897 2047 est,
922 1974 969 2036 rel
990 1983 1037 2036 est
1058 1993 1095 2036 ne
1118 1974 1204 2036 etiam
1226 1961 1401 2056 priusquam

183 2075 315 2154 „deret‘l
357 2075 435 2156 Ergo
458 2076 484 2138 is
506 2095 573 2138 eum
595 2083 691 2149 esset,
726 2073 857 2154 seipsum
887 2075 970 2148 leoit,
1000 2075 1045 2138 vel
1074 2085 1117 2138 est
1147 2095 1183 2138 ex
1204 2076 1284 2138 nullo
1307 2086 1404 2150 ortus,

181 2198 335 2260 „namque
363 2178 436 2241 nibil
463 2186 549 2240 antea
570 2185 674 2272 esset,
708 2177 808 2238 subito
838 2176 1022 2257 appamiti“
1066 2177 1175 2240 Verum
1200 2175 1329 2240 absurda
1356 2183 1407 2238 eet

180 2279 354 2344 huiusmodi
377 2279 529 2358 quaestio;
557 2279 597 2339 ita
618 2279 705 2358 plane
726 2279 838 2352 iateor,
868 2278 996 2340 absurda
1018 2287 1065 2340 est
1084 2278 1226 2358 valdeque
1247 2277 1353 2358 impia,
1375 2285 1407 2338 et

182 2392 230 2444 est
250 2391 351 2442 tamen
373 2378 538 2456 quaestioni
560 2378 694 2458 ipsorum
709 2377 824 2442 eimilis.
867 2364 941 2440 Nam
961 2379 1105 2441 utrumvis
1120 2377 1256 2452 dixerint,
1278 2375 1309 2440 id
1325 2375 1407 2440 omui

184 2481 305 2560 plenum
326 2475 477 2557 impietate
499 2485 555 2539 est.
591 2477 623 2540 Si
638 2495 728 2560 porro
744 2481 817 2542 beee
838 2480 875 2542 de
888 2480 951 2542 Deo
974 2497 1116 2560 quaerere
1137 2479 1260 2560 impium
1275 2487 1305 2542 et
1319 2495 1407 2558 quaem

186 2579 312 2644 maxime
333 2579 455 2659 impium
478 2586 541 2653 est,
563 2599 624 2642 non
645 2581 743 2644 minor
764 2601 837 2644 sana
858 2581 994 2664 impietas
1015 2581 1104 2644 luerit
1125 2581 1227 2644 eadem
1248 2581 1286 2644 de
1308 2579 1406 2643 Verbo

183 2683 380 2763 interrogare.
425 2680 628 2743 Verumtamen
648 2684 685 2746 ad
707 2683 827 2746 stultam
854 2683 930 2746 bauo
956 2691 986 2746 at
1006 2683 1141 2746 insanam
1171 2683 1289 2746 illorum
1309 2683 1408 2744 inter-

184 2785 370 2863 rogationem
393 2781 579 2844 erertendam
601 2785 769 2847 necessaria
797 2783 912 2846 ridetur
937 2784 1108 2847 huiusmodi
1136 2786 1306 2866 responsio.
1349 2784 1405 2846 Ni·

186 2885 294 2946 mirum
316 2903 437 2962 semper
458 2891 503 2945 est
525 2883 620 2959 Dens;
649 2903 683 2947 ae
708 2885 834 2964 proinde
862 2903 929 2946 eom
951 2904 1069 2964 semper
1097 2885 1137 2948 sit
1155 2886 1259 2958 Pater,
1288 2903 1408 2966 semper

186 3003 307 3066 quoque
329 2993 376 3047 est
397 2983 529 3046 eiusdem
551 2984 702 3062 splendor,
725 2984 804 3063 quod
826 2994 872 3046 est
893 2986 988 3064 ipsius
1005 2986 1144 3048 Verbum.
1187 2985 1343 3048 Praeterea
1358 2985 1411 3064 qui

185 3094 235 3151 est
255 3087 345 3161 Deus,
368 3086 507 3159 Verbum',
530 3085 610 3164 quod
632 3085 702 3148 item
725 3093 780 3158 est,
801 3085 891 3148 babet
911 3105 945 3148 ex
967 3087 1079 3166 seipso,
1102 3103 1196 3164 neque
1212 3084 1340 3148 Verbum
1362 3091 1412 3148 est

184 3196 292 3271 postea
314 3187 462 3260 adnutum,
486 3187 564 3268 quod
587 3187 672 3267 prius
691 3204 753 3248 nou
768 3195 856 3259 esset,
878 3205 974 3267 neque
988 3187 1076 3250 Pater
1090 3203 1218 3266 unquam
1234 3185 1299 3248 siue
1315 3183 1412 3246 Verbo

184 3289 251 3354 tuit.
295 3289 370 3352 Nam
391 3287 498 3368 impia,
522 3307 578 3370 qua
601 3287 693 3350 Filius
714 3287 882 3364 lacessitur,
905 3289 1026 3352 audacia
1048 3289 1079 3350 iu
1100 3288 1199 3369 ipsum
1219 3289 1337 3352 Patrem
1359 3303 1412 3348 re·

186 3391 314 3466 dondat,
342 3390 369 3452 si
391 3408 498 3470 nempe
519 3389 708 3478 sapientiem,
737 3387 864 3452 Verbum
887 3389 1042 3452 etlilium
1070 3389 1254 3452 extrinsecus
1277 3387 1334 3450 sibi
1356 3405 1411 3449 ex-

188 3493 336 3572 cogitasse
358 3491 488 3567 dicetur3
515 3489 668 3572 quodlibet
695 3490 774 3552 enim
797 3492 904 3554 borum
927 3493 1053 3566 dixeris,
1085 3492 1131 3566 id,
1165 3491 1244 3572 qnod
1267 3509 1303 3554 ex
1322 3489 1412 3552 Patre

193 3601 292 3655 natum
312 3603 374 3668 est,
398 3593 557 3674 signifieat,
581 3593 828 3673 quemadmodum
850 3593 960 3656 dietum
981 3603 1036 3656 est.
1079 3593 1167 3656 Leuis
1189 3593 1279 3674 igitur
1300 3591 1412 3655 futilis-

191 3713 249 3775 que
269 3695 342 3758 baee
362 3695 480 3758 illorum
502 3705 549 3757 est
571 3693 714 3775 quaestio,
737 3703 767 3758 et
787 3695 894 3759 merito
917 3695 1045 3776 quidem.
1091 3693 1165 3757 Nun
1179 3694 1318 3774 queniam
1332 3693 1410 3756 Ver-

189 3852 219 3898 at
235 3849 334 3912 sepner.
353 3839 367 3894 d
386 3841 425 3895 ὧν
441 3841 514 3902 θεός,
534 3837 683 3913 ὢνγέγονε.
712 3847 774 3900 Editi
825 3839 948 3912 ἂσεβεὶας
964 3839 1029 3897 ἔστί.
1065 3847 1203 3900 Goblerian.
1229 3855 1252 3896 et
1269 3845 1411 3896 tetelmt.

190 3924 215 3966 et
238 3916 279 3966 alii
303 3909 318 3963 d
343 3906 383 3963 aiv
407 3909 472 3969 θεὸς
488 3908 533 3963 καὶ
551 3907 599 3964 οὐκ
616 3907 655 3964 aiv
670 3909 774 3982 γέγονε.
824 3917 914 3979 duplic.
939 3924 962 3966 et
980 3915 1051 3966 dasii.
1077 3911 1159 3964 πλέον
1175 3909 1263 3974 aesinus
1280 3904 1412 3978 (ineptire.

163 3979 166 3993 '
191 3983 265 4032 Panlo
283 3991 339 4046 pert
357 3985 455 4046 Sequor.
473 3983 571 4034 Gobler.
591 3991 615 4034 et
632 3984 735 4036 Felelm.
752 3985 774 4034 1.
860 3985 882 4034 b.
901 3983 942 4032 Sie
959 3983 1056 4034 Gobler.
1076 3991 1100 4033 et
1116 3982 1219 4032 Felelm.
1232 3983 1254 4032 l.
1272 3979 1300 4032 le
1311 3981 1411 4046 Segner.

187 4045 308 4116 perditor
325 4042 405 4103 inec
420 4043 564 4117 πρότερον.
826 4042 859 4100 ὃν
873 4043 949 4100 ἔστιν
965 4041 1068 4104 didisse.
1102 4051 1165 4101 Editi
1189 4059 1213 4100 et
1238 4050 1278 4101 elii
1296 4043 1335 4098 ὤν
1351 4043 1416 4098 im

224 4121 241 4168 l.
258 4119 361 4182 Sequar.
379 4119 475 4170 Gobler.
494 4119 598 4169 isicius.
618 4117 640 4168 l.
666 4113 772 4168 πλείων.
826 4112 873 4168 καὶ
889 4109 991 4170 didinc.

190 4185 262 4237 basil.
288 4187 379 4250 bergile.
406 4187 460 4248 aeg.
487 4187 670 4238 consternet.
688 4183 777 4238 nidor.
862 4188 877 4237 i.
895 4174 1414 4249 Sequor.noeter.etuetctm.¹.ltednat

192 4254 251 4304 ibid.
270 4255 369 4317 sepner.
388 4248 471 4320 ὁμοία
486 4267 519 4319 γε
536 4253 568 4322 τῇ
581 4263 625 4306 ete.
644 4255 694 4305 llor
705 4256 777 4319 idem,
829 4245 904 4304 ὄντα.

191 4321 262 4373 Gobl.
275 4331 299 4372 et
311 4322 445 4373 ieiumi.
461 4315 594 4390 ὁπότερον
609 4317 663 4390 γὰρ
673 4315 778 4375 εἴπωσι.
862 4321 1056 4387 bSieSeqoer.
1090 4323 1119 4372 lt
1135 4309 1208 4372 baeu
1232 4312 1314 4396 qdrqi.
1349 4315 1413 4366 netu

225 4406 247 4453 q.
266 4389 307 4441 Sic
325 4405 382 4440 mss.
401 4399 496 4456 praeter
515 4391 619 4442 Veieim.
635 4391 668 4450 2.,
687 4393 711 4442 in
729 4405 777 4457 quo
829 4381 911 4456 ebed.
936 4391 1084 4442 lloxomnes
1100 4405 1159 4440 mas.
1177 4377 1193 4435 d
1209 4399 1264 4450 γαρ
1283 4392 1329 4434 ete.
1353 4381 1415 4432 uut-

190 4465 216 4507 et
233 4459 256 4508 in
275 4459 346 4509 editis
363 4459 450 4509 dmum
469 4451 494 4508 ei
510 4453 541 4508 di
558 4454 589 4507 τὸ
607 4449 694 4513 οὕτως
711 4453 778 4527 lpo-
828 4460 862 4508 tie
880 4458 998 4511 cnmnel.
1023 4451 1037 4508 d
1060 4450 1115 4524 reip
1138 4447 1187 4505 es»
1204 4461 1249 4504 ete.
1284 4448 1345 4498 ibid·
1366 4439 1417 4497 So·

191 4522 244 4573 τᾶν
265 4519 329 4593 περὶ
351 4525 419 4577 θεοῦ
445 4521 607 4594 βλάςφημον
628 4521 673 4575 soi
698 4522 780 4576 πλέον
829 4539 895 4589 quer.
916 4517 959 4576 ἄν.
1229 4521 1232 4528 ’
