3084 5042
526 215 671 263 arueram
685 182 706 263 i.
721 221 758 262 aa
774 220 970 269 santernam.
1300 218 1361 282 725

132 376 234 429 amem
257 365 427 446 dmipnitas
454 375 482 428 et
513 366 687 432 immanitas
715 375 862 452 apparuit
883 373 1057 440 Saloutaria
1078 383 1181 442 nestri
1199 381 1270 455 Dei,
1298 401 1448 450 aenean.

86 478 93 489 ’
132 487 172 530 ea
195 467 336 549 apertius
358 471 508 559 iustitiae,
539 487 614 548 puae
634 472 760 550 sacimas
781 491 854 546 mos,
877 475 930 538 sed
950 479 1114 542 samniam
1134 500 1222 544 suom
1242 487 1364 548 misem-

134 570 269 632 aordiam
291 567 396 630 suinae
418 587 475 630 nes
496 571 571 649 feeit
588 590 647 651 per
670 569 826 636 lavacrum
848 583 1089 655 reponeretiauis
1112 593 1141 643 et
1155 588 1362 648 renovationis

133 667 270 748 Spiritus
292 673 400 742 sancti,
423 657 509 752 ¹quern
530 671 638 754 effudit
659 676 691 734 iu
713 692 769 735 mes
791 674 909 740 abunde
926 696 988 758 per
1003 679 1104 743 iesum
1121 681 1276 746 Christum
1290 684 1362 748 Sal-

132 779 272 862 outarem
292 778 443 842 uestrum,
465 781 502 834 ut
524 773 683 853 iustificati
701 778 802 852 aratia
823 780 920 858 ipsms
944 780 1066 843 heredes
1089 785 1183 845 simos
1199 785 1363 848 secondom
1444 839 1447 844 .

125 888 216 949 vspem
237 873 317 932 uitae
337 880 489 935 aeternae.
532 873 568 934 nt
590 873 669 952 quod
691 893 742 936 res
765 886 877 940 creatas
900 887 1022 958 spectet,
1049 879 1133 960 ips'ae
1154 893 1273 946 sanetae
1294 885 1360 947 effi-

134 969 251 1032 ciuntur
272 979 302 1033 et
322 967 519 1038 renovantur:
541 973 667 1038 dimittes
689 975 769 1038 enim
783 977 933 1059 Spiritum
955 991 1039 1044 tuum
1060 995 1092 1046 et
1111 985 1309 1058 creabantur,
1332 993 1362 1048 et

134 1073 295 1135 renovabis
317 1075 425 1153 faeiem
448 1084 566 1149 terrae,
605 1075 642 1136 Et
664 1063 789 1139 Paulus:
818 1079 1008 1161 Impossibile
1036 1095 1082 1146 est
1103 1089 1183 1147 emim
1210 1104 1277 1158 ens,
1309 1090 1364 1168 qui
1402 1131 1405 1148 .

133 1173 226 1235 semei
244 1184 319 1238 sont
339 1175 512 1258 illuminati,
534 1187 735 1254 portaverunt
757 1183 845 1243 etiam
861 1181 970 1244 donum
987 1183 1122 1258 caeleste,
1145 1195 1175 1246 et
1192 1189 1360 1267 parn'cipes

129 1273 210 1352 sacti
228 1287 303 1338 sunt
322 1275 460 1356 Spiritus
481 1273 589 1341 sancti.

218 1478 270 1540 23.
313 1477 415 1557 ltaque
437 1479 487 1558 qui
516 1497 577 1543 nan
599 1478 634 1540 ab
658 1479 715 1542 alin
738 1490 858 1544 sanctus
880 1483 1005 1546 efficitur
1027 1503 1124 1565 neque
1145 1487 1358 1552 sanctimoniae

131 1576 165 1636 iit
185 1577 344 1657 particeps,
368 1579 422 1640 sed
443 1580 511 1658 ipse
531 1579 604 1662 alins
626 1579 785 1661 participes
807 1583 919 1657 reddit,
943 1584 972 1646 in
996 1603 1055 1664 qno
1077 1597 1107 1648 et
1128 1605 1177 1650 res
1200 1589 1357 1651 universae
1427 1649 1429 1657 ,

96 1725 106 1739 ,
133 1685 247 1742 creatae
269 1675 388 1742 sauctae
411 1681 594 1754 efficiuntur,
628 1687 677 1761 qut
705 1685 825 1762 inquam
852 1684 916 1746 fieri
937 1693 1038 1764 potest
1059 1695 1092 1748 ut
1113 1687 1140 1749 is
1160 1688 1259 1752 lecum
1281 1689 1359 1753 inter

61 1835 65 1842 ,
131 1795 180 1840 res
204 1781 447 1856 amneshaheat,
470 1781 516 1843 vel
536 1783 676 1862 proprius
697 1784 816 1846 iliorum
838 1785 888 1858 sit,
911 1786 962 1864 qui
976 1786 1073 1866 ipsius
1088 1788 1162 1850 liunt
1175 1787 1358 1870 participes?

100 1880 106 1890 '
130 1879 205 1941 Nam
227 1882 277 1958 qni
298 1882 372 1944 haec
392 1882 432 1944 ita
454 1901 521 1946 esse
543 1886 754 1962 pugnaverint,
788 1903 841 1948 ees
865 1887 952 1950 etiam
975 1890 1140 1952 concedere
1160 1908 1287 1952 necesse
1309 1891 1358 1966 sit,

131 1980 254 2056 Filium,
282 2001 337 2063 per
358 2002 446 2064 quem
466 1987 517 2047 res'
539 2003 644 2048 omues
667 1989 759 2050 sactae
777 1995 862 2060 sunt,
891 2006 980 2052 unam
1008 1999 1105 2052 minen
1133 1991 1250 2054 illarum
1278 2009 1357 2055 esse.
1462 2009 1465 2020 ·

132 2083 262 2163 Spiritus
290 2084 362 2148 item
394 2086 527 2150 vivificus
564 2088 690 2150 dicture
722 2089 785 2162 Qui
793 2095 986 2163 ·soscitaoit,
1020 2091 1132 2169 inquit,
1164 2093 1359 2156 Christano

129 2187 459 2268 mortuis,.oiaifiaadit
481 2201 509 2252 et
528 2189 674 2251 mortalia
696 2207 830 2271 corpora
850 2199 956 2252 vestra
974 2207 1031 2270 per
1052 2192 1268 2254 moabitarum
1292 2195 1358 2254 eios

105 2286 282 2367 -Spiritum
302 2293 335 2350 iu
358 2289 451 2352 uadis.
495 2289 698 2373 Etblieminus
721 2289 838 2370 quidem
865 2289 933 2369 ipse
961 2297 1007 2352 est
1035 2291 1093 2352 vita
1121 2299 1151 2352 et
1179 2284 1287 2354 auitae
1309 2295 1358 2354 oi-

134 2400 198 2460 tne,
221 2397 255 2450 nt
275 2389 316 2450 ait
337 2389 453 2452 Petrus.
496 2391 578 2454 idern
600 2401 698 2454 tamen
721 2391 865 2454 Dominus
893 2391 948 2452 ait:
977 2375 1072 2473 Aaou,
1096 2411 1184 2473 quam
1206 2411 1257 2472 epo
1281 2392 1358 2456 dada

133 2487 177 2560 ei,
204 2489 258 2569 fiet
286 2493 319 2552 ia
347 2508 379 2551 ea
407 2493 479 2570 som
507 2511 602 2573 aquae
633 2493 771 2556 audientis
793 2496 826 2554 in
848 2496 941 2554 uitam
963 2503 1128 2558 aetermam.
1170 2493 1236 2556 Hoc
1257 2503 1360 2557 autem

131 2591 212 2652 ituit
231 2590 268 2653 de
288 2589 415 2670 Spiritu,
439 2611 524 2672 quem
546 2596 702 2672 acceptori
722 2603 811 2655 eraut
836 2592 989 2655 eredentes
1012 2598 1044 2656 im
1062 2613 1138 2658 eom.
1183 2594 1243 2656 Res
1258 2602 1359 2658 eutem
1434 2635 1437 2641 ·

129 2697 263 2765 creatae,
291 2689 334 2752 uti
357 2673 550 2764 dictumest,
582 2694 670 2756 vitam
692 2693 865 2773 peripsum
887 2693 1043 2774 accipiunt.
1089 2695 1146 2767 Qui
1168 2694 1259 2772 igitur
1279 2694 1356 2757 vitae
1395 2707 1408 2730 ‘

129 2809 190 2854 non
213 2792 247 2852 fit
266 2792 425 2874 particeps,
450 2793 503 2856 sed
526 2794 592 2874 ipse
614 2795 701 2870 alios,
710 2793 868 2874 participes
891 2795 970 2868 iacit,
997 2802 1028 2856 et
1047 2794 1134 2856 sitam
1157 2793 1247 2858 rebus
1270 2812 1355 2858 crea-

132 2893 169 2954 tis
192 2894 334 2974 impertit,
357 2895 472 2974 qualem
495 2915 607 2976 quaese
629 2896 836 2975 cognationem
858 2913 926 2957 cnm
947 2895 1038 2958 rebus
1059 2894 1145 2958 iactis
1165 2895 1277 2958 habere
1297 2911 1356 2975 pc·

131 2993 213 3056 testi
255 2997 312 3059 Aut
334 3015 391 3076 qua
414 2997 531 3060 tandem
559 2999 675 3061 ratione
703 2998 780 3059 inter
807 3015 858 3058 res
876 3004 994 3063 areatas
1016 2997 1183 3058 censendus
1206 2995 1259 3067 eit,
1289 3011 1358 3056 cum

130 3096 215 3175 ipsae
237 3098 267 3160 in
289 3098 341 3160 iiie
359 3100 448 3162 vitam
470 3100 598 3162 aterno
621 3095 789 3178 accipienti
832 3096 937 3159 Unctio
954 3115 1071 3176 quoqne
1086 3094 1215 3174 Spiritus
1238 3092 1357 3168 dieitur,

128 3207 161 3260 et
182 3207 230 3260 est
250 3199 321 3262 item
343 3201 488 3280 sigillum
519 3202 597 3264 unde
623 3201 752 3262 loannes
781 3197 898 3260 scribit:
929 3173 971 3284 βε
997 3216 1053 3284 pos
1074 3199 1247 3296 unan’ouem
1268 3211 1358 3274 auam

129 3305 289 3381 accepistis
311 3303 348 3364 ad
371 3322 413 3374 ea,
435 3315 537 3366 mouet
557 3307 590 3380 im
610 3303 707 3364 oadis.
750 3297 787 3364 Et
811 3317 875 3361 nan
895 3317 1014 3361 necesse
1036 3297 1165 3368 indetis,
1187 3305 1223 3358 ut
1244 3294 1355 3376 uliquis

128 3401 236 3464 deceat
257 3419 328 3476 oos,·
351 3404 403 3465 sed
425 3407 506 3466 sicat
525 3407 628 3466 amatia
651 3405 732 3474 edes,
754 3417 862 3480 nempe
884 3399 949 3462 eius
971 3399 1116 3478 Spiritus,
1140 3399 1224 3462 docet
1245 3414 1299 3459 oos
1322 3397 1443 3463 aeeon.

130 3503 276 3565 ommibus.
320 3503 358 3566 m
380 3503 456 3583 apud
478 3503 595 3565 Esaiam
615 3502 795 3582 Prophetam
816 3501 938 3581 legitur:
961 3501 1097 3582 Spiritus
1119 3499 1244 3562 Domini
1263 3516 1357 3579 super

127 3621 189 3678 me,
220 3607 305 3666 anius
336 3623 429 3666 caasa
455 3609 549 3667 auoit
573 3623 628 3667 me.
668 3603 782 3688 ,Paulus
811 3602 899 3666 etiam
922 3603 977 3664 ait:
1010 3601 1049 3664 Im
1070 3619 1128 3681 qua
1152 3610 1182 3663 et
1204 3591 1356 3664 eredentes

127 3707 244 3782 siponti
264 3709 335 3767 estis
365 3703 397 3766 iis
426 3706 502 3768 diem
529 3705 735 3768 redemtionis.
778 3703 815 3766 tu
845 3723 895 3766 res
923 3711 1036 3766 creatae
1065 3701 1115 3763 illo
1145 3701 1310 3780 signantur·
1327 3709 1358 3762 et

130 3927 137 3938 .
166 3905 186 3938 e.
206 3889 246 3940 Sic
264 3890 319 3951 Rea.
334 3889 357 3940 i.
376 3899 399 3940 et
416 3891 506 3953 tngiio.
541 3891 569 3940 tt
586 3891 683 3942 Gabier.
695 3901 719 3942 et
803 3889 820 3938 i.
839 3889 895 3951 Reg.
915 3888 937 3938 1.
955 3888 1054 3949 Sepuer.
1071 3887 1168 3940 Gobier.
1185 3895 1208 3936 et
1218 3887 1322 3940 tetctm
1335 3887 1358 3940 i.

129 3952 435 4022 1·ὀΙε1ιπι.1.μετέχων.
476 3957 522 4008 titi
546 3973 601 4008 rere
620 3966 644 4008 et
662 3959 718 4008 editi
770 3947 865 4022 ὥςπερ.
900 3957 959 4006 item
978 3947 1111 4040 Replsset
1128 3955 1228 4019 Seguer.
1249 3945 1357 4021 postei-

128 4019 256 4088 μέζοχυν.
293 4025 349 4087 ling.
370 4025 392 4075 1.
410 4034 433 4075 et
451 4025 550 4087 Segoer.
569 4039 623 4074 mar
641 4015 719 4089 ἅγιά·
770 4037 852 4090 nqeue
866 4024 959 4074 addunt
975 4037 1028 4072 aar.
1321 4069 1323 4073 .

126 4089 231 4148 caereo.
432 4101 440 4112 ·
804 4107 826 4154 g.
846 4093 886 4142 Sic
903 4093 960 4152 neg.
982 4093 1003 4141 1.
1023 4093 1123 4152 Segner.
1142 4089 1216 4140 Beeii.
1228 4099 1251 4140 et
1266 4090 1356 4152 duplic.

166 4161 189 4206 d.
209 4159 299 4220 Remi.
319 4159 424 4212 Feickm.
444 4159 467 4210 2.
486 4169 509 4210 et
527 4161 583 4210 editi
602 4157 717 4216 Connus·
769 4159 797 4208 ia
816 4160 869 4210 aliie
887 4168 965 4208 autem
982 4167 1005 4208 et
1023 4158 1093 4221 editis
1111 4159 1170 4208 haee
1187 4149 1240 4206 ἀλλ’
1261 4149 1298 4209 ais
1314 4171 1357 4206 ns·

129 4223 188 4276 naim
225 4228 275 4278 Max
293 4229 351 4291 Rea.
372 4228 394 4278 l.
412 4237 436 4277 et
453 4229 552 4291 Segusa.
570 4219 718 4286 vocemin-
770 4242 817 4290 qua
841 4227 870 4278 ed
894 4220 956 4292 περὶ
973 4218 1086 4274 πάντων
1104 4226 1198 4276 desunt.
1233 4224 1305 4274 Besii.
1323 4223 1355 4273 ib.

130 4291 199 4340 aetio
217 4297 336 4345 emittunt.
724 4348 729 4360 ,
770 4295 842 4344 habet
860 4285 974 4342 ἀλλὰτὸ
994 4285 1141 4343 adeodata.

87 4379 89 4382 ·
165 4375 187 4410 e.
206 4363 246 4410 Sic
264 4365 321 4426 fleg.
333 4363 356 4413 1.
374 4364 473 4426 Segosa.
492 4371 515 4412 et
525 4363 596 4414 Basil.
631 4363 676 4414 tiit
695 4371 719 4412 et
804 4362 827 4410 h.
845 4363 885 4411 Sic
903 4363 959 4425 ch.
974 4361 995 4412 l.
1014 4362 1113 4424 Segusa.
1131 4356 1203 4408 desii.
1219 4355 1316 4432 (labier.
1329 4365 1357 4434 ,⁸²

126 4429 187 4479 editi
206 4421 306 4483 αὐτοῖς.
769 4429 875 4494 Felctm.
895 4429 917 4479 i.
953 4429 1031 4480 Ceteri
1049 4435 1073 4479 et
1090 4426 1147 4477 editi
1164 4415 1188 4474 ei
1205 4415 1236 4472 di
1252 4435 1287 4472 sa
1303 4435 1358 4490 per
