3174 5082
235 299 276 366 28
748 309 935 384 ..reamare

209 483 313 550 “spem
336 465 456 529 emnem
478 463 583 526 salutis
603 462 737 542 pendere
764 473 917 538 senserat,
945 445 1063 526 omnem
1085 464 1174 526 uitam
1203 479 1287 526 suam
1309 481 1460 529 conmm-

228 569 316 642 aisae,
337 585 394 649 pro
417 563 617 627 incolumitate
638 564 770 626 ramulis
792 565 908 628 urbae
930 583 964 626 se
987 565 1112 626 inuidiae
1133 566 1330 646 perinrliaque
1363 568 1458 630 obm-

226 671 302 734 lime
321 679 354 730 et
368 669 490 732 adversa
505 665 626 744 poema
642 666 712 730 lorti
736 683 771 728 ao
784 666 933 728 mastauti
955 666 1055 728 anima
1077 665 1205 728 subiisse
1225 677 1257 730 et
1271 685 1343 729 raro
1366 669 1457 730 etiam

224 772 309 834 iusto
331 771 363 831 iu
385 769 499 830 hostes·
512 765 583 828 odio
617 784 730 847 eosque
758 767 933 848 pmbipendi
965 768 1065 828 studio
1087 767 1249 841 exarsisse,
1284 769 1358 830 haee
1383 769 1456 831 talia

228 872 296 952 quie
317 887 378 932 nou
395 869 553 932 erubeseat
565 867 756 950 vituperando
772 865 931 948 aldigurul⁴
954 867 1074 930 Mum
1091 869 1453 949 exseruerintumgortos

227 971 431 1036 Nazianzenus
451 969 560 1049 aliique
574 977 688 1032 aamres
702 970 732 1030 io
747 969 901 1031 laudandis
916 968 1068 1030 Athanasii
1089 969 1259 1044 uirtutlbuu
1275 981 1355 1032 uerte
1375 985 1454 1049 pao·

229 1073 390 1136 habiliores
411 1089 491 1134 auno
509 1071 597 1132 nabis
619 1069 757 1132 ridentur
778 1070 837 1132 illis
860 1085 976 1132 morum
999 1069 1257 1148 vituperatoribus.
1340 1113 1345 1124 .

314 1174 372 1238 Sed
394 1173 460 1254 plue
483 1172 531 1234 bio
552 1181 654 1234 nostra
675 1172 882 1234 mudena
903 1171 941 1231 do
951 1169 1112 1252 Athanasio
1133 1171 1273 1250 theologo
1295 1179 1325 1232 et
1345 1170 1454 1252 dispa-

227 1285 322 1340 tutore
344 1275 438 1355 deque
452 1273 587 1336 vindieiis
608 1273 802 1352 prinoipatus‚-
825 1289 968 1352 quaeum
989 1271 1109 1350 dignum
1125 1289 1193 1334 asse
1213 1271 1350 1334 diximus.
1395 1272 1452 1334 tr-

225 1378 304 1440 onim
326 1375 487 1439 verendum
504 1384 561 1447 eet,
585 1391 622 1436 us
636 1373 763 1436 lautores
778 1373 856 1436 baud
871 1371 956 1453 pauni
973 1374 1003 1434 io
1019 1372 1141 1452 eorpus
1162 1373 1318 1452 polemicis
1339 1373 1453 1453 passim

225 1480 378 1542 eamdam
399 1485 430 1538 at
450 1477 516 1538 iure
536 1475 719 1554 reprehensa
742 1481 862 1554 putent,
885 1491 962 1553 quae
984 1481 1081 1535 tamen
1104 1473 1241 1535 moneam
1264 1474 1373 1536 habeut
1395 1491 1451 1536 ex-

226 1579 412 1642 eusationem
433 1595 530 1655 neque
543 1574 735 1638 Athanasium
757 1575 929 1636 interiorem
952 1575 1063 1636 lanium
1084 1575 1148 1636 allis
1172 1575 1218 1636 sui
1241 1576 1351 1637 saeoull
1372 1575 1449 1638 seri-

91 1671 94 1678 ’
224 1680 361 1760 pluribus
382 1678 429 1738 rel
451 1675 727 1757 praestantissimis.
770 1676 813 1738 lta
845 1675 945 1755 negari
978 1677 1100 1738 omniuo
1132 1691 1193 1738 non
1216 1683 1334 1756 potest,
1367 1677 1450 1738 illum

227 1781 259 1842 iu
281 1778 532 1859 disputationibus
554 1793 614 1838 nou
637 1789 755 1858 semper
776 1795 851 1851 eam,
874 1795 949 1856 quae
963 1777 1245 1857 deoettheologom
1267 1779 1451 1839 moderatio-

227 1879 509 1952 rememorasse,
541 1879 595 1939 sod
617 1879 723 1940 ardore
751 1878 883 1942 haeresis
913 1879 1126 1958 oppugnandae
1148 1887 1179 1940 et
1200 1880 1375 1940 evertendae
1396 1878 1450 1939 ab·

226 1988 343 2061 raptum
374 1997 474 2059 saepe
495 1980 682 2042 sumtuosa
709 1979 954 2042 contumeliosius
977 1981 1007 2040 io
1028 1980 1155 2050 hmanas
1187 1977 1332 2041 inventum
1366 1997 1449 2042 esse:

225 2090 425 2162 mmmtameu
459 2081 508 2161 qai
529 2081 643 2143 uraris
675 2081 845 2160 grauitatem
878 2079 1062 2160 periculique
1080 2080 1150 2142 inde
1172 2079 1316 2142 ecdeeiae
1349 2081 1449 2142 immi-

226 2183 328 2246 nentis
348 2181 579 2262 magnitudinem
601 2182 775 2263 expenderit
796 2191 826 2243 ot
847 2182 1021 2243 reeordatus
1050 2183 1141 2242 luerit
1164 2183 1378 2261 disputantiam
1400 2181 1449 2244 illa
1578 2241 1579 2244 ,

226 2292 444 2346 humaniores
477 2291 566 2363 etque
587 2285 763 2346 hunnorum
795 2281 928 2362 ipsoram
961 2283 1189 2361 impudentiam,
1223 2281 1248 2344 is
1281 2299 1449 2364 propensas
1578 2289 1579 2336 l

76 2433 79 2440 ,
203 2387 283 2448 “urit
303 2387 338 2449 ad
360 2385 567 2464 asperitatem,
582 2385 660 2446 illam
695 2384 901 2446 exeosaudam.
955 2383 989 2443 lu
1016 2401 1075 2463 quo
1109 2384 1217 2446 nimius
1250 2385 1377 2446 tortasse
1405 2393 1450 2446 ost

164 2521 167 2524 -
226 2485 478 2556 bluntlauoouius,
500 2486 551 2563 qui
573 2487 603 2545 iu
623 2487 820 2564 praefatione
838 2489 872 2546 ia
893 2487 1039 2546 maluerat
1061 2504 1086 2545 e.
1108 2484 1275 2546 Athanasii·
1289 2503 1382 2564 opero
1402 2484 1448 2546 ed.
1578 2483 1579 2560 ζ

225 2587 324 2648 Pater.
353 2583 440 2648 Tam.
464 2585 486 2647 l.
509 2603 539 2664 p.
563 2585 665 2646 Xlllll.
698 2585 736 2646 de
767 2585 843 2664 stylo
866 2584 1018 2646 dthauaaii
1049 2585 1357 2649 dtuueassonbtt:
1394 2586 1448 2661 „lo

224 2686 378 2766 polemicis
400 2685 479 2746 enim
510 2684 637 2746 maxima
669 2693 792 2746 mtatem
825 2683 978 2756 oonuirit,
1009 2703 1115 2746 aunam
1148 2704 1267 2767 semper
1296 2705 1334 2749 ue
1355 2687 1448 2749 aliena

224 2788 361 2868 dogmata
382 2786 732 2865 hriaoorumqueausus
758 2785 837 2866 plebi
866 2785 1026 2847 oatbolioae
1056 2787 1125 2866 prid
1154 2793 1347 2868 apportarent
1367 2789 1446 2852 mali.

226 2890 290 2952 litei
311 2904 381 2951 vere
409 2905 499 2966 asper
520 2872 568 2948 est
588 2893 618 2948 et
646 2888 749 2949 saunis
777 2886 1002 2966 maledictisque
1028 2887 1150 2967 planus,
1181 2889 1298 2969 quaudo
1326 2909 1376 2952 ree
1400 2897 1447 2952 eet

224 2991 267 3054 illl
287 2999 392 3052 annua
414 2989 597 3051 haereticos:
631 3005 718 3050 nemo
742 2997 840 3050 mmen
864 2998 926 3062 ast,
961 2989 1023 3068 qui·
1042 2999 1196 3070 perspecta
1219 2991 1443 3066 haeretieorum,

223 3091 349 3155 mamma
369 3091 430 3153 Arii
453 3090 623 3170 sequacium
645 3089 822 3170 pertinenia,
851 3091 967 3162 lurore,
995 3091 1177 3153 immanitate
1198 3092 1229 3153 iu
1252 3091 1443 3166 Christianos,

221 3196 257 3256 in
275 3194 445 3274 episeopus,
466 3192 631 3272 proborum
655 3192 725 3254 itam
747 3192 902 3254 homiuum
924 3192 1109 3265 ouruiboina,
1131 3193 1162 3252 iu
1184 3191 1314 3254 helarius
1336 3192 1443 3272 ahqatt

222 3293 428 3358 inelementiue
463 3294 572 3354 dietum
604 3293 775 3352 arbitrabar.
829 3294 943 3370 Aspare
975 3291 1088 3356 soilioet
1120 3291 1180 3372 agit
1205 3293 1347 3367 hmanas,
1377 3293 1443 3374 quia
1573 3351 1579 3366 Ι,

151 3377 153 3382 ’
222 3394 296 3456 nihil
328 3403 431 3455 eontra
464 3400 574 3452 tanum
606 3391 665 3464 m'm
698 3391 765 3452 siue
786 3391 813 3452 vi
837 3392 899 3455 lieri
921 3400 1050 3471 poterat:
1088 3403 1119 3455 et
1138 3394 1266 3456 remisse
1298 3393 1443 3474 depellme
1523 3405 1527 3412 “

223 3495 338 3556 lernaea
359 3492 508 3562 homines,
531 3490 616 3552 lateri
638 3499 702 3552 erat
721 3491 851 3554 dillieum
874 3511 908 3554 se
929 3513 1035 3556 musae
1057 3513 1137 3556 suae.
1181 3495 1245 3557 lltei
1267 3513 1338 3556 vero
1361 3515 1443 3557 mor·

222 3596 273 3656 det
294 3594 416 3664 aeriter,
450 3583 522 3654 num'
547 3589 704 3653 insolentia
737 3593 891 3656 ariminum
913 3605 964 3656 aut
985 3595 1142 3658 haeresum
1164 3596 1315 3658 temeritas
1347 3613 1443 3659 aomar

214 3694 351 3776 ’postulat
373 3700 539 3768 oratorem3
561 3692 612 3754 ubi
634 3699 731 3756 moran
754 3695 864 3758 rosilli
888 3705 936 3758 est
956 3715 1022 3757 oum
1044 3695 1221 3758 adversariis
1243 3695 1369 3777 aliquam
1391 3715 1443 3759 ae-

221 3797 272 3876 qui
285 3795 419 3876 bonique
439 3793 584 3856 rationem
607 3796 784 3870 tenentibus,
808 3796 910 3859 sobrie
931 3813 965 3858 ao
985 3795 1148 3876 prudenter
1163 3797 1251 3859 rerba
1273 3800 1350 3872 lacit,
1365 3798 1443 3860 mol-

222 3897 315 3978 litque
346 3899 463 3958 οοίοιοο
486 3907 516 3958 et
543 3907 691 3978 temperat
711 3902 811 3968 irua.“
855 3899 928 3960 Cum
949 3897 997 3958 his
1026 3897 1186 3960 cohaerent
1206 3900 1262 3962 alia
1283 3899 1443 3962 Athanasio

221 4015 289 4060 oum
321 3996 555 4076 disputatoribus
586 3998 652 4060 eius
672 3999 776 4061 aetatis
803 3999 953 4078 plerisque
986 3998 1124 4062 omuibus
1154 4000 1337 4074 eommunia,
1369 4019 1443 4080 quae

220 4097 382 4160 lectoribus
398 4115 434 4159 ex
449 4098 591 4161 hodierna
606 4099 759 4180 disciplina
782 4099 948 4179 theologiae
962 4117 1013 4161 res
1035 4099 1233 4163 iudicantibus
1253 4099 1442 4182 displiceant:

220 4197 287 4261 dieo
309 4205 389 4260 artes
411 4197 476 4260 illae
503 4199 669 4262 uiuocuooo
697 4199 760 4262 sive
789 4199 923 4263 eristioas
946 4217 981 4262 ex
1010 4200 1212 4282 sophistarum
1234 4212 1264 4265 et
1291 4203 1443 4266 rhetorum

220 4299 333 4363 sobolis
355 4309 524 4380 perceptas,
552 4297 659 4380 quibas
682 4308 806 4362 utuntur
833 4301 870 4363 ad
892 4299 1078 4365 adversarios
1101 4303 1138 4366 de
1160 4313 1239 4368 statu
1261 4304 1442 4368 deliniendos

220 4419 384 4482 eorumque
405 4401 461 4464 tola
482 4399 666 4484 depellenda,
687 4399 859 4465 methodum
881 4401 1049 4483 disputandi
1069 4399 1137 4470 κατ’
1163 4403 1369 4490 οἰκονομίαν,
1392 4425 1442 4468 ar·

220 4513 357 4580 gemente
389 4503 468 4568 buu
504 4502 639 4586 speciosa
672 4503 775 4582 patius
806 4522 894 4583 uuam
920 4523 989 4568 vera
1019 4515 1049 4568 et
1075 4509 1182 4571 lostam
1210 4509 1357 4589 ptnbuudi
1384 4508 1443 4570 dm
