3216 5048
542 295 649 340 enarro
666 297 686 338 ι.
704 296 968 342 uuaruicenses.
1295 283 1357 348 245

129 450 291 514 dieerctnr:
314 444 361 510 Au
383 449 505 509 occulit
528 448 599 525 puio
621 445 762 526 templum
783 445 842 510 liei
860 452 931 512 eatis
953 459 984 512 et
1005 447 1142 530 Spiritus
1165 449 1223 514 lici
1243 449 1451 516 bulduinum

131 555 163 614 ιἰι
184 547 295 614 uobis?
338 547 412 609 Cum
441 544 520 606 enim
541 545 687 610 ,nominos
715 555 852 628 unquam
879 550 969 612 bomo
1001 551 1149 614 lavaretur
1170 550 1201 613 in
1223 550 1360 626 Iordane,

131 671 187 714 nos
214 651 274 730 ipsi
302 648 333 710 in
361 647 412 709 illo
442 653 472 707 ct
499 645 536 708 ab
558 645 608 708 illo
631 645 808 714 lavabantur.
853 649 925 712 Cum
947 651 1017 714 item
1040 651 1180 732 Spiritum
1203 650 1360 732 acciperet,

132 771 189 816 nos
211 753 319 831 dignos
343 746 495 820 reddebat,
518 745 567 826 qui
592 747 674 810 illum
696 748 904 828 acciperemus.
949 751 1093 823 Quocirca
1116 773 1178 816 uon
1206 761 1239 816 nt
1258 755 1360 816 Aaron

130 853 177 916 vel
199 851 290 914 David
313 848 432 913 antelli
455 867 560 910 ornnes
582 848 623 910 ita
645 849 763 929 etipse
785 849 852 912 oleo
875 860 921 911 est
942 861 1064 927 unctus,
1095 855 1148 916 sed
1177 855 1261 918 aliter
1287 871 1360 936 prae

132 953 272 1016 omnibus
300 950 346 1013 sui
375 949 583 1024 consortibus,
613 967 722 1030 nempe
751 949 817 1012 oleo
844 949 988 1026 laetitiae,
1017 954 1097 1032 qnod
1124 973 1192 1020 esse
1215 955 1361 1038 Spiritum

133 1062 269 1116 sanetum
291 1052 339 1114 his
361 1051 427 1132 ipse
448 1050 614 1132 Prophetae
636 1050 734 1114 verbis
757 1051 859 1114 docet:
887 1051 1024 1133 Spiritus
1046 1052 1171 1118 domiui
1190 1075 1282 1138 cuper
1302 1077 1357 1126 ute.

134 1173 169 1218 eo
198 1155 277 1236 puod
302 1158 430 1216 uoueret
455 1171 511 1216 me.
554 1151 634 1214 ldem
664 1171 782 1232 quoque
809 1151 850 1215 ait
876 1153 1054 1234 Apostolus:
1091 1153 1247 1228 Quomodo
1269 1163 1360 1222 uomit

132 1273 201 1318 cum
222 1252 303 1318 Dctts
327 1253 446 1335 Spiritu
474 1265 591 1316 anneto.
636 1253 761 1328 Quando
783 1254 872 1333 igitur
894 1255 951 1317 ista
973 1254 1009 1317 de
1030 1254 1081 1316 illo
1100 1253 1177 1318 diota
1202 1264 1282 1332 sunt,
1303 1257 1362 1320 nial

130 1374 200 1418 curn
222 1363 352 1418 assumta
380 1373 468 1418 carne
496 1353 677 1435 baptismum
706 1355 737 1416 in
758 1354 886 1417 lordanc
909 1357 1055 1436 suscepit,
1088 1365 1176 1438 atque
1204 1357 1234 1418 in
1262 1356 1361 1438 ipsum

131 1457 287 1522 deseendit
308 1455 462 1536 Spiritus?
506 1455 543 1518 lit
563 1475 634 1518 uero
657 1456 723 1535 ipsc
746 1455 864 1536 quidem
887 1455 1031 1519 Dominus
1054 1456 1093 1520 ita
1115 1458 1262 1538 loquitur:
1290 1457 1361 1538 Spi-

131 1560 208 1620 ritus
233 1559 267 1620 dc
289 1577 353 1622 meo
376 1561 517 1639 accipiet,
541 1563 571 1618 et
592 1556 654 1636 Epo
676 1556 764 1618 illuto
785 1561 888 1630 mitto,
917 1565 948 1618 ct
967 1557 1003 1620 ad
1026 1557 1202 1638 discipulos:
1231 1559 1362 1640 Accipite

130 1661 284 1742 Spiritum
306 1671 455 1723 sonetum.
499 1656 698 1720 Nihilominus
720 1657 787 1738 ipse
809 1657 868 1732 ille,
891 1659 940 1738 qui
963 1667 996 1721 ut
1018 1660 1145 1724 Verbum
1168 1669 1197 1724 et
1218 1660 1363 1742 splendor
1470 1707 1476 1716 .

130 1763 227 1826 Patris
249 1760 391 1842 Spiritum
425 1759 490 1822 aliis
513 1758 660 1839 impertit,
693 1777 772 1820 nnnc
800 1759 906 1822 dicitur
933 1761 1124 1835 sanctificari,
1153 1760 1220 1843 quia
1247 1761 1362 1825 seilicet

131 1865 225 1926 iactus
247 1863 338 1926 homo
362 1869 409 1924 est
431 1861 555 1942 eiusque
577 1845 776 1924 sanctificatur
797 1880 918 1941 corpus.
962 1862 1033 1924 lndc
1061 1863 1159 1942 itaque
1190 1882 1247 1928 nos
1269 1863 1359 1928 etiam

130 1965 301 2028 unctionem
317 1971 346 2026 et
358 1963 484 2042 sigillum
501 1963 610 2024 babere
624 1961 820 2043 incoepimus,
844 1962 960 2050 dicente
974 1963 1101 2026 loanne:
1117 1964 1155 2027 Bt
1170 1985 1225 2028 cos
1236 1969 1360 2030 unctio-

132 2085 200 2128 ucm
222 2065 336 2128 iubetis
358 2085 377 2128 n
398 2077 514 2128 auurto.
557 2065 719 2144 Apostolus
741 2083 859 2144 qnoque
881 2064 1000 2126 scribit:
1022 2066 1062 2129 lit
1084 2085 1138 2128 not
1161 2071 1273 2146 siponti
1286 2073 1359 2132 estis

130 2166 252 2248 Spiritu
276 2170 490 2248 promissionis
520 2177 634 2230 coacto.
678 2165 754 2228 illud
783 2164 872 2244 igitur
900 2173 1021 2246 propter
1049 2185 1106 2227 nos
1137 2173 1166 2226 et
1193 2165 1360 2246 pronubis

130 2267 244 2332 dicitur.
290 2267 438 2340 Quidnam
460 2285 530 2327 vero
553 2267 767 2328 incrementum
790 2265 822 2326 in
836 2265 953 2339 molins,
976 2285 1050 2346 quac
1065 2265 1183 2328 virtutis
1197 2265 1244 2326 vel
1264 2266 1361 2330 lacto·

130 2387 198 2430 rum
219 2367 338 2430 Domini
361 2385 475 2428 merces
497 2367 593 2446 possit
617 2385 652 2428 ex
673 2367 721 2428 bis
743 2365 888 2446 probarit
922 2367 1054 2446 Namque
1076 2367 1103 2428 si
1118 2385 1185 2428 curn
1201 2366 1281 2427 Deus
1296 2382 1359 2426 non

133 2475 224 2540 asset,
247 2469 341 2528 iectus
363 2465 469 2526 luisset
489 2466 589 2540 Deus,
613 2467 639 2528 si
661 2487 726 2530 curn
749 2485 810 2530 non
833 2475 915 2530 esset
936 2486 999 2540 rex,
1021 2467 1131 2547 regiam
1155 2467 1263 2530 luisset
1284 2485 1449 2532 con-enst-

131 2575 253 2630 secutus
276 2565 463 2646 dignitatem,
492 2565 603 2628 inesset
625 2587 697 2630 sane
720 2579 817 2633 vestra
830 2570 870 2632 -in
893 2571 1029 2632 oratione
1051 2569 1154 2632 umbra
1177 2569 1282 2632 saltem
1302 2569 1359 2632 ali-

131 2687 190 2748 qua
212 2666 489 2730 uerisimilitudinis.
534 2669 587 2730 Sin
609 2679 706 2732 aulem
728 2671 807 2734 Dens
829 2671 878 2734 ille
900 2679 962 2746 est,
992 2671 1116 2752 eiusque
1144 2679 1283 2734 aeternus
1313 2677 1362 2734 est

132 2769 276 2842 thronus,
304 2773 354 2848 qul
377 2787 488 2850 quaeso
511 2771 608 2848 potuit
627 2773 774 2850 prolicere
795 2772 891 2846 lleus,
920 2773 1026 2852 quidve
1048 2773 1089 2835 illi
1112 2773 1227 2848 decrat,
1256 2771 1307 2852 qtri
1329 2773 1359 2834 in

132 2869 230 2938 Patris
254 2869 331 2932 solio
354 2867 499 2932 sedebat?
544 2871 697 2934 Praeterea
719 2873 755 2946 si,
778 2883 811 2933 ut
833 2873 897 2952 ipse
913 2874 1039 2935 affirmat
1054 2874 1208 2946 Dominus,
1231 2873 1297 2935 eius
1313 2879 1362 2934 est

132 2971 280 3051 Spiritus,
310 2989 346 3030 cx
368 2989 462 3049 eoque
484 2971 604 3050 accipit,
634 2973 758 3050 ipseque
786 2971 867 3033 illum
890 2973 1000 3045 mittit,¹
1022 2991 1082 3034 non
1111 2973 1199 3051 igitur
1221 2972 1361 3046 Verbum,

132 3080 279 3150 quatenus
302 3069 429 3132 Verbum
453 3081 482 3132 et
504 3071 654 3150 Sapientia
676 3079 738 3144 est,
761 3091 777 3134 a
800 3071 930 3150 Spiritu,
953 3090 1039 3150 quem
1061 3071 1127 3150 ipse
1149 3071 1208 3144 dal,
1230 3071 1362 3147 ungitur,

132 3181 167 3234 ιιι
188 3171 286 3234 inlusa
308 3171 339 3232 in
354 3171 512 3236 Dominum
536 3183 674 3252 tauquam
696 3172 727 3234 in
748 3172 900 3234 hominem
918 3171 1057 3233 sanctitas
1079 3172 1110 3233 in
1134 3189 1238 3232 ornnes
1260 3167 1362 3231 homi·-

131 3291 187 3335 nes
208 3273 245 3336 ab
268 3274 335 3354 ipso
358 3273 530 3336 dimanaret
575 3274 641 3336 Non
665 3273 743 3337 enirn
765 3273 924 3354 oedipus,
947 3273 1052 3353 inquit,
1075 3273 1203 3366 Spiritus
1218 3270 1361 3351 loquitur,

132 3373 188 3436 sed
210 3373 305 3454 dignis
327 3393 344 3440 a
366 3375 462 3439 Verbo
484 3375 579 3440 datur.
623 3375 697 3438 Nam
719 3376 768 3438 bic
788 3375 963 3438 Psalmistac
988 3375 1072 3436 locus
1094 3371 1259 3453 superioris
1281 3369 1361 3436 baud

132 3483 181 3536 est
202 3475 367 3539 dissimilis.
411 3475 449 3538 Ut
476 3477 555 3540 enim
581 3476 743 3558 Apostolus
772 3477 907 3558 scripsit:
943 3476 1007 3552 Qui
1034 3495 1099 3538 ιιιιιι
1127 3479 1159 3538 iu
1179 3475 1283 3555 [omo
1306 3473 1365 3536 Dei

132 3829 273 3880 roteiaco.
290 3823 356 3882 octo
371 3821 512 3896 πνεύματι.
540 3829 719 3883 ceterietediti
770 3831 804 3882 Διι
823 3829 862 3881 lie.
889 3829 987 3880 Goblcr.
1012 3820 1362 3892 etrelctu.1.uoetlpslr

132 3891 198 3950 θεὸς
214 3888 244 3945 ἐν
261 3889 402 3962 πνεύματι.
767 3913 806 3966 χρ
819 3909 876 3965 open
893 3889 998 3963 ἔχομεν.

167 3965 191 4015 tl.
210 3965 346 4016 Soblcricn.
365 3972 389 4014 et
406 3965 510 4016 Felclm.
528 3965 550 4015 l.
568 3959 686 4031 καὶμὴν
704 3959 718 4014 d
806 3981 829 4028 p.
859 3967 998 4026 Seguntium.
1022 3957 1116 4010 τοίνυν
1138 3953 1229 4010 uuila
1246 3952 1361 4012 retitur.

131 4024 231 4099 κῦρως.
773 4033 872 4086 Goblcr.
891 4040 915 4081 et
933 4031 1037 4081 lielcltm.
1050 4033 1072 4080 t.
1092 4021 1363 4078 reportandam.

166 4115 187 4149 c.
205 4103 305 4162 Segusa.
331 4099 428 4150 Goblcr.
447 4108 470 4149 et
488 4099 593 4150 Fclckm.
614 4097 638 4148 l.
655 4089 722 4148 o’trro·
808 4101 831 4149 b.
850 4099 890 4150 Sic
900 4101 998 4160 Seguer.
1010 4097 1102 4159 logiis.
1112 4097 1209 4148 Goblcr.
1221 4105 1245 4148 et
1257 4097 1362 4146 rotano.

132 4161 241 4216 cattle.
276 4167 320 4218 tiit
339 4176 362 4216 et
380 4168 453 4218 editio
472 4167 589 4217 Commel.
608 4157 722 4215 ἄπιστε·
776 4167 798 4218 l.
833 4164 877 4214 llil
905 4181 960 4215 vero
987 4172 1011 4215 et
1036 4165 1091 4214 editi
1115 4157 1274 4228 βασιλεύων.
1309 4161 1362 4212 idox

131 4230 179 4284 lui.
198 4235 267 4290 ,llos
293 4235 393 4298 Segucr.
411 4226 426 4284 d
445 4225 542 4288 ἄλλοις.
580 4236 607 4286 ln
624 4236 680 4288 aliis
698 4241 723 4291 et
772 4235 872 4296 sepau.
890 4225 905 4282 ὁ
922 4225 1003 4298 λόγος
1020 4223 1098 4298 ὑμῶν
1115 4230 1192 4288 σκιᾶς
1209 4223 1280 4280 τινά.

132 4303 204 4352 editis
222 4295 236 4350 d
257 4303 334 4354 deest.
807 4303 821 4351 i.
842 4302 882 4351 Sic
900 4301 999 4363 Seguer.
1018 4311 1043 4351 ut
1061 4308 1084 4350 et
1102 4299 1158 4362 legit
1174 4299 1289 4350 Nunnius.
1312 4293 1362 4346 Sed

167 4370 184 4418 i.
203 4371 303 4434 Segusa.
329 4371 427 4422 Gobler.
453 4379 476 4422 ct
499 4371 604 4424 Felclm.
626 4370 646 4420 Ι.
665 4353 721 4421 οὖν.
773 4351 888 4436 ἥριοῇ
911 4369 1025 4418 scribitur
1051 4369 1075 4418 in
1093 4368 1210 4428 chuer.,
1237 4373 1263 4414 ut
1288 4375 1362 4438 saepe

133 4438 193 4487 lbid.
218 4440 318 4498 Sepuer.
336 4435 385 4486 τοῦ
403 4431 434 4485 τὸ
449 4433 565 4505 χρίσμα.
603 4437 682 4488 Ceteri
699 4445 723 4488 et
773 4437 828 4486 eliis
847 4437 918 4484 etium
937 4437 959 4488 io
980 4435 1040 4484 locis
1059 4435 1181 4494 contingit.
1219 4429 1363 4482 attinetur

131 4503 189 4554 editi
214 4503 296 4553 rodco
325 4497 355 4554 td
374 4500 513 4574 χάρισμα.
553 4506 605 4556 blnx
623 4507 723 4565 Segosa.
774 4493 822 4551 aba
840 4493 895 4569 ἄρα
913 4493 927 4550 d
945 4486 1194 4565 idyotlnrlwl'n'
1214 4486 1310 4562 σοφία·
