3214 5048
530 239 640 284 onena
656 241 688 284 ιι.
704 241 820 286 coum
835 241 970 290 ιειιιιοε.
990 239 994 247 ·
1296 233 1356 298 eet

96 393 266 460 manibus
288 391 363 474 agit,
397 387 466 472 quia
487 389 543 452 baa
565 389 685 470 quidem
707 392 851 468 eristum,
881 401 911 458 et
931 394 1053 459 uerbum
1076 395 1193 460 illorum
1216 399 1291 462 nihil
1313 409 1445 462 esrum

101 495 311 562 consistens.
356 491 485 556 Verbum
512 491 610 554 autem
637 493 705 568 liei,
735 503 767 557 ut
795 496 837 559 eit
863 497 1037 577 Apostolus,
1069 504 1174 563 eirena
1196 512 1226 564 at
1247 501 1361 584 africam
1494 525 1498 533 ·

103 611 163 664 eat
197 599 262 662 Dei
291 595 417 662 Verbum
445 604 475 657 et
498 595 719 676 penetrabilius
753 601 836 660 amori
860 597 959 677 qiadir
989 605 1117 684 ιιιιιιριιι·
1135 613 1165 664 et
1183 607 1360 684 pertiaqena

105 719 224 784 araque
251 701 291 762 ad
319 699 496 760 dimaionem
524 700 642 760 anniae
670 715 706 760 aa
728 701 876 778 apiritur,
910 719 1081 783 monaque·
1103 721 1218 786 qaoque
1239 721 1275 768 ac
1296 725 1360 770 rne-

108 801 299 872 duidarun,
323 812 352 862 et
372 800 465 862 iudeo
486 809 532 862 ert
553 799 782 861 meditationum
805 810 836 860 et.
857 805 1070 878 rrqitau'anem
1091 807 1202 877 cordia,
1224 825 1278 870 aec
1293 805 1360 870 nlla

112 921 173 966 res
206 912 317 964 ereata
344 899 394 964 iili
422 899 540 963 occulte
568 909 630 986 ert,
664 900 716 962 aad
744 903 846 962 anania
872 901 955 963 nuda
982 912 1011 964 et
1038 907 1148 985 aperta
1169 919 1241 970 runt
1262 909 1366 972 antlia

114 1009 205 1074 eiua,
232 1000 273 1063 ad
293 1002 372 1084 quod
392 1001 478 1064 nobie
491 1004 549 1072 ,εει
570 1017 681 1064 renuo.
715 999 822 1081 Opiiex
846 1001 936 1081 igitur
956 1010 1013 1078 eu,
1035 1013 1065 1067 et
1087 1004 1153 1068 eine
1171 1007 1236 1087 ipro
1253 1011 1359 1074 iactum

117 1112 174 1166 est
198 1102 286 1178 nibib
308 1121 364 1165 uec
384 1101 494 1182 aliquid
516 1100 630 1182 absque
650 1101 699 1164 illo
721 1111 824 1182 potest
844 1103 917 1166 fleri.

156 1311 158 1314 ’
219 1311 271 1372 36.
316 1305 378 1367 lieo
399 1323 469 1366 rero
493 1305 661 1384 quaerenda
684 1315 732 1367 εει
752 1305 839 1379 rado,
862 1323 914 1368 cur
934 1305 988 1368 liei
1010 1303 1139 1369 Verbum
1162 1327 1223 1370 non
1244 1309 1302 1372 tale
1323 1311 1363 1374 ειι

122 1408 222 1489 quale
243 1417 396 1482 uoatnrm,
419 1407 657 1488 quandoquidem
679 1425 740 1468 aon
763 1407 829 1469 ιιΙιι
851 1417 898 1470 εει
919 1406 999 1492 ιιειιεΙ
1021 1409 1124 1488 quales
1146 1429 1215 1484 noa,
1236 1412 1280 1474 uti
1302 1411 1362 1474 iam

125 1509 274 1572 diximus.
317 1509 378 1572 Nec
406 1509 494 1572 etiam
523 1509 701 1589 iureatigare
729 1509 869 1571 convenit
900 1511 1051 1589 quomoda
1079 1511 1207 1575 Verbum
1235 1529 1271 1575 ex
1298 1513 1362 1576 lieo

126 1620 194 1685 εει,
219 1629 316 1690 quare
337 1611 428 1674 modo
449 1611 593 1692 splendor
614 1611 655 1674 eit
674 1610 744 1685 liei,
774 1619 825 1673 aut
847 1611 998 1692 quomodo
1021 1612 1114 1693 gignit
1136 1613 1230 1691 liene,
1260 1617 1362 1696 quiere

125 1711 179 1774 ille
202 1713 245 1776 ιιιι
265 1712 316 1774 liei
339 1713 478 1794 giguendi
509 1713 627 1775 modus.
670 1712 796 1776 lucanus
826 1713 904 1776 enim
933 1713 961 1775 ιε
990 1723 1037 1776 eat
1064 1715 1281 1798 aestimandus,
1312 1717 1361 1798 qui

125 1811 340 1878 ieta-scrutari
361 1833 422 1878 nou
445 1815 608 1890 verebitur,
637 1815 747 1896 quippe
774 1815 825 1896 qui
848 1815 1010 1891 existimet,
1039 1834 1104 1878 rem
1126 1817 1361 1900 inexplicabilem
1370 1833 1450 1879 nean

127 1915 311 1997 divinaeque
331 1918 483 1998 propriam
505 1927 636 1991 naturae,
658 1917 715 1980 eali
737 1916 799 1980 lieo
822 1935 856 1979 ae
877 1917 952 1996 Filio
974 1917 1132 1998 cognitam,
1154 1939 1245 2000 posse
1263 1921 1362 1984 verbis

130 2017 270 2098 exprimi.
314 2018 395 2080 idem
418 2019 496 2081 enim
519 2021 565 2082 εἰι
586 2020 719 2100 prolecto
742 2037 777 2082 ac
798 2019 824 2081 ει
847 2019 904 2100 ipai
921 2031 1109 2100 quaererent,
1131 2018 1250 2084 ubinam
1265 2041 1363 2102 quoae

130 2119 225 2180 modo
248 2119 289 2181 ait
309 2119 405 2195 licus,
429 2131 459 2183 et
479 2121 575 2201 qualia
597 2121 637 2182 eit
658 2121 754 2182 Pater.
799 2119 837 2182 Ut
858 2139 930 2200 erqo
953 2122 990 2183 de
1013 2121 1081 2183 latia
1103 2121 1194 2182 rebus
1217 2121 1364 2185 sciscitari

131 2221 258 2283 uouniai
287 2221 446 2302 impiorum
475 2230 506 2284 et
532 2223 625 2284 Deum
657 2221 857 2300 ignorantium
887 2227 949 2294 εει,
982 2223 1023 2283 ιιι
1054 2221 1123 2284 talia
1151 2222 1188 2282 dc
1215 2221 1281 2283 Filii
1313 2221 1367 2284 Dei

135 2323 329 2402 generatione
351 2323 461 2384 audere
484 2322 633 2401 indagare,
655 2321 809 2400 Deumque
824 2339 860 2382 ιε
873 2321 938 2384 eiua
956 2322 1131 2401 cupientium
1147 2330 1249 2383 nostra
1263 2329 1370 2384 natura

137 2431 169 2485 et
195 2423 365 2484 inlu-mitate
393 2422 508 2497 metiri,
540 2439 669 2504 prorant
704 2422 787 2484 nelos
824 2429 879 2484 εει.
923 2421 990 2484 Nou
1024 2421 1135 2484 idcirco
1168 2431 1265 2484 tamen
1299 2422 1369 2503 quid

137 2533 257 2606 praeter
277 2524 429 2587 veritatem
452 2524 581 2605 cogitare
609 2523 692 2598 licet,
723 2543 779 2587 uec
808 2523 835 2586 ει
863 2523 929 2605 quia
952 2523 983 2586 iu
1005 2523 1052 2586 bis
1074 2523 1261 2604 exquirendis
1283 2525 1368 2588 deie-

139 2628 222 2700 cerit,
244 2625 333 2688 debet
356 2625 443 2688 etiam
465 2627 553 2690 tidem
576 2628 748 2708 scripturae
770 2627 923 2706 derogare.
967 2625 1119 2708 Siquidem
1142 2635 1274 2707 praestat
1294 2627 1368 2690 bae-

142 2729 265 2791 eitantee
295 2729 383 2791 silere
411 2739 441 2790 et
468 2729 606 2806 credere,
639 2747 726 2810 quarn
755 2727 833 2806 nolle
852 2729 993 2800 credere,
1021 2728 1090 2809 quia
1113 2727 1368 2816 haesitaverimue,

143 2829 214 2891 Nam
236 2829 278 2902 ιε,
301 2830 515 2909 quindenium,
537 2833 652 2894 reniam
674 2831 772 2908 aliquo
795 2829 886 2893 modo
908 2836 1009 2908 potest
1029 2829 1185 2908 consequi,
1208 2837 1367 2910 propterea

146 2929 238 3009 quod.
266 2930 384 2991 tametsi
405 2939 553 2991 scrutatus
576 2939 638 3002 eat,
668 2939 766 2992 temen
789 2929 968 3008 conquievit.
1013 2929 1070 3000 Qui
1093 2939 1190 2990 uatem
1213 2931 1281 3007 quia
1303 2931 1370 3008 ipae

148 3029 279 3103 haesitat,
302 3047 346 3103 ea,
369 3047 443 3108 quae
465 3030 586 3091 minime
608 3017 730 3103 decem,
753 3029 841 3091 audet
862 3019 1047 3090 comminisci
1068 3037 1156 3107 atque
1177 3029 1296 3108 indique
1309 3027 1372 3090 Deo

149 3131 291 3212 loquitar;
314 3131 423 3192 nullam
445 3130 472 3192 ιε
488 3133 622 3211 proiecto
641 3131 816 3193 temeritatis
833 3147 905 3190 suae
920 3111 1037 3190 reniam
1050 3127 1204 3190 obtinebit.
1217 3169 1226 3186 .
1239 3128 1371 3209 Namque

150 3233 179 3298 iu
208 3231 290 3296 bieco
323 3233 543 3296 difficultatibus
578 3242 681 3314 pateat
717 3231 854 3294 solatium
886 3229 1006 3310 aliquod
1042 3247 1077 3292 ex
1111 3229 1217 3293 divinis
1251 3228 1372 3292 haurire

151 3335 377 3416 doripetron-ita
400 3343 433 3396 ut
453 3353 529 3415 quae
551 3335 662 3415 scripte
684 3341 755 3397 aunt
776 3341 857 3406 recte
877 3329 1021 3412 intelliget
1040 3331 1373 3412 oontmmquc‘rerbum
1467 3367 1469 3372 ·

153 3435 251 3499 babeat
272 3437 366 3500 instar
388 3437 515 3518 exempli
538 3445 568 3499 et
589 3436 736 3517 imaginis.
781 3435 820 3498 Ut
839 3435 922 3497 enim
943 3435 1065 3497 verbum
1080 3441 1217 3496 nocuum
1233 3451 1268 3496 ex
1283 3427 1381 3498 nobie

155 3545 209 3613 εει,
235 3557 291 3600 uec
312 3539 429 3618 aliquod
452 3523 498 3602 est
520 3559 596 3621 opus
620 3547 703 3602 extra
725 3557 782 3601 nos
805 3538 930 3612 lactum3
959 3537 998 3599 ita
1021 3545 1050 3599 et
1071 3535 1124 3598 Dei
1147 3535 1275 3599 Verbum
1297 3553 1371 3618 pro·
1469 3537 1475 3546 '

154 3641 243 3722 prium
271 3657 308 3701 ex
336 3639 385 3700 illo
415 3650 476 3715 est,
504 3659 560 3704 nec
588 3659 663 3722 opus
692 3641 811 3722 aliquod
842 3649 903 3715 εει,
931 3657 987 3702 uec
1008 3639 1096 3700 etium
1118 3637 1199 3704 reiut
1219 3637 1372 3700 hominum
1452 3637 1457 3646 “

155 3740 276 3804 terbum
320 3740 457 3820 Alioquin
484 3742 577 3805 Deum
606 3743 756 3806 hominem
786 3761 855 3805 esee
884 3741 1007 3804 omuino
1037 3747 1119 3802 esset
1140 3733 1372 3818 intelligendum.

157 3842 262 3922 Etenim
285 3841 413 3938 quurima
434 3849 464 3903 et
485 3843 601 3906 direraa
623 3845 778 3907 hominum
799 3842 889 3906 rerba
911 3841 1042 3922 quotidie
1069 3849 1276 3921 praetereunt,
1306 3840 1374 3922 quia

125 4031 133 4042 ”
188 4079 206 4116 ι.
222 4065 320 4126 Sequar.
337 4055 429 4129 λόγοις
447 4053 522 4112 abab.
551 4063 620 4114 Gabi.
631 4063 736 4114 l'elclm.
821 4063 844 4111 ιι.
862 4061 969 4112 beletro.
987 4061 1011 4111 b.
1029 4059 1087 4114 rodo
1102 4058 1266 4130 γενομένοις.

163 4132 182 4182 l.
197 4141 217 4182 at
232 4133 254 4182 d.
273 4124 365 4198 λόγοις
381 4123 464 4197 at’rrqi.
501 4131 563 4182 udin
588 4140 611 4182 ει
636 4131 675 4181 alil
693 4121 736 4178 λε’-
820 4132 835 4180 i.
854 4131 955 4192 Sequar.
973 4129 1029 4192 lieq.
1048 4131 1145 4184 Gobler.
1164 4131 1374 4184 tercenteni.

161 4211 195 4263 yqr
211 4191 287 4266 udrqi.
466 4263 468 4274 .
786 4186 834 4244 ne
850 4190 883 4244 τὸ
901 4188 1021 4276 ἀπερεῖν.
1048 4193 1324 4251 Editireraetaliidad
1341 4191 1374 4247 rb

189 4301 202 4348 i.
218 4301 354 4360 Sequeriaa.
379 4302 476 4353 Gobler.
501 4301 606 4352 letata.
626 4301 647 4350 l.
668 4307 692 4351 at
708 4299 735 4350 4.
785 4255 965 4383 mkd'gg‘gg'
981 4333 1015 4383 RQ
1032 4370 1037 4382 ι
1056 4333 1152 4386 mem
1172 4333 1195 4384 4·
1209 4335 1265 4386 aa·
1276 4325 1323 4382 Μ
1340 4329 1372 4381 w·

162 4359 279 4421 '’M“
786 4349 908 4466 ὼιοριινκ.
942 4402 988 4452 titt
1001 4347 1092 4452 ειειιιι
1108 4371 1374 4467 διὰίιμὴᾶιιοριῖν.

193 4479 211 4528 ι.
226 4468 325 4530 Seqaer.
344 4459 397 4518 drot
417 4459 449 4519 ab
467 4463 514 4518 nt
533 4467 623 4522 rubra.
821 4468 837 4518 Ι.
856 4469 925 4520 (tabl.
937 4477 961 4520 et
968 4469 1104 4520 baldumi.
1122 4462 1226 4524 dicebar
1243 4461 1272 4524 ἐξ
1288 4461 1374 4535 ἡμῶν.
1537 4501 1545 4510 -
