3212 5060
521 245 821 334 surreptorem:
835 247 970 296 tumus.
1271 234 1334 304 bii

100 415 224 481 cerpus
255 404 379 482 propmr
408 396 520 478 ipsum
562 396 670 463 Varum
702 405 767 464 tota
789 398 907 464 induce
934 407 982 466 est
1008 400 1156 468 dumosi
1176 373 1422 488 :obsentiamus

100 503 147 566 At
169 500 200 566 si
220 500 348 566 Verbum
370 498 466 570 venit,
494 505 528 566 ut
547 498 702 565 bominum
730 519 824 581 genus
846 501 1021 576 redimeret,
1049 512 1138 583 atque
1159 510 1201 567 ut·
1214 512 1336 572 emotas

102 605 182 668 illos
211 612 240 667 et
266 602 385 666 divinos
412 599 573 674 redderet,
606 619 675 664 caro
708 603 816 666 lactum
843 613 890 666 est
915 605 1016 680 (buius
1044 605 1123 671 enim
1152 604 1246 684 gnta
1267 623 1336 674 etto

104 708 224 769 lactum
250 709 325 781 ast),
352 702 400 766 cui
428 701 563 769 noudum
585 702 771 782 exploratum
792 713 854 772 est.
876 716 929 777 ea,
955 723 1028 786 quae
1049 719 1116 770 curu
1138 721 1207 768 earo
1228 707 1337 794 laetum

106 818 178 884 est,
199 827 233 872 se
253 803 405 886 accepisse
426 811 569 877 testatur,
590 821 653 866 nou
674 813 799 884 propter
821 804 970 884 seipsum,
999 807 1053 868 scd
1074 816 1196 887 propter
1218 817 1339 877 meua

106 931 147 974 se
171 907 322 990 accepisse
344 903 534 986 significare?
556 904 709 986 Siquidem
728 903 842 984 panae
862 923 916 986 per
937 905 1034 986 ipsum
1055 927 1073 970 a
1092 908 1179 972 Patre
1200 907 1285 975 datae
1298 907 1339 973 ad

107 1013 196 1076 illam
216 1008 405 1092 pertinebant
433 1025 569 1080 caruem
596 1007 628 1070 iu
654 1025 711 1086 qua
734 1005 782 1068 ille
802 1007 869 1086 ipsc
891 1015 968 1080 erat,
997 1006 1048 1086 qui
1075 1008 1131 1070 ista
1152 1008 1339 1088 loquebatur.

107 1113 274 1176 Videamus
296 1120 394 1178 autem
417 1127 561 1190 quaenam
582 1107 717 1189 petebat,
741 1116 770 1170 el
791 1126 866 1188 quae
888 1107 1005 1180 moden:
1027 1106 1076 1170 ilia
1098 1116 1185 1182 sunt,
1207 1126 1339 1188 quaese

110 1214 269 1296 accepisse
296 1213 384 1285 dixit,
413 1221 447 1272 ut
467 1209 570 1272 saltem
591 1209 632 1272 ita
654 1209 696 1274 illi
717 1209 903 1276 erubescant.
947 1208 1077 1272 Gloriam
1099 1209 1189 1288 igitur
1209 1210 1339 1288 petebat.

110 1315 288 1395 aiebatque:
324 1314 432 1376 Omnis
452 1312 527 1376 mibi
547 1313 663 1375 trudito
683 1321 771 1382 suut,
800 1320 870 1391 post
890 1329 975 1375 suam
996 1310 1067 1374 item
1088 1311 1342 1398 resurrectionem

112 1437 150 1479 se
173 1434 293 1479 omnem
315 1413 467 1496 accepisse
488 1421 667 1494 potestatem
690 1412 825 1475 affirmat.
866 1413 955 1494 Atqui
977 1422 1132 1494 autequam
1154 1412 1243 1474 dixit:
1267 1413 1342 1476 Ost*

112 1523 171 1580 nio
191 1517 266 1580 addi
286 1517 401 1582 trudito
420 1529 510 1588 aaut,
533 1514 668 1578 omnium
688 1522 751 1576 erat
772 1513 926 1590 domiuus:
947 1515 1056 1595 quippe
1077 1531 1144 1578 eum
1167 1513 1268 1580 omnia
1286 1531 1343 1594 per

113 1621 220 1700 mmm
239 1619 317 1682 tacu
336 1618 406 1691 sint,
428 1626 459 1680 et
480 1635 559 1680 unire
581 1624 663 1680 esset
683 1616 838 1692 domines,
860 1635 915 1698 per
935 1613 1155 1697 quem'omnia.
1200 1616 1342 1683 Similiter

113 1739 185 1784 cum
217 1719 340 1800 gloriam
373 1718 552 1800 postularet,
585 1717 727 1782 domium
755 1718 858 1798 utique
884 1718 997 1798 gloriae
1018 1726 1049 1782 et
1069 1727 1132 1786 erat
1153 1725 1185 1784 et
1205 1725 1268 1792 est,
1283 1717 1342 1786 ,ιιι

110 1819 225 1884 Paulus
251 1829 396 1886 testatur:
429 1819 572 1884 Sicorim
602 1824 828 1900 capacensem,
861 1839 1022 1901 numam
1049 1821 1204 1886 domitasse
1223 1820 1341 1900 ptores
1464 1829 1468 1842 “

112 1921 353 2003 cmcifiaicreat.
395 1921 529 1984 ilabebat
559 1921 705 2002 siquidem
735 1939 824 2002 quam
851 1921 1024 1986 huiusmodi
1055 1922 1199 2000 poscebat
1224 1921 1340 1988 serbis:

114 2021 227 2086 Glorid
248 2041 337 2106 ιμαιιι
359 2023 459 2094 boici,
480 2027 661 2105 priusquam
682 2023 923 2094 manducasset,
945 2025 1027 2104 opud
1048 2035 1089 2086 te.
1217 2023 1219 2028 ’

201 2127 253 2189 dd.
296 2125 479 2188 Potestatem
501 2123 621 2204 pariter,
644 2141 731 2202 quam
746 2130 818 2201 post
830 2123 1080 2186 resurrectionem
1095 2124 1245 2202 accepisse
1260 2122 1341 2196 dicit,

113 2225 219 2291 habuit
245 2227 334 2290 etiam
362 2227 534 2306 priusquam
564 2243 629 2286 cam
656 2223 803 2302 acciperet
829 2241 971 2300 suamque
992 2229 1060 2284 ante
1081 2222 1343 2292 resurrectionem.

114 2327 234 2390 Etenim
255 2328 322 2408 ipse
343 2344 398 2406 per
420 2325 552 2404 seipsum
575 2324 714 2384 Seianam
737 2322 781 2384 sie
802 2321 985 2402 increpabat:
1022 2321 1131 2386 Recede
1154 2343 1172 2386 o
1193 2341 1253 2396 nte,
1283 2324 1343 2390 Sn-

57 2481 68 2492 ,
115 2440 208 2502 tone:
242 2429 306 2490 suis
333 2427 405 2490 item
427 2424 581 2506 discipulis
602 2431 781 2504 potestatem
802 2423 945 2486 adversus
966 2421 1049 2486 illum
1070 2423 1165 2498 dedit,
1195 2443 1261 2488 cum
1283 2425 1430 2491 illisam

117 2529 249 2592 reversis
270 2527 326 2591 ait:
353 2527 489 2592 Videbam
503 2527 649 2590 Smoaom
663 2529 742 2588 ciaet
761 2525 872 2606 [siper
886 2525 922 2588 de
938 2523 1019 2588 coelo
1035 2527 1198 2596 cadentem.
1231 2527 1341 2594 Verum

117 2632 228 2696 iterum
248 2631 430 2706 ostenditur,
456 2629 543 2698 illud,
573 2629 652 2709 quod
675 2628 826 2708 accepisse
847 2626 934 2701 dicit,
964 2627 1053 2690 etiam
1074 2628 1216 2698 babuisse
1238 2631 1341 2711 prius·

120 2753 219 2816 quam
230 2731 387 2813 acciperet.
419 2732 570 2812 Siquidem
594 2731 754 2794 daemones
776 2729 913 2810 abigebat
927 2737 958 2792 et
972 2747 1046 2810 quae
1061 2729 1203 2810 ligaverat
1216 2731 1341 2798 Satanas

118 2835 186 2916 ipse
208 2834 350 2906 solvebat,
373 2843 407 2896 ut
427 2843 508 2914 patet
530 2835 560 2894 in
583 2832 629 2894 illa
650 2831 785 2912 Abrabae
807 2829 877 2892 lilia.
918 2829 1041 2893 Peccata
1062 2831 1132 2894 item
1154 2833 1340 2908 condonarit,

122 2955 189 2998 cum
209 2935 373 3013 Paralptice
396 2943 426 2996 et
446 2933 574 3006 mulieri,
597 2951 671 3011 quae
686 2929 781 3012 ipsius
796 2930 880 2994 unxit
900 2931 1002 3010 pedes,
1025 2931 1112 2992 dixit:
1135 2933 1342 3000 demittuntur

124 3037 179 3098 tibi
195 3045 331 3115 peceato.
376 3034 501 3095 blcrtuis
523 3040 676 3112 praeterea
698 3033 787 3096 vitam
814 3025 958 3106 reddidit,
987 3031 1142 3112 visumque
1163 3053 1250 3096 caeco
1273 3043 1342 3098 nato

122 3134 263 3198 restituit·
318 3135 400 3208 Quae
431 3135 551 3214 quidem
584 3134 680 3196 omnia
713 3133 827 3206 effecit,
860 3151 922 3196 non
954 3132 1151 3214 praestolatus
1183 3134 1279 3198 donee
1308 3153 1344 3198 ea

122 3235 226 3316 agendi
248 3236 397 3316 acciperet
417 3243 605 3316 potestatem,
628 3236 681 3298 sed
703 3246 736 3300 ut
756 3234 927 3298 huiusmodi
942 3241 1090 3321 potestate
1104 3233 1163 3298 iam
1177 3235 1341 3314 praeditus.

120 3337 163 3400 Ex
183 3335 291 3416 quibus
314 3337 473 3400 dilucidum
496 3345 558 3408 est,
589 3355 664 3416 quae
686 3345 719 3399 ut
739 3336 867 3398 Verbum
896 3335 1014 3406 babuit,
1045 3335 1147 3399 eadem
1177 3343 1208 3400 et
1234 3337 1343 3402 lactum

121 3437 272 3501 bominem
294 3445 324 3500 et
345 3447 503 3519 postquam
526 3437 632 3502 revixit
653 3457 686 3500 se
708 3437 858 3519 recepisse
879 3437 993 3529 dicere:
1022 3455 1129 3518 nempe
1152 3447 1183 3500 ut
1202 3438 1341 3511 homiues
1396 3435 1398 3440 ’

123 3539 154 3602 in
172 3538 259 3602 terris
282 3539 400 3620 quidem
422 3547 561 3622 tanquam
589 3539 705 3604 dirime
726 3551 850 3602 meuse
870 3539 1028 3620 participes
1049 3539 1222 3620 peripsum
1245 3538 1363 3606 edeeti'

155 3725 176 3774 d.
194 3725 235 3776 Sic
251 3725 309 3788 lteg.
328 3725 350 3774 l.
370 3725 468 3789 Segner.
487 3715 704 3782 GobbeiFelclrm.
754 3719 841 3792 γυνὴ,
865 3717 1010 3794 ἀφέωνται
1026 3717 1098 3791 ὑμῖν.
1133 3727 1225 3778 ibidem
1243 3729 1300 3792 itaq.
1319 3728 1343 3778 l.

125 3793 147 3843 1.
178 3795 206 3844 tt
232 3793 273 3842 alii
299 3802 324 3844 et
350 3793 407 3843 editi
434 3789 480 3841 καὶ
506 3787 541 3846 sir
567 3786 706 3848 tuentio
756 3797 855 3857 Sequar.
879 3807 929 3842 coc
952 3787 983 3843 ai
1004 3787 1145 3861 ἁμαρτίαι.
1180 3795 1226 3845 dlii
1244 3805 1268 3846 st
1285 3795 1344 3846 editi

124 3871 234 3979 mgwsic
252 3928 308 3992 ling.
321 3927 342 3977 l.
361 3928 460 3990 Sequar.
479 3905 549 3977 Gebl.
568 3891 705 3979 atielclm.
756 3854 1300 3998 iiipiietaiuiizrudoqieiztirileibitiimpiiecgffis
1318 3863 1344 3982 i.

126 3995 148 4046 l.
180 3998 207 4046 s:
229 3995 271 4046 alii
297 4004 320 4046 et
338 3996 413 4046 editio
432 3995 575 4047 commeliu.
593 3997 707 4047 omittunt
757 3997 830 4049 dasii.
847 4005 872 4047 et
888 3998 993 4048 Felclm.
1011 3999 1034 4048 b.
1052 3989 1235 4062 ἁποκαθιστᾷ.

124 4061 297 4128 ιῷ’Σατανᾷ.
386 4079 387 4086 ’
791 4065 806 4112 i.
825 4065 920 4115 lte.t.
938 4067 1036 4128 Sequar.
1055 4066 1343 4118 scelerosorum.

156 4132 173 4180 l.
194 4120 579 4183 oontcr.e:retoto.1.itli
595 4122 685 4180 otto.
756 4121 788 4180 ori
805 4080 918 4197 potior.
953 4133 1032 4184 Ceteri
1059 4143 1082 4185 et
1109 4135 1167 4186 editi
1193 4125 1225 4182 ori
1241 4130 1342 4200 μένων.
1433 4151 1436 4163 ·

156 4213 175 4262 t·
194 4201 226 4252 lie
244 4201 284 4250 .l.
301 4200 402 4262 Sequar.
420 4197 669 4251 moturemoture.
684 4198 704 4248 Ι.
755 4198 807 4250 lion
825 4201 881 4262 lter.
896 4201 919 4250 1.
937 4208 962 4250 et
978 4201 1116 4264 sequacior.
1134 4193 1171 4256 de
1186 4195 1215 4250 ἐκ
1232 4195 1339 4250 τούτου.

125 4257 189 4332 ἅπερ
204 4213 307 4327 tium
340 4267 386 4318 dlii
403 4283 459 4317 aare
477 4274 501 4316 et
519 4267 575 4331 editi
593 4251 705 4335 inopiis
754 4267 800 4318 dlii
818 4268 923 4332 :ditique
941 4259 978 4322 eie
994 4261 1023 4319 ts
1041 4262 1156 4318 τούτων.

127 4327 211 4394 dicas.
247 4335 338 4386 ibidem
364 4335 464 4400 iterque
489 4336 545 4398 lieg.
563 4344 587 4386 et
604 4335 704 4398 Sequar.
790 4335 812 4384 Ιι.
830 4335 886 4397 llep.
906 4337 928 4386 l.
947 4346 970 4388 et
987 4339 1087 4400 Sequor.
1104 4332 1183 4402 λέγει.
1202 4367 1205 4374 -
1221 4333 1298 4386 Ceteri
1317 4339 1343 4382 et

126 4393 202 4452 iisse.
237 4403 316 4456 ceteri
333 4412 357 4452 et
373 4405 430 4454 editi
448 4395 549 4452 ἔλυσιν.
756 4403 812 4454 editi
828 4397 943 4468 λέγειαι.

159 4473 180 4519 l.
197 4471 333 4522 Gebtsriao.
352 4481 376 4522 et
393 4471 496 4524 Felclrm.
516 4473 538 4522 l.
556 4461 704 4537 decep·
790 4469 807 4521 l.
826 4471 866 4522 Sic
883 4471 1048 4538 oterqcelleq.
1065 4471 1165 4531 Sequer.
1182 4467 1254 4518 ursit.
1271 4463 1342 4528 tagl.

1083 4551 1137 4600 35*
