3176 5058
231 280 290 342 122
624 291 651 334 ε.
667 290 820 334 ιτυιιιιειι
836 289 1055 334 ιιιειιιενιεευει

140 443 277 510 amal
299 445 354 508 σοί
376 436 417 507 δι’
442 436 542 519 ἄλλης
564 437 742 526 ἐπιστολῆς
763 437 910 524 ἔγραψα·
933 437 967 506 ἐν
989 429 1041 516 οἷς
1062 433 1180 521 ἤλεγξε
1200 435 1254 500 καὶ
1277 431 1295 500 ὃ
1318 438 1446 521 προφέ-

224 566 338 630 ρουσιν
360 541 502 628 ἔγκλημα
523 534 590 606 κατ’
615 539 695 624 ἐμοῦ
720 539 842 624 ψεῦδος
864 535 912 620 ἀν,
936 533 981 616 ιὺς
1003 532 1041 604 αὖ
1065 539 1216 623 λέγοντας
1229 535 1287 602 τὸν
1298 535 1445 621 Χριστὸν
1470 591 1479 602 ,

224 639 403 728 ὑμοοάσιον
433 637 519 709 εἶναι
546 645 593 727 τῷ
622 645 704 727 θεῷ.
750 641 780 709 εί
805 639 867 727 γάρ
894 643 948 707 καὶ
976 637 1015 705 τὸ
1044 635 1151 721 ὄνομα
1172 636 1270 703 τοῦτό
1294 661 1381 724 φημι
1401 617 1445 745 μη

225 740 392 830 εὑρηκέναι
419 740 499 827 μηδ’
525 737 737 828 ἀνεγνωκέναι
764 766 831 810 που
854 746 920 808 τῶν
943 737 1044 828 ἁγίων
1066 742 1218 827 γραφῶν,
1243 732 1328 804 ἀλλά
1347 761 1384 823 γε
1404 762 1446 804 τα

226 844 465 931 ἐπιχειρήματά
491 868 556 928 μου
577 843 619 912 τά
642 845 729 932 ἑξῆς,
759 842 1046 930 ἀσεαιωπήκασι,
1076 845 1134 930 τῆς
1156 836 1306 918 διανοίας
1327 837 1447 925 ταύτης

227 941 285 1013 οὑκ
316 943 447 1034 ἀπᾴδει.
491 948 544 1012 καί
576 943 637 1030 γάρ
670 940 905 1030 ’ξάνθρωιτείαν
932 943 1029 1032 γονὴν
1057 947 1252 1028 παρεθέμην
1281 940 1379 1027 δῆλεν
1401 935 1445 1018 ὥς

227 1037 328 1115 υὺσαν
360 1043 512 1134 ὁμογενῆ,
547 1045 656 1134 (γήσας
688 1047 824 1125 πάντως
852 1044 930 1124 τοὺς
956 1055 1064 1131 γονεῖς
1083 1043 1185 1128 μόνον
1208 1041 1338 1129 ἑτέρους
1360 1035 1445 1108 εἶναι

225 1153 291 1216 τῶν
312 1153 439 1228 τέκνων,
464 1144 518 1214 ὅτι
537 1146 581 1235 μὴ
603 1143 697 1214 αὑτοὶ
720 1142 785 1215 εἶεν
806 1146 848 1214 τὰ
870 1151 990 1226 τίκναβ
1012 1139 1033 1231 ἢ
1053 1144 1134 1232 μήτε
1148 1153 1256 1230 γονεῖς
1271 1138 1446 1228 ἀναγκαῖον

225 1247 381 1335 ὑπάρχειν
404 1245 489 1317 εἶναι
509 1248 591 1336 μήτε
611 1255 716 1315 τέκνα.
753 1251 807 1315 καὶ
829 1247 887 1334 τὴν
900 1251 902 1255 ’
909 1249 969 1331 μὲν
991 1245 1178 1332 ἐπιστολήν,
1204 1239 1249 1324 ιὺς
1270 1247 1445 1330 προεῖπον,

225 1351 282 1418 διὰ
308 1350 368 1430 τὰς
389 1350 602 1438 περιστάσεις
625 1345 683 1416 οὐκ
704 1349 766 1432 ἐγω
789 1354 1008 1435 προκομίσαι·
1038 1343 1100 1414 τίδ’
1126 1335 1199 1426 οὑν,
1224 1340 1308 1412 αὑτά
1330 1369 1385 1413 σοι
1406 1342 1447 1410 τὰ

224 1453 299 1520 τότε
327 1453 470 1540 ῥήματα,
499 1451 625 1536 μᾶλλον
654 1451 691 1516 δέ
712 1453 783 1516 οκαί
811 1449 922 1538 πάσης
953 1443 1153 1533 ἀνέπεμψα
1173 1446 1213 1514 τὸ
1236 1441 1446 1544 ἀντίγραφον,

225 1548 309 1638 ὑπερ
332 1548 371 1620 ἀν
394 1549 578 1642 εὑπορήσω,
602 1550 744 1638 ποιήσω.
786 1546 863 1618 οἶδα
884 1552 987 1618 δὲκαὶ
1003 1555 1171 1637 μέμνημαι
1192 1551 1331 1616 πλείονα
1346 1571 1447 1634 προς-

225 1657 301 1732 θελς
332 1657 398 1720 τῶν
432 1656 593 1740 συγγενῶν
627 1649 831 1737 ὁμοιώματα.
875 1655 930 1718 καί
957 1649 1019 1738 γὰρ
1047 1650 1104 1718 καὶ
1132 1649 1236 1739 φυτὸν
1259 1644 1355 1718 εἷπον
1377 1645 1445 1717 ἀπὸ

227 1760 417 1840 σπέρματος
437 1747 459 1839 ἢ
482 1749 552 1820 ἀπὸ
575 1753 664 1841 ῥίζης
686 1749 828 1821 ἀνελθὸν
852 1753 962 1838 ἕτερον
985 1747 1071 1819 εἶναι
1084 1755 1143 1819 τοῦ
1160 1747 1242 1818 ὅθεν
1258 1750 1446 1840 ἐβλάστησε,

142 1857 280 1922 σιτευταὶ
304 1853 437 1932 πάντως
457 1853 587 1940 ἐέκείνῳ
609 1859 810 1940 καθέστηκεν
833 1849 985 1940 ὑμεφυές,
1009 1857 1063 1920 καὶ
1085 1852 1237 1938 ποταμὸν
1260 1847 1330 1920 ἀπὸ
1344 1855 1449 1940 πηγῆς

228 1956 345 2042 ῥέοντα
367 1955 477 2041 έτερον
500 1957 607 2041 σχῆμα
627 1954 683 2022 καί
705 1952 811 2038 ὄνομα
824 1957 1073 2043 μετειληφέναι·
1095 1954 1178 2040 μήτε
1190 1953 1252 2040 γάρ
1267 1952 1326 2040 τὴν
1343 1952 1447 2043 πηγὴν

227 2056 379 2140 ποταμὸν
399 2057 482 2144 μήτε
502 2057 559 2122 τὸν
581 2055 733 2140 ποταμὸν
755 2054 862 2144 πηγήν
884 2059 1052 2142 λέγεσθαι,
1074 2057 1129 2122 καὶ
1151 2048 1325 2142 ἀμφότερα
1342 2050 1448 2142 ὑπάρ·

225 2173 310 2241 χειν,
344 2160 396 2224 καί
424 2157 482 2245 τὴν
511 2159 570 2242 μὲν
599 2157 706 2247 πηγὴν
729 2157 833 2250 οἱονεὶ
853 2162 1001 2243 ’πατέρα
1023 2153 1125 2237 εἶναι,
1157 2155 1216 2222 τὸν
1238 2157 1275 2224 δὲ
1296 2155 1447 2240 ποταμὸν

228 2254 313 2328 εἶναι
340 2259 375 2326 ἐκ
401 2263 460 2348 τῆς
487 2261 594 2348 πηγῆς
615 2255 713 2346 ὑδωρ.
759 2254 843 2326 ἀλλὰ
864 2261 968 2324 ταῦτα
989 2261 1049 2343 μὲν
1070 2261 1123 2324 καί
1146 2257 1346 2326 τὰτοιαῦτα
1366 2258 1449 2344 μηδὲ

228 2357 308 2449 ὑρᾷν
329 2366 549 2447 γεγραμμένα,
582 2355 651 2426 ἀλλ’
676 2361 778 2428 οἱονεί
800 2359 1005 2447 τυφλώττειν
1027 2356 1278 2444 ὑποκρίνονται·
1303 2369 1375 2438 τοῖς
1397 2360 1449 2426 εδίε

229 2462 302 2527 δυσί
325 2463 497 2546 ῥηματίοις
520 2456 719 2540 ἀσυνθέτους
740 2460 897 2548 καθάπερ
920 2464 1033 2541 λίθοις
1053 2459 1222 2546 μακρόθεν
1244 2461 1449 2546 ἐπιχειροῦσί

227 2586 270 2644 με
290 2560 438 2646 βάλλειν,
468 2556 660 2646 ἀγνοοῦντες
689 2557 734 2640 ὥς
754 2564 821 2628 τῶν
843 2557 1069 2648 ἀγνοουμένων
1090 2566 1144 2630 καὶ
1166 2565 1380 2648 προςαγωγῆς
1402 2561 1449 2642 είς

229 2659 407 2746 ἐπίγνωσιν
430 2661 593 2746 δεομένων
615 2656 653 2726 οά
674 2661 776 2744 μόνον
799 2658 919 2731 ἀλλοῖα
940 2665 1110 2745 πολλάκις,
1134 2659 1218 2731 ἀλλὰ
1238 2662 1292 2730 καὶ
1306 2657 1448 2728 ὑπεναν-

228 2767 285 2827 τία
316 2760 473 2850 τεκμήρια
503 2767 629 2847 γίνεται
659 2765 725 2828 τῶν
753 2762 1016 2851 ἐπιζητουμένων
1038 2765 1224 2854 δηλώματα.
1268 2761 1300 2830 ἐν
1320 2762 1377 2828 ῑδέ
1397 2764 1447 2847 τῷ

228 2867 328 2950 τρίτην
350 2863 468 2950 βιβλίῳ
492 2870 609 2952 φησίν·
638 2863 702 2950 ζωὴ
730 2865 764 2931 ἐκ
793 2865 877 2952 ζωῆς
899 2866 1065 2955 ἐγεννήθη,
1089 2870 1142 2934 καί
1165 2862 1274 2950 ὥςπερ
1296 2860 1449 2947 ποταμὸς

229 2957 297 3030 ἀπὸ
313 2969 419 3054 πηγῆς
435 2965 577 3052 ἐρῥευσε,
600 2967 654 3032 καί
673 2961 742 3032 ἀπὸ
755 2966 868 3054 φωτὸς
879 2963 1041 3054 ἀσβέστου
1053 2967 1205 3054 λαμπρὸν
1217 2963 1447 3055 φῶςάνηφθη.

314 3071 362 3134 19.
410 3074 469 3146 Τίς
500 3065 626 3134 τούτων
659 3061 785 3135 ἀκούων
815 3063 854 3135 οά
881 3076 1002 3154 μανίας
1028 3069 1150 3137 λοιπὸν
1178 3074 1449 3154 καταψηφίσεται

226 3169 292 3234 τῶν
325 3163 556 3237 ὑπονοούντων
588 3168 645 3236 τὸν
667 3168 847 3236 Διονύσιον
879 3168 922 3238 τά
941 3165 1071 3257 Ἀρείου
1101 3181 1253 3260 φρονεῖν,Ι
1287 3167 1359 3235 λδυὺ
1387 3166 1448 3254 γάρ

228 3267 284 3334 διὰ
304 3270 430 3338 τούτων
453 3272 604 3358 φανερῶς
625 3272 741 3336 πᾶσαν
763 3263 864 3336 αὐτοῦ
880 3281 982 3338 πατεῖ
995 3271 1053 3360 τὴν
1069 3271 1196 3358 αἵρεσιν
1210 3279 1284 3350 τοῖς
1296 3272 1355 3394 της
1370 3264 1449 3356 ἀλη-

226 3373 326 3446 θείας
347 3371 527 3454 λογισμυῖς.
572 3367 611 3432 τὸ
632 3369 693 3451 μὲν
714 3367 775 3454 γὰρ
800 3363 857 3437 οὑκ
878 3360 917 3459 ἦν
938 3375 1017 3460 πρὶν
1032 3376 1174 3461 γεννηθῇ
1188 3369 1297 3440 καὶτὸ
1311 3397 1351 3458 ην
1366 3393 1449 3438 ποτε

229 3463 286 3533 ὅτε
318 3463 376 3534 οὑκ
406 3457 445 3555 ἦν
474 3464 605 3552 ἀναιρεῖ
631 3470 677 3555 τῷ
699 3471 758 3534 τοὺ
781 3463 1040 3558 άπαυγάσματας
1060 3474 1146 3562 λόγῳ
1168 3472 1224 3541 καὶ
1244 3474 1362 3559 λέγων,
1396 3466 1450 3538 ὑτι

228 3567 345 3632 τούτου
369 3563 386 3633 δ
410 3568 519 3658 πατὴρ
543 3565 600 3636 οὐκ
621 3557 660 3656 ἧν
682 3592 766 3638 ποτε
788 3569 913 3657 άγονος,
938 3573 997 3640 ιτὸ
1020 3576 1055 3643 δέ
1078 3575 1114 3656 ἐξ
1134 3569 1192 3642 οὑκ
1214 3572 1318 3641 άντων
1340 3567 1449 3638 αὑτῶν

230 3657 358 3754 ἀναιρεῖ
379 3669 413 3736 ἐν
435 3673 481 3756 τῷ
504 3671 617 3756 λέγειν,
640 3669 699 3738 τὸν
720 3672 817 3759 λόγον
839 3669 925 3742 εἶναι
947 3671 992 3754 ιὺς
1014 3675 1166 3762 ποταμὸν
1188 3672 1258 3743 ἀπὸ
1274 3676 1380 3761 πηγῆς
1394 3671 1448 3739 καί

227 3767 372 3854 βλαστὸν
394 3764 463 3838 ἀπὸ
484 3771 575 3860 ῥίζης
595 3774 648 3839 καί
672 3778 783 3841 τέκνον
806 3770 875 3843 ἀπὸ
896 3782 1018 3862 γονέως
1039 3777 1094 3844 καὶ
1117 3780 1190 3866 φῶς
1211 3777 1246 3844 ’ἐκ
1269 3774 1381 3866 φωτὸς
1394 3775 1447 3842 καί

262 3973 283 4007 τ.
303 3959 343 4010 Sic
367 3960 422 4022 Ιῖες.
448 3961 546 4012 Tnario.
571 3962 640 4012 (ΞυΙΙι.
666 3965 711 4014 les.
747 3965 808 4016 Εδῖιῖ
863 3973 886 4015 ει
904 3967 966 4016 infra
985 3968 1009 4016 in
1029 3967 1092 4016 mrro
1110 3961 1449 4032 deSynodi2110m.LP.11.

229 4039 284 4075 τενο
301 4021 347 4074 καὶ
363 4021 418 4092 γὰρ
435 4024 490 4076 κατ’.
862 4048 886 4097 p.
900 4030 980 4100 7584.
1017 4034 1068 4084 ῖίωι
1093 4035 1191 4084 Τεαιὶα.
1217 4036 1286 4084 colb.
1305 4035 1351 4084 Ιεε.
1368 4043 1450 4096 αρετ-

262 4095 285 4142 b.
304 4095 363 4144 Τοιε
382 4097 441 4146 hare
458 4099 589 4148 εεοιειιιῖτι
609 4089 624 4157 ἢ
642 4091 712 4164 μήτε
719 4100 810 4162 γονεῖς
860 4096 982 4166 κομίσαι.

228 4151 380 4224 ἀναγκαῖον
396 4155 528 4232 ὑπάρχειν
545 4153 615 4215 εἶναι
631 4161 701 4232 μήτε
719 4163 807 4223 τέκνα,
896 4185 917 4219 ε.
934 4163 981 4217 καί
1003 4169 1072 4220 deut
1090 4171 1114 4220 in
1133 4169 1231 4220 Ττυτῖυ.
1256 4170 1303 4218 λετ.
1328 4176 1352 4218 ετ
1370 4166 1451 4225 θεία,
1479 4159 1487 4168 ’

228 4231 292 4293 quod
311 4231 372 4281 δυιο
390 4231 512 4282 τΙευευΙνε
531 4233 554 4282 in
569 4234 719 4285 ίιευυτοεειυ
730 4230 810 4283 τέκνα
862 4237 903 4300 qni
929 4237 1028 4287 ultimus
1051 4237 1115 4288 idern
1140 4237 1213 4288 haber
1234 4227 1334 4296 νεάτην.
1372 4233 1450 4284 ΒτιίΙ.

227 4298 428 4359 terminarentur,
455 4300 478 4350 r'n
504 4299 574 4350 editis
601 4301 691 4351 omissa
716 4302 809 4353 fuerat:
861 4305 968 4354 τεααιιδτ
988 4317 1059 4355 manu
1077 4297 1171 4353 πάτον.

227 4365 269 4415 σεδ
295 4366 396 4417 Ιιεῖιεῖατ
423 4367 447 4416 in
473 4367 528 4428 neg.
552 4368 650 4418 Ττοτίο.
675 4369 745 4420 crib.
763 4370 809 4421 λετ.
896 4372 918 4420 rl.
937 4371 979 4422 Sir
996 4372 1051 4434 δερ.
1071 4371 1285 4424 Τνυτία.εῑέ“τ.λ.
1321 4369 1383 4420 Εδίιί
1393 4381 1451 4419 τετε

227 4431 266 4482 Fr.
286 4432 304 4482 Ι.
321 4434 426 4499 iramque
443 4434 467 4484 ῖιι
504 4435 641 4486 τιιιεδιυιῖ
659 4436 739 4488 Ττετῖ.
758 4438 808 4499 (uhi
860 4430 955 4488 ἐκεῖνο.
994 4439 1046 4490 λέον
1065 4440 1229 4503 Βεμῖτετῖο.
1245 4428 1453 4502 ΕοΙῖιᾸεεὺμσ·

226 4499 314 4564 legitur
332 4493 464 4568 ὑπάρχον)
482 4449 531 4568 frd.
550 4518 574 4569 p.
588 4502 630 4555 66.
649 4504 719 4556 Ιιυῖυι
738 4503 807 4573 αλια]
861 4502 936 4572 φυίε.
975 4507 1004 4558 Er
1029 4507 1060 4558 ῖιε
1085 4508 1143 4572 legit
1164 4507 1290 4576 Νησαῖαι,
1314 4506 1362 4578 qui,
1379 4505 1453 4556 τειιῖι
