3220 5046
547 309 656 354 oneum
672 311 714 354 ιιι.
732 312 846 356 course
863 314 1000 358 snrsnos.
1303 307 1366 374 tos

133 485 192 528 neo
213 465 278 546 ipse
301 483 351 537 ea,
375 481 450 543 quse
473 459 552 534 dicit,
577 461 690 523 neoda
712 460 819 542 quibus
842 464 994 528 contendit
1016 465 1167 547 intelligat.
1212 469 1252 533 Ea
1276 473 1452 547 enimnua

134 585 211 646 quae
231 566 326 628 Filius
350 564 407 626 soli
431 563 517 635 Filio,
540 561 590 642 qui
606 561 733 625 Verbum
756 573 787 624 ot
807 565 953 644 sapientia
969 585 1003 629 ac
1013 567 1108 630 Patris
1124 577 1247 633 naturae
1270 573 1365 656 imago

136 675 193 742 est,
217 667 377 730 convenire
399 673 429 726 et
450 663 572 744 propria
595 681 662 726 esse
685 665 796 739 docuit,
818 666 877 754 iste
896 667 986 730 rebus
1002 669 1140 732 omnibus
1157 674 1264 736 creatis
1280 677 1365 739 attri-

133 769 215 844 buit,
249 769 367 848 illisque
390 785 457 830 eom
480 765 553 826 Filio
575 773 687 846 pugnat
709 785 779 827 esse
807 769 989 844 eommunia,
1019 770 1089 850 quin
1118 773 1205 836 etiam
1229 776 1366 840 virtutem

134 871 236 934 ιιὶιιιιιί
265 870 362 931 Patris
394 865 540 946 impertiri
569 865 678 946 impius
711 876 878 941 asseverat,
909 879 942 931 ut
972 889 1006 930 ex
1034 870 1124 950 impia
1145 875 1209 938 eius
1232 878 1366 940 doctrina

138 973 293 1045 efficiatur,
313 969 420 1032 sitium
444 968 474 1030 in
496 967 556 1029 tilio
580 969 688 1030 lactum
711 987 782 1031 esse
803 969 895 1031 filium
920 979 948 1031 et
963 969 1091 1034 Verbum
1106 977 1365 1050 potentiam‘oerbi

137 1073 301 1153 accepisse.
344 1071 406 1134 Noc
427 1071 497 1132 item
520 1089 587 1131 eum
610 1078 643 1132 ut
663 1071 756 1132 filium
777 1070 835 1134 ista
857 1071 919 1133 vult
947 1071 1076 1146 dixisse,
1109 1075 1161 1136 sed
1190 1076 1304 1154 ipsum,
1333 1091 1366 1142 ut

140 1173 189 1254 qui
217 1191 251 1236 ea
279 1192 396 1254 qnoque
426 1171 577 1244 didicerit,
610 1175 669 1234 una
700 1191 766 1234 cum
794 1171 859 1236 aliis
890 1161 1032 1253 operibus
1055 1173 1189 1237 collocat.
1234 1177 1265 1237 Si
1282 1179 1366 1242 renim

136 1284 297 1356 propterea
324 1273 404 1354 quod
429 1273 536 1346 verba,
569 1291 643 1352 quae
672 1275 842 1352 proterebat
869 1275 979 1350 Filius,
1012 1293 1074 1336 non
1103 1275 1168 1340 eius
1192 1290 1292 1342 esseut
1314 1279 1367 1341 sed

136 1375 254 1449 Patris,
282 1384 316 1437 ut
338 1375 368 1437 e't
390 1393 497 1454 opero,
527 1374 636 1436 ideireo
660 1374 792 1437 dicebat:
826 1377 888 1457 llpo
910 1381 942 1438 in
965 1375 1074 1449 Putre,
1105 1388 1133 1439 et
1154 1377 1247 1440 Potor
1269 1383 1301 1440 in
1321 1397 1369 1442 me

138 1489 192 1550 est,
216 1495 281 1538 oum
304 1477 371 1556 ipse
393 1495 511 1556 quoque
532 1475 624 1536 llavid
647 1475 741 1538 dicat:
776 1478 903 1539 Andium
925 1479 997 1558 quid
1019 1477 1160 1560 loquetur
1182 1485 1214 1542 iu
1235 1499 1281 1542 me
1302 1481 1368 1544 Do-

138 1585 238 1642 minus
262 1579 353 1655 Bous,
376 1586 406 1639 et
428 1576 584 1639 Salomon:
608 1577 776 1640 Sermones
793 1583 852 1640 mei
872 1579 969 1642 olleo
994 1581 1068 1642 dicti
1087 1591 1169 1650 sunt,
1192 1599 1258 1642 cum
1281 1579 1367 1642 simi-

137 1680 205 1742 liter
232 1679 349 1759 Moyses
378 1695 552 1740 sermonum
580 1677 633 1740 Dei
662 1679 839 1740 administer
867 1680 973 1754 luerit,
1006 1679 1172 1762 singulique
1197 1682 1367 1762 Prophetae

135 1773 201 1842 non⁴
217 1781 338 1860 propria
360 1781 414 1842 sed
436 1779 488 1841 uei
511 1780 599 1842 verba
623 1781 882 1854 annunciaverunt,
912 1781 992 1842 unde
1020 1781 1151 1843 aiebant:
1184 1783 1267 1846 llaec
1295 1785 1368 1846 diu't

74 1929 78 1939 .
133 1881 297 1954 donnaus,
327 1901 394 1944 cum
423 1881 494 1943 item
518 1899 608 1962 opera
630 1881 711 1960 ipsa,
741 1901 816 1961 quae
838 1883 938 1944 Sancti
967 1883 1107 1956 elicuere,
1138 1902 1197 1944 non
1221 1903 1275 1945 sua
1298 1900 1366 1947 esse

136 1984 188 2046 sed
209 1985 262 2045 llei
285 1984 423 2046 virtutem
445 1983 662 2064 suppeditantis
685 1983 871 2058 affirmarim,
893 1991 927 2046 ut
948 2001 984 2046 ex
1000 1983 1062 2046 ulia
1084 1991 1114 2046 et
1136 1984 1253 2047 Elisaeo
1275 1993 1366 2065 patet,

137 2085 186 2164 qui
210 2085 301 2146 ileum
323 2085 512 2158 invocavero,
535 2093 568 2148 ut
590 2092 726 2146 mortuos
748 2086 814 2165 ipse
838 2086 996 2158 excitaret,
1024 2085 1106 2146 unde
1127 2085 1205 2146 idem
1228 2085 1365 2148 Elisaeus

134 2195 291 2265 postquam
314 2187 452 2248 Naamnni
475 2187 589 2266 lepram
611 2193 762 2260 sanasset,
791 2187 819 2247 ei
842 2185 929 2248 dixit:
967 2185 1005 2247 llt
1026 2190 1105 2248 ocios
1129 2205 1193 2248 esse
1216 2185 1311 2246 licum
1334 2189 1367 2246 iu

118 2283 247 2360 'lornei
270 2287 387 2350 Samuel
410 2307 528 2369 qnoque
550 2288 660 2365 messis
682 2295 818 2366 tempore
833 2287 927 2348 Deum
949 2295 983 2348 ut
1004 2285 1132 2364 pluviam
1156 2285 1240 2346 daret
1261 2285 1364 2357 orarit,

23 2395 34 2414 “
132 2387 269 2468 Apostoli
291 2389 418 2469 denique
442 2409 475 2450 se
497 2409 558 2451 non
580 2389 702 2470 propria
731 2389 839 2451 virtute
867 2388 920 2448 sed
943 2387 997 2448 Dei
1019 2385 1111 2466 gratia
1135 2385 1218 2464 signa
1241 2393 1271 2447 et
1291 2405 1365 2464 pro-

133 2491 213 2570 digia
236 2491 331 2551 lacere
354 2491 535 2567 fatebantur:
567 2511 602 2554 ex
622 2491 688 2566 his,
711 2491 849 2570 inquam,
873 2487 1001 2551 dilucide
1024 2487 1186 2550 secundum
1210 2486 1291 2550 illum
1314 2505 1366 2548 se·

134 2591 246 2672 quitur,
269 2609 371 2654 vocem
394 2593 564 2655 huiusmodi
587 2593 719 2655 omnium
736 2609 855 2672 quoque
875 2609 941 2653 esse
957 2607 1155 2664 communem,
1172 2589 1366 2668 singulosque

133 2711 228 2774 posse
256 2693 369 2755 dicere:
402 2693 464 2776 Epo
493 2699 525 2758 in
553 2694 663 2768 Putre,
694 2705 723 2757 et
750 2693 844 2756 Potor
872 2699 905 2756 in
926 2713 971 2756 me
994 2702 1052 2764 est,
1081 2711 1137 2754 neo
1158 2691 1284 2772 proinde
1306 2690 1365 2754 iam
1452 2678 1457 2687 ’

133 2813 228 2858 unum
251 2795 330 2858 hunc
351 2814 419 2857 esse
440 2796 494 2857 Dei
517 2795 622 2856 Filium
645 2804 674 2857 et
695 2787 825 2858 Verbum
843 2815 877 2857 ac
891 2794 1083 2874 Sapientiam,
1105 2793 1158 2856 sed
1182 2812 1250 2856 eum
1272 2811 1363 2857 unum

135 2913 257 2974 quoque
279 2913 315 2956 ex
337 2896 436 2956 multis
459 2913 537 2956 esse.

223 3183 253 3257 3.
297 3191 387 3272 Atqui
409 3193 436 3253 si
456 3193 532 3253 haec
553 3201 636 3254 essct
657 3189 815 3252 verborum
833 3190 951 3251 Ilomini
974 3186 1129 3260 sententia,
1152 3203 1213 3248 non
1236 3188 1276 3249 ita
1298 3207 1367 3250 eum

130 3295 216 3374 loqui
240 3293 439 3375 oportuisset:
468 3293 531 3375 Epo
553 3298 586 3356 iu
606 3292 700 3356 Putre
723 3304 751 3356 et
772 3292 865 3355 Potor
887 3297 919 3354 io
941 3309 986 3352 mo
1008 3298 1062 3363 est,
1085 3287 1137 3350 scd
1160 3289 1275 3366 potius:
1303 3289 1366 3370 ligo

135 3395 225 3458 etiam
247 3413 314 3459 sum
336 3396 367 3458 iu
389 3395 475 3458 Patro
498 3403 528 3457 et
547 3395 637 3458 Pater
658 3393 689 3456 in
717 3413 764 3456 me
794 3393 882 3456 etiam
911 3401 971 3465 est,
1006 3398 1038 3452 ut
1066 3389 1201 3452 videlicet
1231 3389 1302 3454 nihil
1332 3409 1366 3453 se

132 3497 290 3577 proprium
313 3508 343 3560 et
366 3497 514 3577 singulare
536 3498 613 3578 apud
634 3496 754 3560 Patrem
777 3503 916 3576 tanquam
930 3493 1038 3556 Filium
1059 3492 1180 3565 habere,
1204 3493 1258 3554 sed
1280 3511 1364 3556 oom-

136 3651 193 3712 lleg.
218 3647 240 3699 2.
268 3649 365 3710 Sepoer.
391 3651 486 3701 Gobler.
512 3651 616 3700 sarcum.
644 3651 664 3702 i.
690 3644 725 3698 τὰ
776 3649 838 3716 quod
856 3665 902 3698 non
920 3649 951 3697 ait
968 3647 1030 3696 cliuo
1049 3645 1109 3696 deos
1128 3648 1152 3710 iu
1170 3648 1277 3697 uniuerso
1295 3653 1364 3708 turo,

133 3710 213 3782 παρὰ
240 3715 289 3764 τοῦ
316 3714 391 3766 seeo.
435 3719 461 3768 ln
489 3717 542 3768 aliis
569 3727 593 3768 et
619 3720 725 3770 editione
774 3719 822 3767 nisi
839 3723 927 3768 tontum
944 3717 969 3764 in
986 3715 1068 3764 lsrael.

135 3785 254 3836 Commel.
273 3773 308 3832 tii
327 3785 401 3834 deest.
810 3787 834 3834 ιι.
854 3785 895 3834 Sia
913 3785 969 3844 fleg.
990 3783 1012 3830 1.
1026 3785 1130 3843 ¹sepner.
1148 3780 1217 3831 Gobl.
1230 3781 1366 3831 etlelclrm.

170 3867 190 3914 g.
216 3853 255 3902 Sic
278 3853 366 3914 Regius
388 3851 408 3900 Ι.
427 3859 450 3902 et
468 3851 490 3900 2.
509 3852 607 3914 Sepuer.
626 3854 724 3904 Gobler.
778 3853 800 3901 1.
836 3849 898 3900 Editi
927 3858 1005 3899 autem
1032 3857 1055 3897 et
1081 3849 1120 3896 olii
1148 3836 1218 3896 εἶναι
1242 3847 1292 3895 τὸν
1316 3847 1367 3896 τοῦ

135 3919 240 3970 Felcim.
269 3920 291 3968 1.
316 3927 339 3968 et
363 3919 387 3968 5.
422 3921 450 3968 u
473 3921 545 3968 ceteri
565 3929 587 3968 st
605 3920 662 3970 editi
681 3913 725 3968 o‘a'h
775 3911 881 3984 πατρὸς
903 3909 966 3965 υἱὸν
987 3909 1034 3964 καὶ
1055 3909 1146 3980 λόγον.
1185 3917 1236 3966 lton
1261 3917 1316 3996 ssep.
1344 3916 1367 3967 l.

107 3985 380 4056 ,ναμιντοῦθεοᾶ
417 3987 490 4036 Paulo
510 3987 640 4050 postflep.
663 3987 682 4036 l.
702 3995 726 4036 et
776 3989 875 4047 Seguer.
895 3985 992 4034 Gobler.
1012 3984 1148 4033 etlelctm.
1170 3973 1258 4033 ruit
1283 3996 1366 4053 ειπερ.

135 4057 234 4115 Ssgoer.
247 4047 329 4109 αὐτὸς
345 4047 452 4121 ἔγείρῃ’
472 4043 517 4102 ὅτε
533 4048 579 4100 καὶ
598 4051 635 4169 tp*
644 4054 726 4102 Nuta-
777 4054 839 4102 Editi
858 4061 882 4100 at
900 4052 940 4102 alii
960 4042 1014 4098 ἀλλ’
1034 4041 1151 4116 lnclnsp.

132 4112 726 4256 seio,sztodorinus
853 4119 1209 4253 octennem
1226 4119 1323 4235 ιι
1343 4127 1366 4169 ⁶¹

135 4258 462 4390 {illidii'tldt‘dj
480 4257 725 4388 :disidodi
778 4253 1183 4388 ctiinFJr'iimii‘liui'c‘iiii'
1202 4245 1366 4380 ἰἰῖἷίἷζῗζ

137 4402 235 4441 sanatus
254 4401 278 4442 rt
296 4393 455 4443 adElissenm
474 4394 646 4443 reversuseit:
666 4384 727 4441 loeo
777 4397 801 4438 et
819 4387 842 4438 2.
867 4396 891 4438 st
914 4393 1012 4451 Septim¹
1037 4381 1107 4455 πρὸς
1129 4382 1179 4435 τὸν
1201 4381 1307 4450 πατέρα
1330 4375 1368 4438 ὥς

136 4449 243 4519 ἔγνωκα
266 4451 310 4506 ’ότι
333 4451 381 4508 οὐκ
397 4453 457 4510 ἔστι
473 4453 538 4513 θεὸς
554 4452 585 4508 lu
600 4453 673 4525 adop
691 4457 727 4526 τῇ
776 4447 840 4508 uio'o.
868 4457 896 4512 dt
914 4457 954 4507 alii
973 4463 997 4507 et
1014 4457 1070 4506 aditi
1088 4449 1159 4520 aspir
1175 4449 1224 4504 τὸν
1235 4443 1366 4516 nurlpod

134 4521 181 4591 γῇ,
202 4515 245 4572 ὅτι
262 4517 314 4574 dial
335 4519 351 4586 ἢ
368 4519 399 4576 ἐν
415 4525 454 4594 τῷ
468 4518 584 4594 Ἰσραήλ,
608 4529 660 4579 Vere
677 4530 726 4580 acio
776 4515 842 4577 uide.

172 4611 300 4655 Διιιιιιιιιι
311 4623 363 4656 orn.
373 4625 443 4658 noca.
456 4627 505 4658 ιιι.
971 4627 974 4634 ’
1127 4603 1160 4653 30
