3176 5058
230 293 289 356 126
626 303 1057 352 κατασκευασαμένου

139 448 266 522 αυτόν
294 455 344 541 εἴη
371 455 430 538 τῆς
460 447 576 530 οὐσίας
596 455 654 519 τοῦ
677 452 814 539 πατρός.
859 447 913 520 ὅτι
932 451 993 539 γάρ
1016 446 1053 520 οὗ
1076 459 1197 539 κτίσμα
1219 447 1295 521 οὐδὲ
1317 459 1448 540 ποίημα

225 565 343 644 φρονεῖ
363 553 421 620 τόν
444 551 516 620 υἱὸν
540 547 627 620 εἶναι
646 552 714 634 (καὶ
733 553 795 641 γὰρ
816 551 873 621 καὶ
894 553 928 621 έν
949 553 1055 640 ταύτην
1070 553 1310 642 τεθρυλήκασιν
1323 549 1446 637 αότόν),

225 653 330 734 οὕτως
352 655 386 722 έν
407 657 454 740 τῷ
478 655 618 742 δευτέρω
639 656 759 742 βιβλίῳ
782 661 899 743 φησίν
922 653 980 722 έάν
1002 655 1039 724 δέ
1060 679 1111 734 τις
1131 658 1198 722 τῶν
1220 659 1445 743 συκοφαντῶν,

224 755 340 842 ἐπειδή
362 758 428 822 τῶν
450 750 607 823 ἀπόντων
629 755 769 843 ποιητήν
790 753 952 824 τὸνθεόν
974 758 1027 822 καί
1051 755 1247 844 δημιουργὸν
1265 751 1371 836 ελπον,
1395 757 1447 826 ολ·
1522 767 1528 778 ’

223 864 301 946 ηταί
321 881 363 942 με
384 859 439 923 καί
460 860 518 923 τοῦ
540 860 690 941 Χριστοῦ
712 858 826 942 λέγειν,
850 850 1024 930 ἀκουσάτω
1044 879 1110 940 μου
1131 855 1296 944 πρότερον
1317 865 1446 944 πατέρα

226 957 393 1046 φήσαντος
422 951 535 1036 αὐτόν,
569 956 603 1024 έν
625 947 653 1044 ᾦ
673 959 727 1024 καί
748 953 767 1024 δ
790 953 862 1037 υλὸς
883 962 1186 1044 ·προςγίγρασται·
1218 958 1302 1044 μετὰ
1322 957 1384 1045 γὰρ
1405 958 1446 1026 τὸ

116 1121 122 1140 ,
225 1057 332 1128 εἰπεῖν
355 1063 483 1144 πατέρα
505 1057 646 1147 ποιητήν
668 1057 852 1145 έπαγήοχα·
874 1061 927 1126 καί
944 1057 1021 1127 οάτε
1035 1058 1144 1146 πατήρ
1159 1059 1249 1127 ἔστιν
1264 1049 1331 1126 λῶν
1345 1083 1446 1148 ποιη-

223 1159 294 1247 τής,
329 1159 360 1226 εἰ
387 1156 506 1244 κυρίως
535 1155 553 1225 ό
580 1161 737 1248 γεννήσας
757 1158 868 1246 πατήρ
891 1156 1045 1226 ἀκούοιτο
1077 1158 1148 1248 (τήν
1169 1159 1231 1247 γὰρ
1253 1159 1445 1248 πλατύτητα

221 1263 280 1346 τής
299 1262 358 1326 τοῦ
379 1258 508 1346 πατρὸς
528 1268 749 1349 προςηγορίας
770 1261 804 1328 έν
825 1271 899 1340 τοῖς
920 1261 993 1348 έξής
1014 1259 1344 1346 “έπεξεργασόμεθα),
1368 1259 1445 1330 οὔτε

221 1359 362 1449 ποιητής
385 1355 404 1426 ό
427 1360 552 1449 πατήρ,
582 1363 612 1430 εί
637 1361 740 1447 μόνος
761 1355 780 1428 ό
800 1368 1005 1449 χειροτέχνης
1026 1360 1167 1449 ποιητής
1189 1363 1334 1447 λέγοιτο·
1362 1357 1440 1449 παρ’

212 1458 347 1550 Ἕλλησι
376 1460 437 1548 γὰρ
459 1465 619 1550 ἆποιηταί
651 1466 704 1530 καί
733 1466 800 1530 τῶν
828 1463 922 1530 ίδίιον
942 1465 1120 1530 καλοῦνται
1141 1462 1246 1548 λόγων
1268 1464 1302 1532 οἱ
1322 1470 1442 1551 σοφοί·

220 1567 274 1631 καί
297 1563 453 1650 ποιητής,
477 1558 495 1630 ὁ
518 1559 707 1643 ἀπόστολος
728 1559 817 1644 εἶπε,
840 1563 988 1648 νόμου“)·
1017 1564 1160 1632 καὶτῶν
1183 1560 1359 1650 έγναρδίων
1380 1563 1441 1651 γὰρ

223 1658 339 1750 ἀροτής
360 1659 381 1750 ἢ
402 1669 516 1742 κακίας
537 1667 674 1752 ποιηταὶ
695 1670 934 1746 καθίστανται,
965 1661 1010 1744 ῶς
1038 1659 1131 1733 εἶπεν
1159 1660 1177 1732 ό
1199 1665 1297 1745 θεός·
1331 1665 1443 1750 έμεινα

221 1767 280 1830 τοῦ
302 1768 445 1852 ποιήσαι
466 1771 582 1851 κρίσιν,
606 1764 744 1854 ἐποίησε
765 1767 802 1832 δέ
824 1761 1002 1852 ἀνομίανλ).

307 1871 357 1932 21.
395 1862 505 1932 Ἔστιν
527 1859 664 1952 ἀληθῶς
685 1861 846 1934 ἀκούοντα
865 1869 970 1934 ταῦτα
991 1871 1182 1956 μνησθῆναι
1195 1868 1254 1942 τοῦ
1269 1871 1367 1933 θείου
1385 1867 1443 1934 λο-

220 1971 294 2050 γίου
315 1967 486 2052 λέγοντος·
506 1956 545 2032 οὗ
568 1966 625 2034 ίὰν
648 1971 778 2056 στραφή
800 1963 835 2033 ’ό
858 1962 987 2054 ἀσεβής,
1012 1962 1245 2054 ἀφανίζεται’).
1292 1966 1363 2034 ἰδοὺ
1378 1965 1440 2054 γὰρ

220 2067 381 2146 ποικίλως
402 2067 620 2156 στρεφόμενοι
641 2064 717 2136 καθ’
741 2068 877 2157 ἑκάστην
900 2070 933 2136 οἱ
955 2070 1127 2155 δυσσεβεῖς
1148 2063 1373 2156 ἀφανίζονται,
1395 2067 1441 2154 μή

220 2167 346 2252 ἔχοντες
372 2170 455 2256 μηδὲ
483 2168 530 2249 είς
557 2173 655 2238 τοῦτο
677 2171 851 2260 πρόφασιν
872 2173 950 2256 περί
972 2175 1164 2238 Διονυσίου.
1210 2172 1360 2256 φανερῶς
1380 2170 1441 2254 μέν

3 2339 5 2364 ρ
219 2269 280 2357 γὰρ
303 2270 468 2351 διδάσκει,
491 2269 536 2357 μή
560 2267 644 2339 εἶναι
666 2278 796 2358 ποίημα
817 2272 878 2362 ’μή
902 2273 939 2338 δέ
959 2277 1081 2356 κτίσμα
1101 2268 1159 2336 τὸν
1181 2268 1269 2354 υλόκ·
1293 2269 1442 2337 αἰτιᾶται

3 2379 4 2456 ί
220 2373 257 2439 δέ
288 2375 341 2440 καὶ
371 2371 555 2460 θεραπεύει
582 2372 660 2452 τοὺς
688 2371 927 2458 διαβάλλοντας
949 2367 1049 2438 αὐτὸν
1071 2367 1117 2449 ῶς
1139 2369 1278 2438 εἰπόντα
1299 2370 1440 2458 ποιητήν

135 2472 277 2545 μεικτὸν
299 2473 398 2553 θεόν,
429 2470 503 2540 θὸτι
528 2473 572 2558 μή
596 2477 745 2541 συνεῖδον
768 2473 906 2541 εἰπόντα
928 2468 1027 2540 αὐτὸν
1049 2470 1212 2558 πρότερον
1232 2479 1363 2559 πατέρα
1383 2471 1441 2538 τὸν

219 2573 318 2653 θεόν,
349 2573 383 2639 έν
411 2563 438 2658 ᾧ
465 2577 519 2640 καί
543 2570 560 2638 ὁ
583 2574 653 2653 υἱὸς
674 2579 950 2660 προςγέγραπται.
994 2576 1092 2640 τοῦτο
1116 2573 1152 2640 δέ
1174 2574 1275 2658 λέγων
1297 2574 1441 2640 δείκνυσι

220 2671 265 2758 μή
287 2668 372 2740 εἶναι
393 2677 459 2738 τῶν
481 2673 677 2760 ποιημάτων
698 2673 757 2740 τὸν
778 2673 859 2766 υἱόν,
882 2674 964 2760 μηδὲ
981 2673 1122 2760 ποιητήν
1139 2669 1224 2742 ἀλλά
1238 2679 1365 2758 πατέρα
1378 2676 1439 2738 τοῦ

221 2773 307 2840 ἰδίου
335 2773 433 2858 λόγου
463 2771 632 2842 τὸνθεόν
654 2770 747 2842 εἶναι.
791 2774 847 2842 καὶ
869 2773 985 2862 ἐπειδὴ
1008 2768 1228 2861 ἀσυνειδήτως
1248 2775 1334 2853 τινές
1355 2771 1439 2861 έπή-

217 2898 317 2961 γαγον
339 2869 443 2962 αὐτῷ,
468 2871 521 2941 ότι
542 2874 684 2964 ποιητήν
707 2871 782 2944 ελπε
801 2874 859 2942 τὸν
881 2875 964 2944 θεὸν
985 2879 1044 2942 τοῦ
1065 2880 1232 2962 Χριστοῦ,
1263 2873 1318 2943 διὰ
1339 2877 1439 2942 τοῦτο

216 2979 379 3056 ποικίλως
407 2971 676 3064 ἀπολογούμενός
704 3000 789 3065 φησι
815 2972 895 3064 μηδ’
919 2973 1025 3055 οὕτως
1046 2975 1254 3065 ἐπιλήψιμον
1275 2972 1360 3044 εἶναι
1380 2973 1440 3044 τὸν

216 3078 330 3166 λόγον·
364 3078 525 3167 εἰρηκέναι
552 3077 614 3166 γὰρ
635 3079 777 3167 ποιητήν
800 3103 884 3166 φησι
906 3079 963 3146 διὰ
984 3077 1043 3164 τήν
1065 3077 1185 3164 σάρκα,
1218 3077 1257 3165 ἢν
1280 3073 1439 3163 ΙΙἀνέλαβε

214 3181 348 3268 γενητήν
371 3171 471 3249 οὖσαν
494 3177 593 3268 αὐτήν
617 3176 634 3246 ὁ
657 3181 761 3268 λόγος.
797 3179 827 3248 εί
848 3181 885 3246 δὲ
906 3183 960 3246 καὶ
982 3181 1060 3266 περί
1082 3177 1254 3265 τοῦλόγου
1268 3203 1321 3256 τις
1339 3173 1438 3244 ὶὑπο-

215 3281 331 3368 νοήσοι
362 3277 460 3348 τοῢιο
494 3284 665 3363 λελέχθαι,
699 3284 753 3346 καί
785 3276 890 3358 οὕτως
912 3280 1056 3366 ἐ’πρεπεν
1079 3274 1198 3358 αὖτοὺς
1219 3273 1438 3366 ἀφιλονείκως

217 3380 372 3447 ἀκοῦσαι·
401 3380 469 3458 ιιῖις
489 3379 550 3466 γὰρ
574 3375 612 3444 οὗ
633 3388 764 3466 ποίημα
785 3385 899 3466 φρονῶ
921 3381 978 3446 τὸν
1000 3380 1113 3466 λόγον,
1146 3382 1199 3448 καί
1228 3374 1267 3446 οό
1295 3377 1436 3467 ποιητήν

217 3474 301 3547 ἀλλὰ
321 3486 451 3566 πατέρα
472 3478 635 3546 τὸνθεόν
657 3474 756 3546 αὐτοῦ
779 3481 871 3565 λέγω.
908 3475 967 3569 κάν
990 3481 1025 3561 ἐξ
1046 3481 1228 3568 ἐπιδρομῆς
1249 3481 1337 3548 ε’έπω
1359 3503 1438 3546 ποι·
1519 3471 1526 3478 ’

215 3579 295 3668 ητήν
314 3579 373 3647 τὸν
394 3580 493 3659 θεόν,
518 3578 729 3666 διηγούμενος
750 3584 826 3666 περὶ
849 3585 907 3648 τοῦ
930 3583 1019 3662 υἱοῦ,
1043 3579 1126 3650 ἀλλὰ
1147 3585 1199 3650 καί
1223 3578 1329 3662 οὕτως
1349 3577 1437 3648 ἀπο-

286 3773 310 3831 1)
327 3772 399 3822 Rom.
417 3770 442 3832 2,
463 3769 502 3822 13.
522 3778 545 3820 τί
562 3771 642 3822 Iacob.
660 3769 685 3830 4,
707 3771 744 3822 11.
815 3771 840 3830 2)
858 3771 912 3822 Esa.
931 3772 998 3834 5,·1.
1068 3772 1093 3832 3)
1112 3773 1179 3822 Ρτυν.
1200 3770 1239 3834 12,
1258 3771 1284 3822 λ.

250 3921 273 3955 ι.
293 3907 390 3956 Tauria.
409 3907 478 3957 Colb.
499 3907 543 3956 Ιει.
561 3900 777 3970 προγέγραπται.
883 3905 906 3956 d.
925 3906 952 3954 ln
971 3907 1067 3956 Τνατίσ.
1093 3906 1161 3956 Colb.
1180 3907 1227 3956 Ιιε.
1246 3906 1305 3956 ἰίίσδ
1324 3898 1437 3964 ποιηταὶ

250 3977 273 4024 Ι).
291 3975 332 4024 Sic
357 3975 413 4036 fleg.
438 3973 534 4022 Τεισία.
560 3974 605 4022 lus.
634 3983 656 4023 ει
684 3977 716 4022 im
742 3975 799 4038 Ιεςίι
849 3966 894 4020 καὶ
920 3971 977 4020 τῶν
994 3965 1074 4022 ι’δίιον
1092 3989 1168 4038 usque
1187 3975 1216 4024 ιδ
1236 3989 1341 4037 sequens
1359 3985 1437 4030 ποιη-

216 4039 331 4092 Νουαίυε.
368 4041 429 4091 Εδίιί
454 4031 493 4087 ῶν
510 4037 638 4099 ποιητής,
666 4042 736 4103 longe
761 4041 798 4090 di·
850 4034 897 4088 ναὶ
915 4039 963 4099 τῆς
979 4037 1074 4095 κακίας
1092 4042 1183 4091 ναίειν
1202 4049 1265 4092 sunl.

216 4122 289 4186 νενιη
310 4123 392 4159 sensu.
428 4109 479 4158 Mox
503 4109 526 4158 in
546 4109 644 4158 Τυοτίυ.
663 4110 732 4159 ίὶοίίι.
751 4109 799 4159 les:
889 4123 910 4157 e.
929 4107 1139 4190 Ατιίεαίσεφιρεῑ
1156 4110 1178 4186 iq
1198 4109 1296 4186 Τιατίη.
1308 4107 1437 4160 ΕοΙΙι.Ιιι.

216 4177 483 4294 παάηλιλλλόᾱοῗάλό.
508 4243 553 4293 les.
578 4213 797 4310 έπεργασόμεθα.
850 4171 1439 4324 sskssegolazaessfflgdogdmwasme}

217 4310 275 4374 Καρ.
287 4313 377 4362 aedili
388 4302 632 4378 έπεξιργασόμεθα.
669 4311 719 4361 θοι
730 4311 799 4360 Colb.
852 4305 1036 4375 ἀφανίζονται
1053 4313 1076 4360 in
1096 4313 1165 4361 eduis
1183 4311 1394 4370 διείδινιίιιυίυι,
1405 4309 1438 4360 ob
1584 4311 1585 4336 ί

217 4378 263 4428 les.
283 4371 345 4428 οὔτε
361 4373 474 4437 ποιητής
491 4359 524 4426 τό
541 4372 632 4443 πατήρ
651 4363 685 4436 ήν
701 4370 796 4442 μόνος.
851 4379 1032 4428 similitudinem
1051 4393 1135 4428 vocum
1155 4369 1319 4444 ἀφανίζεται
1329 4385 1352 4426 ιι
1363 4367 1439 4440 ἀφα-

218 4447 315 4497 Tauria.
340 4437 402 4496 τότε
424 4439 538 4506 ποιητής
555 4429 587 4494 οό
605 4437 696 4512 πατήρ
713 4437 799 4509 μένος
849 4440 970 4502 νίζονται
994 4446 1099 4496 omissa:
1123 4446 1167 4496 sed
1192 4449 1304 4508 ίυςιιαιαι
1327 4447 1353 4494 ια
1379 4445 1438 4506 λος.

217 4497 258 4560 έν.
292 4515 352 4560 ιι...
371 4521 398 4564 α
415 4515 479 4564 ουν.
850 4514 947 4563 τισιν.
967 4513 1035 4564 σοιν.
1054 4513 1100 4563 με.
1119 4522 1142 4565 ιι
1160 4514 1198 4562 ιι.
1210 4513 1228 4562 1.
1265 4511 1440 4564 ιαμ-σασα
