3212 5060
528 323 636 369 onoma
652 325 695 368 nr.
711 323 827 369 norme
840 320 974 370 usuros.
1277 310 1338 375 133

12 449 21 550 J
116 498 179 546 nor
199 479 317 562 penitus
338 477 446 542 immet
465 474 616 538 liberatus.
659 469 765 540 Verum
788 476 816 538 si
836 475 873 538 ad
895 475 1015 557 aliquod
1037 485 1167 558 tempus,
1189 487 1222 539 ut
1243 434 1422 560 caprarum.

11 633 21 666 s
122 581 192 659 dixi,
214 588 394 655 cessassent,
414 595 520 640 rursus
542 577 685 640 tamenin
699 577 821 640 homine
842 585 995 658 peccatum
1010 586 1040 640 et
1053 577 1205 658 corruptio
1220 591 1340 642 reman-

120 685 228 760 sisset,
263 683 305 748 uti
334 689 420 744 entes
451 678 573 758 configit
603 679 790 753 homininum
822 695 918 758 nequo
946 679 977 740 id
997 679 1124 759 probatu
1146 687 1194 742 cst
1211 675 1341 742 difficile.

14 841 19 874 :
119 787 202 852 llttlti
221 803 329 865 nempe
350 781 445 846 sanoti
468 789 498 844 et
519 779 556 844 ab
578 781 660 842 omni
681 789 801 860 peccato
816 781 1056 870 puriorstiterc,¹
1069 781 1140 861 quin
1155 781 1244 874 etiem
1258 780 1426 842 lere-rues.

12 949 15 956 .
121 887 198 952 miss
219 886 256 948 ab
278 893 363 948 utero
386 891 505 946 sencias
533 890 582 944 est
609 883 749 957 effeetus,
781 895 811 944 et
838 881 966 944 hennes
992 901 1060 946 mm
1080 883 1108 944 in
1131 882 1234 944 matris
1257 877 1344 944 ute're

10 961 23 978 γ’
119 987 216 1051 adhuc
237 995 412 1068 quateretur,
435 985 471 1048 ad
485 981 628 1065 lleiparee
649 983 758 1046 lleriae
780 1001 883 1046 rocem
906 982 1015 1046 laetitia
1037 983 1185 1046 exultavit
1217 984 1344 1046 Verrun-

11 1147 23 1165 ,
121 1100 220 1154 umen
249 1093 388 1170 reparavit
414 1105 499 1150 soors
528 1085 565 1148 cl
587 1087 682 1148 Adora
702 1105 796 1169 esque
818 1086 859 1148 od
879 1083 1012 1166 Moyseo
1034 1089 1126 1148 etiem
1144 1077 1183 1148 trr'
1199 1101 1265 1156 sos,
1293 1088 1348 1167 qui

119 1211 183 1256 ooo
211 1199 416 1273 peccauerunt
444 1192 479 1250 io
505 1184 731 1250 siurilr'tudo'eom
758 1189 1039 1268 praeuaricationis
1064 1188 1162 1260 Adue,
1191 1193 1277 1266 etque
1304 1186 1346 1248 its

10 1376 15 1389 ι
118 1294 260 1356 homines
281 1290 474 1354 nihilominus
495 1289 636 1350 mortales
659 1298 688 1350 et
710 1288 842 1370 corrupti
863 1289 1051 1368 propriisque
1073 1298 1194 1352 natmns
1208 1287 1345 1360 adectim

119 1395 211 1458 nibus
232 1391 360 1456 subiecti
380 1409 581 1472 permansere.
624 1391 686 1452 lem
714 1409 786 1452 vero
808 1399 971 1485 postquam
987 1389 1116 1452 Verbum
1137 1389 1230 1452 homo
1250 1389 1345 1452 nctus

8 1559 10 1592 ζ
121 1501 187 1570 est,
215 1504 246 1556 et
273 1512 347 1576 quse
375 1494 472 1568 cernis
494 1501 564 1554 sunt
584 1493 706 1574 propris
728 1492 786 1554 sibi
808 1511 877 1555 esse
899 1492 1008 1568 noluit,
1041 1493 1116 1556 hacc
1135 1507 1197 1554 non
1218 1491 1344 1572 emplius

120 1615 231 1677 empus
253 1594 407 1674 attingunt,
430 1594 469 1656 ob
491 1589 630 1668 Verbum,
653 1594 734 1674 quod
754 1594 786 1657 in
808 1593 874 1675 ipso
897 1596 1006 1657 lectam
1027 1602 1091 1670 est,
1114 1594 1169 1656 ssd
1190 1601 1346 1658 consumta

117 1685 230 1758 abillo
252 1705 338 1769 suet,
368 1715 423 1758 nec
444 1695 502 1758 iam
523 1695 660 1758 homines
683 1715 756 1760 raas
778 1705 902 1778 propter
923 1697 1095 1782 electiones
1121 1703 1293 1777 peccatores
1316 1704 1347 1758 et

117 1789 230 1860 mortni
258 1808 393 1870 manent,
422 1798 475 1859 sed
504 1797 592 1861 Verbi
619 1799 726 1861 virtute
748 1799 959 1862 reviviscentes
982 1799 1164 1862 immortales
1186 1805 1274 1880 etque
1295 1798 1344 1860 iu-

117 1899 252 1980 corrupti
273 1907 418 1980 perpetuo
442 1899 559 1962 dorent.
594 1899 740 1974 Quocirca
762 1917 829 1963 cum
851 1919 919 1964 caro
943 1917 979 1964 ex
992 1901 1118 1983 lleipora
1131 1901 1222 1964 llario
1244 1900 1346 1964 nesei-

52 2002 58 2017 '
119 2009 180 2075 tur,
202 2001 267 2080 ipse
290 2011 386 2062 tamen
409 2008 496 2062 nctus
518 2019 586 2064 esse
608 2002 728 2075 dicitur',
751 2019 809 2082 quo
833 2003 962 2065 donante
984 2002 1031 2064 alii
1048 2010 1213 2065 naseuntur
1227 2009 1259 2064 ut
1274 2002 1353 2075 sint,¹

119 2113 153 2164 ut
174 2097 443 2164 scideeeaostrom
466 2103 531 2180 ipse
554 2110 651 2164 ortum
674 2103 705 2163 in
729 2119 762 2164 se
784 2104 953 2176 transferet,
976 2103 1102 2182 hincque
1124 2119 1182 2164 nos
1201 2117 1264 2162 non
1286 2101 1344 2164 inm

119 2213 155 2268 ut
175 2213 255 2266 terra
277 2203 341 2266 sole
363 2203 392 2264 in
415 2212 525 2266 terram
548 2211 746 2273 revertamur,
775 2203 829 2264 sed
856 2211 996 2280 tanquam
1018 2219 1086 2265 cum
1108 2201 1226 2264 caelesti
1247 2201 1344 2262 Verbo

115 2305 267 2368 coniuncti
290 2305 320 2366 in
343 2304 442 2394 caelos
465 2302 501 2364 ab
525 2303 591 2382 ipso
614 2303 819 2383 perducamur.
864 2301 1008 2362 Similiter
1028 2301 1118 2380 igitur
1138 2301 1217 2363 haud
1232 2299 1345 2380 ubsque

117 2407 236 2468 ratione
263 2405 334 2466 alias
362 2402 499 2481 eorporis
527 2402 701 2464 affectiones
730 2402 760 2464 in
789 2402 922 2482 seipsum
954 2400 1117 2476 transtulit,
1148 2407 1182 2464 ut
1208 2400 1344 2464 videlieet

121 2523 185 2568 non
207 2507 264 2566 iam
287 2514 323 2566 ut
347 2504 503 2580 hemines,
534 2505 586 2568 sed
614 2513 654 2566 ut·
673 2505 794 2586 proprie
823 2506 858 2568 ed
887 2505 986 2586 ipsum
1007 2504 1135 2568 Verbum
1161 2504 1344 2586 pertinentes

78 2643 85 2652 ·
118 2615 258 2670 astemoe
279 2607 356 2668 ritae
376 2607 534 2687 prerticiqres
556 2607 756 2670 redderemur.
800 2607 862 2670 Nee
884 2607 963 2670 enim
984 2607 1125 2688 deinceps
1148 2607 1227 2670 utin
1248 2606 1343 2688 priori

120 2709 234 2788 origine
255 2707 286 2770 in
308 2709 399 2771 Adam
421 2709 582 2788 morimur,
613 2711 666 2774 sed
688 2718 792 2773 nestra
815 2711 929 2792 origine
952 2709 1150 2790 omnibusque
1171 2707 1270 2772 carnis
1293 2708 1341 2772 in·

120 2807 308 2872 firmitatibus
330 2811 362 2873 in
385 2811 510 2874 Verbum
533 2812 632 2892 ipsum
654 2813 805 2875 translatis
826 2822 937 2875 eterra
958 2812 1129 2884 excitamur,
1152 2809 1247 2874 solutu
1268 2827 1341 2891 pec·

121 2911 181 2972 coti
207 2909 410 2972 maledictione
440 2913 503 2972 eius
532 2913 654 2985 merito,
687 2903 796 2994 quiin
825 2913 913 2976 nobis
942 2913 1039 2974 nostri
1061 2913 1153 2992 grstit
1174 2911 1341 2976 maledictio

121 3010 216 3104 lactus
250 3017 311 3081 est,
343 3009 432 3088 idque
447 2995 618 3074 'admodum
650 3013 867 3102 convenienter,
910 3014 984 3075 lem
1012 3011 1258 3092 quemadmodum
1285 3031 1342 3076 nos

123 3127 245 3184 omnes,
278 3118 311 3170 ut
337 3109 387 3190 qui
410 3129 445 3172 en
469 3122 547 3175 terra
576 3131 694 3188 sumus,
724 3116 865 3178 luridam
894 3115 1055 3189 morimur3
1088 3114 1184 3175 itaer
1212 3133 1286 3194 aqna
1314 3121 1344 3176 et

119 3210 229 3292 spiritu
251 3230 371 3274 sursum
393 3213 559 3292 regenerati
582 3233 684 3278 omnes
705 3217 735 3278 in
758 3215 875 3278 Christo
897 3216 955 3278 rita
977 3213 1138 3290 donamur,
1165 3213 1250 3296 quasi
1272 3231 1341 3277 earo

119 3399 236 3464 Eplcsino
253 3399 360 3460 scardus
377 3399 424 3451 iric
441 3403 540 3452 adducit
563 3410 643 3454 contro
660 3403 705 3454 11)-
755 3401 877 3468 Ephesiae
904 3419 958 3468 paq.
982 3403 1041 3454 ssd.
1068 3399 1154 3470 [llrnsl
1178 3405 1252 3456 Ceno.
1277 3405 1338 3456 eoo.

119 3466 217 3517 sterium
234 3467 449 3530 eiusqueorseetcr,
471 3471 592 3520 ostendeus
605 3479 624 3520 et
635 3471 705 3522 11))1)
756 3473 824 3522 Tom.
842 3471 867 3520 V.
886 3487 939 3538 pop.
958 3469 1019 3537 281.
1047 3471 1098 3521 idox
1116 3473 1172 3536 lien.
1192 3473 1214 3522 1.
1233 3481 1257 3522 et
1275 3474 1339 3524 Con·

122 3549 171 3583 esre
191 3534 303 3584 Christum
318 3536 470 3599 etdeiporcm
487 3543 589 3587 sanctam
599 3539 702 3600 lineium,
755 3539 934 3604 ciliumllptrcs.
946 3537 1135 3606 γεγεννῆσθαι.
1160 3539 1238 3591 Ceteri
1248 3549 1271 3590 et
1281 3542 1338 3593 editi

121 3617 180 3665 quoe
196 3604 406 3666 ipmnrecoadom
419 3617 509 3654 earnem
523 3607 618 3670 peperit.
643 3607 702 3656 ibid.
753 3605 928 3672 γεγενῆσθαι.
1126 3604 1129 3611 '

117 3663 167 3716 aot
183 3679 237 3734 oute
259 3663 380 3737 καθαροί
401 3670 468 3720 deest
486 3672 508 3720 in
528 3680 628 3738 utroque
647 3675 703 3736 neq.
788 3677 811 3725 1.
830 3675 932 3739 cyrillus
950 3683 973 3724 et
988 3675 1079 3726 Concil.
1091 3676 1203 3740 Ephesio.
1215 3671 1337 3740 γένησιν,

121 3737 234 3798 etSenm
267 3737 314 3786 Sed
333 3739 356 3787 in
374 3739 428 3786 aliis
446 3745 469 3788 et
480 3739 503 3786 in
515 3739 584 3789 editis
603 3741 704 3792 liabetur
754 3743 833 3808 iiiique
851 3743 913 3807 apud
932 3739 1047 3806 cirillum
1066 3743 1153 3793 desinit
1172 3745 1248 3794 loeus.
1283 3743 1336 3796 idox

120 3812 148 3854 nt
165 3813 189 3854 et
206 3805 229 3854 in
248 3803 339 3855 Concil.
358 3805 444 3868 liphes.
464 3815 487 3853 et
505 3807 702 3868 chalcedonensi,
753 3812 809 3873 lleq.
829 3810 852 3862 1.
869 3811 1008 3874 seruerim.
1033 3809 1131 3864 Golilor.
1149 3811 1253 3862 sautu.
1273 3812 1296 3862 1.
1314 3824 1339 3864 et

120 3881 192 3936 atque
211 3872 281 3921 etism
299 3873 361 3936 apud
379 3872 494 3936 cyrillum
513 3883 536 3922 et
553 3875 702 3926 Cassianum,
754 3878 845 3928 concil.
864 3878 975 3942 Ephesia.
993 3875 1030 3942 γῆ
1045 3870 1125 3944 μόνη.
1165 3879 1210 3928 Atti
1234 3886 1258 3929 et
1281 3881 1338 3932 editi

155 3940 179 3989 d.
204 3941 260 4002 lter.
280 3941 302 3990 1.
325 3948 348 3990 et
365 3941 504 4003 Sequerien.
521 3935 566 3988 trad
579 3933 705 4002 Ἰωάννης
752 3943 788 4010 γῆ
804 3937 900 4011 μόνον.
944 3946 1017 3994 Ρ)))Ιο
1042 3955 1097 4009 post
1120 3947 1176 4008 fleg.
1196 3947 1218 3996 1.
1236 3948 1339 4026 Sequor.

120 4000 153 4056 δὲ
168 3998 217 4056 tu.
754 4013 846 4064 eonati,
870 4011 982 4076 Ephesia.
1004 4009 1045 4078 τῷ
1066 4005 1096 4069 ἐξ
1118 4003 1236 4078 οὔρανοῦ
1253 4010 1334 4080 terp.

156 4089 179 4125 ο.
196 4075 251 4134 lter.
266 4072 287 4122 l.
306 4082 329 4124 et
347 4075 446 4137 Sequor.
463 4071 616 4142 γινομένου.
644 4078 704 4128 lbid.
755 4079 847 4132 Ceteril
851 4081 955 4144 solitique
973 4077 1012 4142 τῷ
1029 4071 1057 4135 ἔξ
1074 4071 1198 4146 οὐρανῶν
1215 4073 1296 4147 to‘yq.

120 4141 195 4193 1))11.
214 4133 461 4210 ἱδιονυιηοαμίνοο.
788 4148 803 4197 1.
827 4149 884 4209 lter.
904 4148 926 4196 1.
945 4140 1337 4214 εῑὸοῃ))1)ο.εἷςοῦρονοῦς.

154 4211 172 4260 1.
195 4209 338 4274 Sicltepl.
357 4211 456 4273 Sequer.
474 4220 497 4261 et
515 4211 606 4262 Coneil.
624 4213 703 4276 Ephe·
753 4214 798 4264 titi
822 4223 846 4265 et
869 4215 925 4264 editi
942 4206 1028 4268 :leod
1047 4209 1121 4265 ανόν.
1163 4217 1253 4267 ibidem
1272 4215 1337 4265 con·

120 4277 208 4328 sinum.
244 4279 272 4327 tt
293 4279 383 4340 duplis.
407 4269 454 4326 clar
471 4271 555 4360 qimai
571 4273 623 4346 priv
640 4273 703 4340 ἆνῆ-
731 4282 834 4354 ,cilium
852 4281 940 4348 Epies.
958 4228 1124 4350 drapsoipm
1141 4274 1174 4332 δι’
1195 4273 1292 4354 11)οοὶΙ

119 4341 212 4394 toros
248 4347 327 4396 Ceteri
351 4355 375 4396 et
398 4349 455 4397 editi
473 4343 539 4396 olla
555 4339 598 4397 dd
618 4340 703 4398 αὐτοῦ
787 4350 808 4399 1).
827 4349 867 4400 Sic
885 4351 942 4412 lieu.
962 4350 984 4400 1.
1003 4355 1142 4414 Sequerien.
1162 4357 1185 4400 st
1202 4345 1335 4398 Concilium

118 4407 173 4479 pio
191 4403 322 4472 ἀνήλωτο.
344 4427 346 4434 ’
379 4451 381 4456 .
752 4415 840 4481 Ephes.
866 4417 910 4469 dlii
924 4433 978 4468 vero
992 4434 1045 4468 cnm
1060 4419 1129 4468 editis
1142 4405 1175 4463 δι’
1189 4401 1332 4482 §proriper-

156 4495 178 4542 q.
202 4479 266 4530 llaec
283 4483 339 4531 item
358 4489 450 4530 eumont
466 4483 527 4546 spnd
546 4483 662 4547 cyrillum
678 4484 703 4534 in
753 4483 805 4534 lior
835 4494 890 4550 post
918 4478 1068 4552 γενόμενον
1098 4473 1220 4544 κατάραν
1248 4475 1334 4522 desinet

121 4543 263 4598 Manuos
287 4549 481 4599 anathematismi
505 4551 523 4600 l.
545 4551 570 4602 in
594 4551 702 4602 concillo
752 4550 821 4604 loeus
839 4555 862 4604 in
880 4553 971 4604 Coreli.
989 4553 1077 4616 Epire.
1096 4539 1279 4599 sonoritatem
