3216 5048
566 293 710 340 enarrer.
725 293 841 340 corrraa
855 295 993 340 musas.
1086 305 1095 318 ²
1203 304 1211 320 ¹
1325 281 1388 346 Μ

159 443 290 522 vinitati,
313 445 367 510 sed
389 445 554 526 gloriosum
575 443 637 508 Deo
658 444 739 514 Patri
760 463 845 520 asse,
874 445 955 527 quod
977 445 1104 510 Verbum
1127 463 1196 510 raro
1218 448 1327 512 tactum
1349 447 1476 512 citata.

156 557 190 610 et
209 555 335 612 mortem
358 565 448 612 carue
470 546 607 608 subierit
649 547 747 610 Patria
769 547 882 610 scilicet
902 548 996 628 gioria
1016 557 1074 624 est,
1101 550 1209 614 tanum
1231 557 1263 612 et
1283 559 1388 630 postca

154 649 304 731 porditum
326 647 454 730 reperiri
476 645 644 722 hominem,
673 623 882 730 mortuamque
907 650 1040 712 reroorri
1070 650 1106 712 ad
1139 651 1228 714 sitam
1251 669 1287 714 ae
1308 659 1475 714 tem-mr.

153 750 237 831 plum
258 751 310 814 Dei
333 749 409 813 heri.
453 749 526 812 Cum
549 747 628 812 enim
649 749 722 812 caeti
743 757 924 829 potestates,
945 750 1046 830 dngeii
1069 758 1100 814 ct
1120 751 1306 834 Archangeli,
1333 753 1384 834 qui

154 851 314 914 Dominum
338 869 457 930 semper
478 839 650 924 adoravere,
672 868 752 913 nuno
772 869 840 912 eom
861 849 892 911 in
908 851 1029 912 nomine
1043 849 1112 914 iesu
1125 855 1258 928 adorent,
1280 862 1385 917 nostra
1408 909 1421 934 ,

154 954 293 1034 protecto
316 952 407 1032 gratia
430 961 460 1014 ot
480 952 573 1032 gloria
595 959 652 1026 cst,
678 951 759 1031 quod
782 951 870 1014 ctiam
894 951 985 1012 homo
1006 952 1102 1044 iactus
1123 953 1176 1016 Dei
1196 938 1287 1018 Filius
1308 955 1383 1018 ado·

158 1061 256 1128 ratur3
278 1070 333 1116 nco
353 1051 511 1115 virtutihus
533 1051 709 1116 caelestibus
731 1052 839 1115 miroro
860 1051 1019 1126 ridebitur,
1042 1070 1109 1114 mm
1126 1070 1184 1114 noa
1199 1073 1313 1131 omnes,
1335 1059 1385 1142 qui

157 1153 290 1216 eiusdem
310 1173 346 1217 ac
365 1153 416 1216 ilie
437 1160 559 1242 naturae
581 1172 708 1234 corpora
730 1154 891 1228 habemus,
924 1154 955 1216 ia
978 1171 1063 1216 suana
1085 1151 1238 1234 regionem
1260 1155 1387 1220 viderint

154 1255 314 1318 introduci.
359 1254 446 1328 Quod
469 1255 569 1336 utique
590 1256 674 1318 aliter
696 1274 757 1318 non
781 1255 973 1336 contigisset,
995 1255 1056 1318 nisi
1077 1253 1146 1328 ille,
1169 1254 1218 1335 qui
1240 1255 1271 1317 in
1293 1258 1387 1319 torma

153 1357 210 1419 Dei
231 1365 305 1430 crat,
328 1358 454 1420 sormam
477 1357 555 1419 servi
578 1357 773 1420 assumsisset
795 1374 888 1437 aequo
909 1357 984 1418 adeo
1006 1355 1201 1431 humiliasset,
1224 1363 1258 1418 ut
1279 1373 1388 1436 corpus

153 1475 243 1521 sunm
265 1467 392 1522 mortem
413 1459 474 1541 pati
494 1458 675 1540 permiserit.

224 1868 293 1954 ⁸43.
335 1865 379 1928 En
402 1883 474 1946 argo
496 1865 576 1945 quod
603 1883 659 1945 per
679 1883 797 1926 crucem
825 1863 949 1928 stultitia
970 1861 1023 1926 Dei
1054 1881 1123 1926 essa
1144 1863 1315 1928 hominibus
1336 1864 1382 1928 ri·

152 1965 287 2042 debatur,
310 1965 448 2030 omnihus
470 1968 580 2031 iactum
601 1973 648 2028 est
668 1965 855 2028 honoratius.
898 1965 933 2026 ln
956 1965 1020 2046 ipsa
1042 1965 1190 2046 siquidem
1214 1967 1314 2047 posita
1336 1975 1384 2030 ost

151 2076 254 2130 nostra
276 2069 465 2144 resurrectio,
488 2087 544 2134 nec
563 2068 658 2130 lsraid
681 2067 778 2130 solum
800 2068 853 2129 sod
876 2066 964 2128 ctiam
988 2085 1094 2128 omnes
1117 2077 1221 2146 gentas
1243 2069 1313 2142 iam,
1339 2069 1384 2130 uti

153 2168 303 2249 Propheta
330 2171 503 2234 vahoiaatns
530 2177 594 2244 cst,
626 2187 680 2231 sua
708 2169 852 2232 deserunt
878 2167 957 2230 idola
977 2185 1138 2248 rerumque
1158 2167 1252 2230 Deum
1274 2167 1385 2230 Christi

151 2279 267 2351 patrem
290 2278 465 2352 agnoscunt.
496 2271 680 2332 Daemonum
702 2289 822 2350 quoque
844 2266 1008 2331 dissolutae
1023 2267 1201 2350 praestigiae
1224 2275 1381 2341 sunt,‚so-

151 2370 259 2450 iusque
289 2370 485 2432 rerus⁸Dcos
512 2371 543 2431 in
571 2370 693 2432 nomino
721 2369 838 2432 Domini
869 2369 967 2432 nostri
993 2369 1062 2432 lesu
1092 2368 1203 2430 Christi
1231 2369 1383 2431 adoratur.

154 2470 244 2543 Quod
267 2477 363 2532 autem
385 2471 530 2532 Dominus
553 2471 641 2533 ctiam
663 2480 798 2534 assumto
820 2489 948 2551 corporo
970 2479 1001 2532 et
1021 2469 1143 2534 vocatu's
1165 2469 1251 2532 iesus
1273 2470 1382 2534 adorn-

153 2577 204 2632 tur
226 2569 413 2652 crediturque
436 2571 527 2634 Ddiua
548 2573 617 2649 Dei,
641 2593 675 2637 ac
694 2593 749 2656 per
770 2575 871 2658 ipsum
893 2574 981 2636 Pater
1002 2573 1212 2654 cognoscitur,
1227 2571 1257 2636 id
1279 2580 1383 2654 aperto

151 2669 278 2744 indicat,
310 2674 352 2734 uti
380 2673 526 2748 diximus,
554 2693 616 2738 non
638 2675 766 2738 Verbum
794 2683 938 2756 quatenus
961 2675 1088 2738 Verbum
1120 2675 1174 2738 aod
1194 2693 1251 2738 nos
1273 2676 1382 2739 huius-

137 2769 233 2834 ‘modi
256 2774 377 2852 gratiam
401 2774 561 2855 accepisse.
605 2776 677 2840 Nam
699 2785 825 2857 propter
847 2785 980 2838 notham
1001 2795 1068 2838 orm
1090 2777 1155 2838 cius
1178 2795 1304 2856 corpore
1325 2795 1380 2840 oo-

140 2874 322 2954 gnationem
343 2895 401 2937 nos
424 2894 542 2955 quoquc
563 2877 616 2939 Dei
639 2878 781 2958 tempium
803 2879 899 2940 adecti
921 2895 1025 2940 sumus
1047 2876 1164 2956 iamque
1185 2877 1313 2940 tiliorum
1328 2877 1382 2940 Dei

150 2973 336 3038 obtinuimus
358 2977 542 3056 dignitatem,
564 2977 638 3038 adeo
660 2985 693 3039 ut
715 2977 803 3038 ctiam
825 2980 855 3039 in
877 2976 965 3039 nobis
986 2975 1045 3039 iam
1064 2976 1208 3038 Dominus
1231 2977 1383 3050 adoretur,

154 3084 187 3136 et
209 3085 377 3156 spectantes
399 3077 601 3157 pronuntient,
625 3087 659 3140 nt
680 3079 720 3140 ait
734 3075 905 3157 Apostolus,
928 3077 1007 3156 quod
1025 3095 1094 3138 rere
1108 3076 1188 3138 Deus
1205 3075 1236 3136 in
1257 3075 1317 3136 iilis
1332 3076 1383 3138 sit.

149 3176 286 3258 idipsunr
313 3197 432 3260 quoque
452 3180 581 3242 loannes
609 3180 640 3241 in
667 3177 825 3258 Evangelio
852 3179 893 3240 ita
922 3177 1066 3240 declarat:
1100 3177 1256 3258 Quotquot
1283 3188 1384 3240 osteor
1483 3229 1485 3232 .

23 3315 32 3332 ·
151 3291 335 3359 receperunt
356 3299 432 3359 com,
457 3283 536 3346 dedit
558 3285 601 3346 air
620 3292 800 3363 potestatem
819 3280 902 3362 filios
924 3280 984 3342 Dat
1002 3278 1088 3359 fieri,
1110 3277 1240 3358 itemque
1261 3279 1293 3340 in
1315 3277 1380 3358 epi-

152 3379 237 3454 stola,
262 3379 311 3444 uhi
333 3381 406 3445 haee
427 3383 545 3446 scribit:
574 3383 613 3447 ln
636 3384 690 3448 doc
712 3387 932 3464 summario
952 3391 1054 3444 monet
1075 3383 1108 3448 io
1128 3379 1231 3451 nodab,
1254 3397 1294 3442 eor
1314 3383 1381 3462 api-

152 3485 215 3544 rr'ta
244 3487 322 3556 eins,
355 3502 441 3565 prm
469 3485 555 3548 dedit.
577 3485 675 3548 aobr'r.
718 3483 751 3546 id
780 3501 852 3546 sane
885 3491 1091 3563 argumentum
1114 3489 1160 3544 est
1181 3481 1247 3544 eins
1268 3481 1299 3544 iu
1321 3500 1379 3544 nos
1473 3487 1475 3494 '

149 3579 352 3662 benignitatis,
373 3585 455 3665 quod
477 3603 533 3650 uos
549 3585 588 3647 oh
603 3585 782 3648 altissimum
797 3584 965 3658 Dominum,
988 3583 1086 3665 quiin
1106 3583 1195 3646 nobis
1217 3592 1274 3658 cst,
1296 3583 1401 3676 crab,

153 3683 204 3744 tati
225 3683 345 3763 tumus,
368 3705 402 3750 ac
423 3695 547 3768 propter
567 3705 624 3749 nos
646 3688 712 3750 data
733 3687 791 3751 iuit
810 3687 914 3769 gratia,
937 3705 973 3750 eo
997 3685 1078 3768 quod
1099 3685 1244 3748 Dominus
1266 3686 1379 3766 gratiae

149 3897 198 3953 aur
220 3911 246 3954 at
267 3904 340 3957 editio
369 3907 488 3960 Commci.
514 3899 554 3962 ric
576 3900 625 3961 τὰς
641 3901 738 3974 χώρας
822 3921 843 3968 g.
863 3907 903 3958 Sic
926 3909 1025 3969 Sagoor.
1044 3913 1071 3956 at
1086 3906 1142 3966 aeg.
1162 3906 1260 3956 Dobter.
1279 3904 1335 3956 itern
1354 3911 1379 3956 at

148 3962 261 4026 ἔαυτόν.
385 4025 386 4028 ,
788 3976 891 4025 Fatebor.
905 3975 926 4025 1.
946 3976 1035 4024 babent
1051 3965 1210 4040 γενόμενον.
1231 3971 1274 4022 ¹ttii
1285 3981 1308 4022 et
1320 3973 1377 4024 editi

177 4053 203 4114 ‚⁰-
223 4035 323 4103 Seg'aar.
342 4042 442 4094 Gobiar.
460 4051 483 4092 ct
502 4041 607 4092 Falcim.
629 4033 737 4091 adm·
786 4035 817 4092 ia
834 4039 873 4107 ogi
891 4034 1000 4108 copon
1016 4036 1148 4106 γενέσθαι
1164 4033 1216 4089 τὸν
1231 4031 1335 4108 κόριον.

146 4118 294 4226 ἤςέερὲνὶι
319 4109 416 4228 mitet!
433 4109 496 4228 Ιοῗίιί
521 4103 672 4228 olrggrgaodrr
692 4122 725 4190 οξ
801 4112 843 4230 ιΙΙ.
863 4109 1160 4162 Gohisr.at-Fa1ctrm.l.
1178 4101 1226 4158 aad
1243 4103 1294 4168 τὴν
1309 4103 1379 4177 agdo

177 4188 208 4224 r.
254 4191 370 4228 orna
418 4193 504 4228 erm.
540 4191 653 4242 ,ηγαρ
707 4193 737 4226 α·
786 4193 831 4230 ec.

147 4251 250 4297 mats.
285 4246 383 4308 Segner.
409 4246 467 4296 ibid.
491 4237 507 4304 ri
529 4239 583 4312 μὲν
597 4238 653 4312 γὰρ
672 4239 739 4296 irai-
820 4247 835 4295 i.
855 4244 896 4295 Sic
912 4243 1081 4306 segnenasg.
1097 4241 1378 4320 Gobter.atiatctgr.1.

143 4322 244 4364 macas
270 4303 336 4378 ἡμῖν
363 4321 387 4364 et
411 4313 487 4380 panto
513 4323 569 4380 post
595 4304 684 4364 odxtn
706 4307 737 4364 dd
789 4320 814 4362 at
836 4312 909 4362 Darii.
934 4312 1024 4374 hogtic.
1049 4319 1073 4361 et
1091 4310 1195 4360 Falcim.
1210 4309 1234 4358 b.
1251 4307 1380 4383 sodgrrap

145 4371 242 4445 ptrue.
788 4372 835 4428 soi
848 4370 982 4438 Ἰωάννης.
1019 4377 1097 4427 Editio
1115 4374 1234 4426 Commai.
1250 4373 1379 4438 καθαπερ

180 4448 196 4498 i.
216 4449 318 4512 Segaar.
335 4441 448 4500 teudo.
488 4449 545 4514 fleg.
563 4439 663 4500 abacta
693 4448 739 4497 stit
791 4437 956 4505 ὃΊωάννης.
993 4444 1084 4494 ibidem
1110 4439 1163 4509 pair
1185 4448 1209 4490 at
1232 4439 1380 4502 paulopost

147 4522 172 4566 at
188 4515 263 4568 aditio
278 4517 395 4570 Commod.
414 4509 514 4568 αὑτῶν.
790 4503 897 4582 ygoiptt
914 4513 984 4562 abeat
1000 4525 1013 4560 a
1029 4509 1128 4574 (iohler.
1146 4514 1170 4556 at
1186 4503 1292 4556 drtctro.
1312 4503 1335 4552 i.
