3102 5042
531 261 675 305 urrerem
690 261 711 306 r.
726 262 763 305 sn
779 261 976 306 sanrrtouarr.
1281 253 1302 314 .7
1307 253 1345 314 17

114 413 261 486 bibimus,
285 410 435 474 Christum
458 429 516 472 una
537 409 677 474 bibimus.
721 413 853 492 Namque
869 413 1006 477 bibebant
1027 414 1062 476 de
1084 417 1220 494 spirituli
1241 436 1433 482 conse-ssu.

115 525 229 598 queste
248 525 350 594 petro.
394 512 488 575 Petro
509 523 609 575 autem
630 523 698 575 erut
721 514 870 578 Christus.
915 514 1072 576 Praeterea
1094 525 1127 578 ut
1142 515 1277 580 Christus
1293 539 1346 581 ve-

114 637 171 680 rus
194 624 241 678 est
261 614 364 688 Filius,
387 614 428 676 ita
450 631 507 674 nos
530 612 674 694 Spiritum
695 615 872 695 accipientes
895 615 945 678 lilii
968 616 1121 679 efficimur.
1165 617 1235 681 Nou
1261 624 1345 692 euim,

114 719 231 799 iuquit,
256 719 415 797 accepistis
437 717 581 796 spiritum
604 721 762 780 seruitutis
785 721 897 799 iterum
918 723 951 780 iu
973 723 1095 792 tunore,
1116 721 1172 782 ‘sed
1192 725 1346 800 accepistis

114 821 271 902 Spiritum
292 818 476 898 adoptionis.
522 816 594 878 Cum
623 825 720 879 autern
749 817 859 898 Spiritu
893 819 944 881 filii
971 819 1024 881 Dei
1054 821 1214 895 efficimur,
1248 821 1342 883 maui-

115 923 229 984 testum
251 927 298 982 est
319 937 376 980 nos
398 917 427 980 in
453 917 570 980 Christo
593 919 671 980 lilios
694 920 747 981 llei
770 919 919 1000 appellari.
963 921 1035 984 Natu
1059 934 1205 1006 quotquot
1227 941 1347 1004 recepe-

115 1032 197 1086 rurtt
218 1040 302 1106 eum,
328 1021 408 1083 dedit
430 1018 492 1082 illis
514 1030 693 1100 potestatem
714 1020 796 1101 tilios
818 1021 877 1084 Dei
896 1021 973 1102 fieri
1018 1023 1131 1084 Deinde
1152 1025 1347 1103 qrremadrno·

116 1125 190 1188 duur
211 1123 316 1195 Peter,
345 1122 389 1183 uti
412 1121 500 1183 ducet
520 1121 646 1196 Paulus,
676 1121 760 1184 solus
791 1131 836 1184 est
864 1122 998 1202 sapiens,
1027 1125 1071 1186 sic
1098 1125 1169 1198 eius,
1185 1123 1278 1186 Filius
1301 1135 1348 1187 cst

115 1225 273 1306 sapientia.
321 1223 460 1286 Christus
484 1223 562 1284 enim
585 1223 644 1287 Dei
663 1229 763 1288 uirtus
786 1235 814 1286 et
828 1224 887 1287 Dei
907 1229 1064 1304 supr'eutiu.
1108 1225 1147 1287 Ut
1168 1226 1237 1286 item
1252 1226 1344 1288 Filius

115 1337 166 1390 est
187 1323 343 1406 sapientia,
366 1321 405 1384 ita
427 1343 482 1386 nos
505 1323 617 1404 Spiritu
640 1325 801 1404 sapientiae
827 1332 946 1406 accepto
969 1324 1075 1388 Filium
1098 1326 1241 1404 habemus
1264 1334 1294 1388 et
1314 1327 1344 1388 in

115 1428 225 1492 eodem
247 1426 398 1505 sapientes
421 1426 573 1488 efficimur.
619 1425 670 1488 Sis
696 1427 774 1488 enim
803 1427 945 1506 seriptum
980 1428 1078 1490 estin
1101 1429 1219 1491 Psalmo
1242 1437 1343 1489 cente-

115 1533 197 1594 simo
219 1527 444 1609 quadragesimo
467 1527 586 1607 quinto:
608 1527 758 1591 Dominus
780 1529 872 1592 solvit
895 1513 1086 1610 compeditos,
1105 1529 1253 1594 Dominus
1277 1549 1344 1592 eoe-

115 1653 168 1697 cos
192 1631 343 1712 sapientes
366 1629 472 1710 efficit.
517 1628 590 1690 Cum
605 1628 729 1710 iusuper
744 1629 874 1709 Spiritus
889 1630 977 1692 nobis
999 1630 1094 1704 detur,
1118 1632 1247 1712 Accipite
1263 1631 1342 1692 enirn

114 1733 269 1814 Spiritum
291 1740 438 1802 sonetum,
461 1729 613 1808 inquiebat
627 1729 769 1804 Salvator,
792 1730 872 1793 Deus
895 1731 934 1794 its
956 1731 987 1793 in
1011 1731 1096 1794 nobis
1120 1741 1182 1808 est;
1205 1731 1250 1793 sic
1264 1731 1342 1793 enim

115 1833 237 1914 scripsit
259 1831 403 1893 loannes:
427 1831 463 1892 Si
482 1831 640 1912 dilipomus
663 1835 797 1904 inuicem,
820 1833 902 1896 Deus
925 1838 957 1895 iu
977 1833 1064 1896 uobis
1082 1843 1191 1896 mouet.
1236 1832 1274 1895 lu
1289 1831 1345 1896 boc

114 1935 338 2014 eopuoseimus,
368 1936 570 2014 quoniamst
592 1951 625 1997 eo
647 1953 800 1998 monemus
824 1945 852 1998 et
873 1939 936 2016 ipm
957 1937 991 1996 iu
1012 1935 1116 2011 uobis,
1145 1937 1288 2016 quonium
1309 1934 1428 2004 densos.

113 2036 237 2118 Spiritu
260 2053 316 2098 suo
339 2035 419 2096 dedit
441 2033 537 2096 uobis.
582 2033 715 2114 Cumque
735 2034 814 2097 lleus
836 2035 867 2095 in
890 2034 976 2096 nobis
1000 2043 1055 2109 est,
1078 2035 1170 2097 Filius
1194 2045 1273 2098 certe
1290 2035 1342 2096 iti-

113 2138 183 2199 dem
205 2137 235 2199 in
258 2134 346 2198 nobis
370 2144 427 2211 est,
448 2135 516 2215 ipso
538 2134 612 2198 Filio
636 2136 766 2198 dicente:
789 2136 850 2216 Epo
873 2143 903 2203 'et
917 2137 1010 2200 Pater
1031 2141 1182 2199 oeuiuuus
1204 2147 1234 2198 et
1254 2155 1344 2198 mou-

112 2243 229 2302 siouem
256 2237 339 2318 opud
366 2257 433 2300 eum
461 2238 616 2318 [asienus.
662 2236 804 2298 Similiter
832 2245 866 2298 ut
886 2237 977 2298 Filius
1007 2245 1054 2298 est
1085 2238 1142 2298 rita
1166 2237 1270 2298 eodem
1293 2245 1341 2298 te·

113 2348 227 2404 stante:
249 2341 310 2418 lips
333 2358 400 2402 sum
421 2343 495 2415 uita,
519 2339 563 2400 sic
585 2339 671 2400 etiam
694 2337 724 2399 in
744 2338 855 2419 Spiritu
877 2337 1016 2417 vivificari
1039 2336 1174 2411 dicimur,
1197 2336 1341 2417 quemad·

112 2443 235 2506 modum
256 2440 364 2504 Paulus
387 2440 442 2503 ait:
477 2441 539 2514 Qui
566 2443 726 2504 suscitavit
747 2440 847 2503 lesum
871 2439 1025 2503 Christum
1046 2458 1066 2500 o
1087 2443 1233 2512 mortuis,
1262 2441 1342 2500 uiui-

114 2545 218 2624 fieobit
241 2553 268 2605 et
289 2542 433 2604 mortalia
455 2560 589 2624 corpora
610 2552 714 2604 oestro
731 2560 791 2623 per
812 2539 1029 2605 inhabitantem
1052 2545 1116 2603 eius
1139 2539 1289 2620 Spiritum
1309 2544 1342 2602 iu

114 2643 209 2706 uobis.
252 2642 344 2706 Nobis
372 2661 465 2722 porro
494 2643 524 2704 in
547 2642 659 2728 Spiritu
688 2642 776 2704 ritanr
811 2636 1023 2722 accipientibus
1052 2642 1118 2723 ipss
1147 2641 1282 2704 Christus
1310 2640 1340 2702 in

113 2745 201 2808 nubis
224 2746 321 2808 virere
351 2743 472 2819 dicitur,
502 2753 534 2806 ut
564 2763 600 2826 er
627 2744 674 2805 bis
703 2744 802 2806 verbis
830 2752 927 2824 patet:
958 2745 1080 2807 Christo
1108 2743 1247 2823 eoufiurss
1275 2760 1342 2803 sum

113 2852 206 2911 eruci.
254 2847 323 2910 Viuo
346 2856 447 2910 outeru
468 2851 528 2908 iom
549 2864 611 2908 nou
634 2864 700 2925 epo,
724 2849 800 2908 sivit
820 2865 892 2909 vero
915 2850 947 2908 in
969 2863 1015 2906 me
1033 2844 1183 2909 Christus.
1218 2843 1257 2904 Et
1270 2860 1340 2903 rur-

114 2967 177 3024 sus,
201 2948 450 3029 quemadmodum
472 2947 565 3010 Filius
587 2967 661 3027 quae
683 2947 808 3011 iaciebat
829 2967 918 3028 opera
940 2947 1057 3009 Patrem
1081 2944 1167 3008 suum
1189 2946 1286 3006 iacere
1301 2944 1341 3004 ita

112 3049 289 3113 testabatur:
313 3050 408 3112 Pater
429 3055 462 3112 iu
484 3067 529 3114 tue
550 3067 674 3112 mouens
697 3051 857 3130 tpsesocit
879 3067 982 3129 spero.
1028 3048 1146 3109 Credite
1166 3046 1248 3120 milri,
1271 3047 1341 3124 puis¹

113 3171 165 3234 epo
186 3155 219 3214 iu
241 3151 334 3213 Putre
358 3161 387 3212 et
408 3149 501 3214 Pater
521 3155 555 3214 iu
576 3170 621 3213 me
643 3159 697 3214 est.
743 3149 881 3232 Alioquin
905 3159 1037 3229 propter
1066 3165 1159 3227 opero
1181 3145 1249 3225 ipsu
1272 3140 1340 3205 orie

113 3253 172 3315 dite
193 3252 280 3324 milti,
311 3251 355 3312 sic
382 3270 457 3331 quae
479 3251 510 3313 in
531 3252 638 3313 virtute
660 3249 787 3333 Spiritus
809 3250 918 3311 Paulus
948 3247 1093 3310 efficiebat
1115 3245 1225 3308 Christi
1248 3261 1339 3323 opera

113 3371 182 3416 esse
203 3351 341 3414 docebat:
365 3351 435 3414 Nou
456 3357 538 3416 euim
551 3353 674 3426 audebo,
698 3351 802 3431 inquit,
824 3352 939 3433 aliquid
961 3351 1045 3433 loqui
1058 3367 1171 3422 eorum,
1195 3366 1269 3430 quoe
1279 3364 1340 3429 ptr

111 3472 157 3516 me
179 3472 241 3517 nou
263 3453 359 3534 efficit
382 3453 522 3516 Uiriatus
546 3459 578 3516 iu
601 3455 796 3516 obedientium
819 3453 972 3526 dentium,
1003 3453 1094 3516 verbo
1117 3461 1146 3513 et
1169 3463 1274 3532 opere,
1308 3451 1340 3510 iu

112 3559 227 3618 uirtute
249 3557 407 3636 sipuoruur
430 3567 458 3618 et
475 3557 697 3636 prodipiorum,
721 3559 753 3616 iu
775 3558 889 3618 uirtute
911 3553 1048 3636 Spiritus
1071 3556 1180 3615 scroti.

197 3858 249 3921 20.
294 3856 365 3917 Cum
395 3855 484 3935 igitur
506 3875 540 3919 ea
564 3857 655 3920 sitin
677 3865 777 3921 sancta
799 3855 943 3917 Trinitate
974 3855 1142 3921 coniunctio
1171 3864 1201 3917 et
1230 3855 1339 3931 unitas,

109 4009 200 4073 buglis.
235 4009 298 4059 Editi
317 4017 340 4058 et
360 4004 602 4058 sliirulrbiiciunt.
638 4011 699 4060 lbid.
736 4011 739 4016 “
786 4010 802 4059 l.
827 4009 867 4059 Sia
891 4010 945 4072 fleg.
965 4008 989 4058 2.
1021 4017 1044 4058 et
1071 4010 1176 4059 Graecus
1200 4009 1340 4072 Scripturas

109 4079 146 4128 sic
169 4077 258 4127 bibent
282 4077 380 4128 Gobler.
407 4086 431 4127 et
454 4077 558 4126 Felclrm.
579 4077 601 4126 l.
627 4069 698 4125 οὕτω
751 4084 837 4126 textus.
874 4078 930 4138 lies.
951 4077 971 4126 l.
997 4077 1096 4138 Segrrer.
1120 4085 1143 4127 et
1171 4077 1227 4127 editi
1246 4071 1338 4124 sirei.

108 4137 163 4212 γάρ
182 4155 255 4210 φησι
271 4137 374 4208 Aestu-
392 4139 486 4214 κύριος
501 4154 545 4194 stu.
750 4145 810 4194 lbid.
829 4145 885 4206 lleg.
907 4144 928 4192 l.
957 4151 980 4192 et
997 4145 1096 4205 Segusr.
1116 4145 1188 4209 psulo
1208 4153 1262 4195 unte
1283 4149 1339 4207 post

143 4215 166 4262 d.
191 4207 221 4262 δέ
239 4213 277 4262 hie
293 4213 383 4261 habent
400 4213 455 4274 lieu.
477 4213 499 4261 l.
517 4221 540 4262 et
558 4211 698 4273 Seguerirn.
749 4203 818 4277 ἔργα
836 4213 926 4262 addunt
944 4213 1000 4262 ltern
1020 4202 1113 4260 αὐτοῦ.

107 4281 153 4332 tiit
171 4288 196 4330 et
213 4281 270 4330 editi
289 4281 408 4330 omittunt.
445 4280 519 4329 Paulo
533 4281 697 4343 psstGobler.
783 4295 806 4340 g.
825 4271 854 4327 ἓν
871 4281 939 4330 abest
956 4295 968 4328 r
988 4281 1045 4340 lieu.
1066 4280 1086 4328 l.
1107 4287 1129 4328 ct
1147 4280 1246 4340 Seguer.

108 4357 132 4400 et
158 4347 264 4398 taicum.
280 4349 302 4397 l.
334 4337 405 4394 obsto
429 4339 484 4416 γὰρ
510 4342 557 4395 sui
576 4337 697 4407 ’lodurur
783 4349 806 4396 b.
827 4349 883 4408 lleg.
906 4348 926 4395 l.
945 4354 968 4396 et
986 4347 1126 4408 Seguorian.
1152 4345 1237 4394 babent
1256 4333 1336 4420 ἔζτῇ

106 4409 228 4484 γράφει·
248 4409 297 4464 ἐὰν
312 4409 367 4480 γὰρ
387 4407 538 4481 ἀγαπῶμεν
556 4423 600 4467 etc.
750 4407 816 4480 ἁγίᾳ
834 4406 932 4484 τριάδι.
976 4415 1020 4462 tllii
1045 4423 1068 4463 et
1095 4414 1150 4462 editi
1169 4422 1248 4460 rorem
1268 4421 1336 4472 uytu

142 4499 163 4535 e.
182 4485 240 4546 ileu.
259 4483 282 4536 2.
302 4480 515 4551 συσταυροῦμαι.
750 4485 868 4534 omittunt·
905 4482 957 4532 llox
974 4481 1063 4531 ibidem
1082 4481 1137 4541 fleg.
1154 4478 1175 4527 l.
1194 4477 1336 4538 suasum
