3176 5058
217 283 277 347 132
611 297 637 339 ε.
653 295 805 338 ιτυιαιεα
820 293 1045 338 nemmem

129 440 282 529 ε.τοο.ἀμα
305 440 568 530 ἀμολογείτωσαν
590 444 662 509 ’καὶ
685 439 771 527 ἅπερ
794 436 886 510 εἶπεν
908 436 1174 527 ἀπολογούμενος
1188 437 1227 506 τὸ
1245 433 1432 524 ὃμοούσιον,

212 548 267 612 καὶ
289 544 328 610 τὸ
351 544 385 612 ἔκ
407 547 465 632 τῆς
487 539 603 621 σῦσίας
624 537 710 610 εἶναι
730 541 787 609 τὸν
810 541 891 623 υλὸν,
913 541 1028 610 καὶτὸ
1051 537 1177 621 ἀΐδιον,
1200 538 1335 607 καὶτὸν
1359 543 1436 608 νοῦν

213 644 301 730 πρὸς
321 644 378 710 τὸν
401 644 509 730 λόγον,
530 644 588 732 τήν
610 669 646 712 τε
667 643 773 731 πηγὴν
794 647 849 710 καὶ
863 643 922 710 τὸν
936 641 1098 727 ποταμόν,
1114 643 1169 708 καὶ
1184 640 1227 708 τά
1241 637 1342 707 ἀλλα·
1359 640 1436 707 Ι’ἵνα

213 739 274 832 κᾷν
308 745 342 812 ἐκ
374 747 432 830 τῆς
447 764 451 772 “
464 745 628 833 διαφορᾶς
659 747 796 830 γνιῦσιν,
831 744 1040 824 πῶςέκείνα
1061 745 1120 827 μὲν
1142 735 1209 809 κατ’
1234 741 1435 824 οἰκονομίαν,

214 849 320 912 ταῦτα
349 845 385 913 δὲ
407 841 452 925 ιῦς
474 843 493 912 5
513 849 571 933 τῆς
592 843 746 932 εὐσεβοῦς
767 851 913 923 πίστεως
932 845 1088 930 βούλεται
1109 841 1206 929 λόγος
1228 842 1342 929 εἴρηκε.
1381 845 1437 908 καὶ

215 946 336 1013 λοιπὸν
358 950 461 1013 ταῦτα
482 949 629 1032 λέγοντες
649 941 848 1032 ‘hacetum
870 943 956 1031 ὅπερ
978 940 1045 1012 κατ’
1070 937 1179 1010 αῦτιῦν
1193 941 1319 1010 τούτων
1335 941 1437 1031 ἐφρό-1

216 1068 326 1135 νησαν.
356 1053 391 1114 τί
410 1047 471 1133 γάρ
492 1041 552 1135 κάν
574 1045 666 1133 ίγγῦς
688 1047 753 1130 ἔχει
774 1049 840 1112 τῶν
859 1041 990 1132 Ἀρείου
1010 1047 1117 1112 καῦιῦν
1139 1040 1159 1130 ἡ
1181 1049 1362 1111 Διονυσίου
1377 1049 1437 1110 πί-

216 1169 305 1230 στις,·
337 1143 395 1231 σῦχ
417 1145 434 1214 5
456 1150 516 1232 μὲν
532 1145 665 1233 ’Ἀρειος
685 1141 753 1214 κατ’
779 1145 931 1214 ἐπίνοιαν
952 1148 1038 1232 λέγει
1059 1145 1117 1212 τὸν
1139 1143 1245 1230 λόγον,
1269 1139 1339 1210 ὅδὲ
1353 1149 1437 1210 Δισ-

214 1249 326 1328 νύσισς
354 1244 515 1335 ἀληθινὸν
543 1251 597 1315 καί
621 1247 720 1336 φύσει
742 1246 839 1333 λόγον
860 1249 919 1312 τοῦ
941 1249 1044 1329 θεούς
1076 1245 1132 1313 καὶ
1155 1241 1172 1312 5
1194 1247 1254 1330 μίν
1277 1241 1437 1325 ἀποξενοί

212 1349 271 1416 τὸν
304 1349 401 1436 λόγον
434 1345 503 1416 ἀπὸ
535 1351 594 1416 τοῦ
624 1349 767 1433 πατρός,
804 1344 881 1414 ὅδὲ
902 1347 989 1414 ἴδιον
1010 1351 1065 1414 καλ
1088 1343 1275 1432 ἀδιαίρετον
1297 1348 1356 1433 τῆς
1375 1349 1435 1413 τοῦ

214 1449 342 1537 πατρὸς
365 1445 480 1530 οὖσίας
502 1445 601 1516 αῦτὸν
625 1445 710 1517 εἶναι
732 1448 894 1528 διδάσκει,
926 1443 971 1527 ὥς
998 1447 1088 1515 ἔστιν
1114 1443 1131 1512 5
1153 1446 1250 1533 λόγος
1271 1446 1357 1535 πρὸς
1378 1447 1437 1515 τὸν

213 1555 292 1620 νοῦν
312 1554 367 1618 καλ
390 1551 541 1635 ποταμὸς
563 1550 649 1637 πρὸς
670 1549 728 1635 την
750 1549 866 1637 πηγήν.
898 1548 1007 1632 εἰμὲν
1030 1537 1087 1616 ὀῦν
1110 1549 1251 1634 διαιρεῖν
1271 1547 1328 1616 καὶ
1349 1545 1434 1615 ἀπσ-

216 1653 327 1730 ξενοῦυ
360 1649 418 1717 τὸν
449 1651 545 1736 λόγον
575 1653 629 1717 καλ
650 1649 708 1716 τὸν
731 1653 807 1717 νοῦν
828 1675 880 1728 τις
902 1648 1053 1729 δύναται,
1085 1643 1187 1737 ἢτὸν
1209 1648 1361 1734 ποταμὸν
1382 1652 1436 1718 καλ

216 1749 276 1836 τὴν
298 1749 404 1838 πηγὴν
425 1747 560 1835 μερίσαι
580 1749 637 1817 καὶ
657 1755 803 1832 τειχίσας
824 1751 962 1831 διελεῖν,
991 1744 1012 1838 ἢ
1032 1749 1090 1816 τὸν
1112 1748 1268 1835 ποταμὸν
1288 1750 1437 1837 ἕτεραού-

217 1871 292 1917 σισν
314 1851 421 1917 εἰπεῖν
442 1850 528 1937 πρὸς
549 1849 607 1939 τὴν
629 1850 745 1939 πηγήν,
768 1849 824 1917 καὶ
845 1853 935 1931 ξένον
950 1850 989 1917 τὸ
1004 1847 1093 1936 ῦδωρ
1109 1852 1225 1931 δείξαι,
1240 1845 1315 1937 ἢτὸ
1330 1847 1435 1918 ἀπαύ-

216 1973 327 2036 γασμα
349 1952 474 2040 ’Ῑτολμᾷ
496 1952 616 2020 διελεῒν
638 1945 787 2017 ἀπὸτοῦ
811 1950 931 2039 φωτός,
953 1954 1007 2019 καλ
1024 1951 1131 2018 εἰπεῖν
1147 1951 1183 2031 ἐξ
1196 1951 1309 2038 ἑτέρας
1324 1948 1438 2032 σῦσίας

217 2045 302 2119 εἶναι
322 2050 362 2118 τὸ
384 2046 587 2138 ἀπαύγασμα
607 2051 663 2120 καί
683 2051 728 2142 μὴ
744 2053 779 2122 ίκ
792 2057 851 2120 τοῦ
864 2053 984 2142 φωτός,
1001 2058 1175 2136 μαινίσδω
1190 2053 1275 2136 μετὰ
1290 2051 1437 2142 Ἀρείου·

217 2147 236 2218 5
265 2152 327 2238 γὰρ
354 2157 505 2232 τοιοῦτος
531 2155 615 2242 μηδὲ
645 2157 721 2221 νοῦν
744 2149 961 2240 ἀνθρώπινον
983 2154 1064 2236 ἔχων
1086 2153 1151 2220 ’λε’τι
1173 2153 1365 2240 φανήσεται.
1410 2155 1440 2223 εί

218 2254 256 2320 δὲ
277 2249 450 2341 ἀδιαίρετα
477 2257 582 2321 ταῦτα
604 2249 692 2322 οἶδεν
714 2251 734 2342 ἡ
759 2254 858 2344 φύσις
879 2255 934 2320 καί
955 2253 993 2320 τὸ
1016 2253 1156 2321 ’τούτων
1177 2260 1319 2343 γίννημα
1340 2256 1455 2337 ἴδιον,Ι

215 2353 297 2440 μήτε
317 2354 360 2421 τὰ
383 2350 514 2440 Ἀρείου
536 2381 588 2435 τις
610 2356 659 2424 ἔτι
682 2355 801 2422 λοιπὸν
824 2362 996 2442 φρονείτιο,
1012 2354 1094 2441 μήτε
1108 2356 1287 2422 Διονύσιον
1303 2357 1441 2442 διαβαλ-

217 2455 315 2534 λέτω,
346 2451 430 2522 ἀλλὰ
451 2463 504 2522 καί
527 2457 653 2541 μᾶλλον
675 2456 733 2522 ’ἐκ
753 2455 878 2522 τούτων
901 2451 1001 2523 αῦτοῦ
1023 2456 1221 2538 θαυμαζέτω
1243 2457 1301 2545 τήν
1323 2461 1440 2524 τετοῦ

219 2553 318 2638 λόγου
340 2555 518 2642 λευκότητα
539 2560 593 2622 καί
615 2555 673 2643 τὴν
694 2559 752 2642 τῆς
774 2563 919 2633 πίστεως
942 2553 1119 2643 ὀρθότητα.

151 2736 160 2756 ⁸
304 2661 354 2720 25.
392 2650 467 2720 Ὅτι
488 2653 549 2741 γὰρ
571 2655 657 2740 πρὸς
678 2655 736 2740 τὴν
758 2663 877 2739 μανίαν
896 2651 1037 2742 Ἀρείου,
1060 2658 1213 2742 λέγοντος
1233 2655 1332 2722 ἀλλον
1355 2651 1443 2722 εἶναι

218 2751 276 2820 τὸν
309 2752 343 2820 ἐν
372 2757 418 2841 τῷ
446 2758 518 2840 θεῷ
547 2754 658 2841 λόγον,
687 2759 741 2822 καὶ
764 2754 865 2823 ἀλλον
887 2760 964 2844 περὶ
987 2747 1026 2823 οῦ
1048 2779 1151 2845 φησιν
1175 2751 1372 2843 δ’ίαιάννης·
1405 2755 1441 2822 ἓν

219 2848 298 2941 ἀρχῇ
321 2843 359 2941 ἦν
383 2849 401 2921 5
423 2855 557 2940 λόγος’),
580 2855 636 2922 καὶ
657 2854 778 2944 1’ἀλλην
799 2859 859 2941 μὲν
882 2857 969 2925 ἰδίαν
993 2866 1116 2946 σοφίαν
1139 2853 1224 2926 εἶναι
1245 2857 1278 2924 ἓν
1292 2860 1338 2942 τῷ
1354 2860 1439 2944 θεῷ,

218 2953 318 3042 ἀλλην
343 2954 378 3022 δὲ
400 2959 477 3042 περὶ
500 2947 538 3044 ἧς
561 2979 663 3046 φησιν
687 2953 705 3024 5
727 2954 932 3038 ἀπόστολος·
955 2959 1103 3047 Χριστὸς
1124 2962 1207 3026 θεοῦ
1230 2957 1443 3042 δύναμιςκαὶ

217 3060 301 3125 θεοῦ
330 3057 478 3146 σοφίαλγ,
508 3059 613 3126 πάλιν
642 3054 659 3124 5
680 3059 859 3139 Διονύσιος
888 3055 1090 3128 ἀνθίσταται
1111 3063 1165 3127 καί
1189 3058 1361 3140 διαβάλλει
1382 3057 1441 3146 τὴν

216 3159 370 3247 τοιαύτην
392 3163 594 3241 κακοδοξίαν,
623 3157 684 3247 ἀρα
706 3161 808 3228 πάλιν
830 3165 904 3239 πῶς
926 3161 960 3228 ἒν
981 3165 1028 3248 τῷ
1051 3162 1191 3248 δευτέρῳ
1213 3163 1346 3248 ἰβιβλίῳ
1361 3161 1441 3247 γρά·

217 3285 274 3346 φει
296 3264 373 3344 περὶ
395 3263 520 3328 τούτων
543 3257 664 3339 οὕτως·
687 3261 720 3328 ἐν
744 3258 824 3348 ἀρχῇ
842 3253 881 3346 ἦν
898 3257 915 3326 5
931 3261 1045 3348 λόγος·
1069 3257 1137 3329 ἀλλ’
1157 3256 1214 3328 οῦκ
1227 3252 1268 3348 ἦν
1289 3257 1439 3348 ιςλόγοςά

217 3360 274 3426 τὸν
290 3359 386 3443 λόγον
398 3367 594 3444 προέμενος·
610 3349 650 3446 ἦν
664 3359 725 3446 γὰρ
738 3356 756 3426 5
768 3353 863 3446 λόγος
874 3361 959 3448 πρὸς
968 3361 1026 3430 τὸν
1037 3362 1129 3430 θεόν.
1158 3369 1263 3452 σοφία
1273 3369 1440 3452 γεγένηται

220 3453 375 3544 ἀκύριος·
400 3450 505 3545 οῦκῆυ
516 3449 574 3526 οῦν
590 3457 695 3546 σοφία
707 3455 724 3525 5
737 3461 796 3549 τὴν
808 3467 930 3549 σοφίαν
946 3456 1050 3542 ἀνείς·
1067 3464 1129 3551 ίγώ
1143 3465 1205 3551 γὰρ
1220 3463 1314 3553 ἤμην,
1329 3469 1440 3552 φησίν,

91 3569 96 3598 ”
133 3547 242 3645 συκῇ
263 3562 517 3645 προςίχαιρευλ).
563 3555 707 3648 ἀλήθειά
728 3560 817 3629 ἐστιν
840 3560 857 3627 5
879 3559 1044 3650 Χριστός·
1067 3560 1239 3654 εὐλογητὸς
1260 3566 1305 3646 δέ,
1329 3572 1442 3654 φησίν,

223 3655 240 3724 5
263 3657 346 3738 θεὸς
366 3661 424 3746 τῆς
446 3653 644 3747 ἀληθείαςλ).
691 3661 837 3729 ἐνταῦθα
858 3667 911 3731 καί
934 3667 1115 3749 Σαβέλλιον
1136 3665 1193 3734 καὶ
1207 3663 1341 3752 ’Ἀρειον
1364 3660 1445 3732 ἀνα-

290 3883 398 3944 1)1οου.
420 3883 486 3944 1,1.
566 3883 591 3944 2)
611 3885 633 3934 1.
652 3885 707 3937 Cor.
728 3885 750 3948 1,
770 3885 810 3938 24.
896 3887 921 3950 3)
939 3889 1006 3939 Prov.
1025 3888 1051 3952 8,
1069 3887 1109 3938 30.
1189 3890 1215 3950 4)
1235 3891 1257 3940 1.
1275 3889 1345 3939 Εεδε.
1364 3883 1445 3954 [Lxx.

220 3949 243 4000 3.
263 3950 333 4002 Esdr.
351 3947 429 4017 λαίμ]
447 3951 472 4012 4,
490 3951 531 4002 40.

254 4099 274 4134 ε,
295 4085 335 4135 Sic
358 4085 414 4148 fleg.
441 4086 538 4136 Ττυεὶυ.
563 4087 632 4139 colb.
658 4088 704 4138 les.
729 4090 767 4139 Fr.
786 4089 804 4139 1.
855 4081 917 4156 ἔχει.
954 4091 1007 4140 Μαι
1032 4091 1129 4140 Tauria.
1156 4091 1225 4153 colb.
1250 4093 1295 4141 les.
1314 4083 1329 4150 ἦ
1347 4087 1444 4137 Διονυ·

219 4152 246 4202 ln
266 4154 336 4202 editis
353 4157 399 4200 καί
415 4154 572 4204 desideratur.
608 4154 699 4206 Ibidem
723 4157 804 4207 lenuit.
856 4157 917 4205 σίου
935 4152 1010 4214 δόξα.

222 4211 440 4286 ὁμολογούμενος
457 4237 501 4286 pro
520 4212 748 4289 ἀπολογούμενος.
891 4225 914 4274 d.
933 4225 1021 4289 Regius
1045 4219 1076 4273 τὸ
1101 4215 1159 4292 ἀμα
1183 4225 1309 4276 ιαευδοεε.
1344 4223 1443 4274 Τιαήα.

256 4287 280 4338 b.
299 4289 398 4339 Τεισία,
418 4289 486 4340 Con).
505 4291 551 4340 les.
571 4282 650 4338 λκανά
667 4282 725 4353 κᾷν.
857 4291 925 4341 colb.
950 4295 996 4343 les.
1021 4301 1045 4343 εί
1070 4293 1109 4343 Fr.
1129 4294 1146 4342 ί.
1165 4290 1253 4359 τολμᾷ
1271 4299 1343 4342 recle.
1379 4290 1443 4341 Boni

257 4373 277 4407 c.
297 4355 459 4406 Taurin.1es.
478 4348 648 4422 ἀναιροῦσιν.
670 4359 720 4407 Μαι
734 4359 804 4408 iidem
857 4352 923 4425 ἅμα.
960 4361 1012 4411 Μαι
1037 4361 1110 4411 haec:
1133 4355 1179 4408 καί
1202 4352 1288 4409 εἰπεῖν
1305 4352 1333 4414 ἐξ
1349 4351 1445 4422 ἐτέρας

154 4479 161 4488 ,
222 4437 275 4473 cum
296 4423 364 4474 (ξολλ).
385 4432 408 4476 ιι
425 4425 464 4474 Fr.
483 4426 500 4474 Ι.
519 4415 576 4473 κατ’
597 4416 682 4472 αὐτὸν
698 4423 805 4476 τοῦτον.
857 4419 951 4480 οῦσίας
969 4415 1039 4476 εἶναι
1055 4423 1087 4476 τὸ
1107 4419 1277 4494 ἀπαύγασμα
1293 4419 1394 4492 καὶμὴ
1413 4417 1444 4473 ἐκ

221 4491 282 4542 lbid.
301 4491 357 4555 Reg.
377 4491 475 4543 Taurin.
495 4492 540 4542 les.
560 4492 598 4540 ῦι.
617 4491 635 4542 1.
653 4483 709 4558 ἔχη.
744 4493 807 4544 Εδίιί
855 4493 906 4543 τοῦ
933 4489 1042 4561 φωτός,
1073 4497 1097 4546 in
1123 4497 1193 4546 edilis
1223 4497 1313 4562 omissa
1337 4494 1446 4555 ίυεταοι,
