3174 5082
704 312 877 360 reinserta.
1366 299 1403 362 11

182 463 458 528 ecclesiasticorum
481 459 649 524 latinam
669 459 787 533 seleno,
809 479 866 541 qna
880 459 1057 540 auspicanda
1071 461 1274 536 flondonius,
1296 462 1404 526 biblio-

182 565 284 628 tbecae
306 563 387 626 acad.
410 560 494 638 Lips.
516 563 692 638 praelectus,
715 561 881 642 theologiae
901 562 1070 640 patrioticas
1093 563 1248 626 studiosos
1272 564 1330 626 sibi
1352 559 1406 628 d'e-

180 665 289 737 vinxit,
318 681 378 724 non
401 660 438 722 iis
460 660 593 724 terminis
615 661 835 742 circumscripta
858 672 918 732 est,
947 671 980 725 ut
999 662 1187 730 bibliothecis
1208 673 1327 745 patrum
1348 665 1406 728 do·
1429 707 1439 722 .

181 763 317 844 gmaticis
339 781 374 824 ac
394 760 549 840 polemicis
569 763 759 824 annumerari
780 763 886 842 possit.
1256 783 1259 790 ’

269 861 454 924 Peculiarem
475 879 546 924 sero
565 860 643 924 inter
664 863 784 924 easdem
804 863 901 924 locum
923 864 980 926 sibi
995 865 1132 940 vindicat,
1154 885 1230 946 quae
1245 867 1281 928 ab
1295 867 1406 930 Christ.

69 953 78 962 ⁵
184 963 299 1026 Frider.
315 961 460 1024 Roeslero
476 961 555 1024 edita
577 969 608 1024 et
627 963 686 1024 boc
706 971 878 1041 praenotata
896 971 941 1026 est
958 965 1057 1027 titulo:
1079 967 1246 1032 protractes
1261 969 1315 1030 der
1330 968 1407 1030 Kir-

185 1061 372 1128 chen-l'dter
400 1067 434 1126 iat
460 1062 683 1144 Uebersetaunp
711 1065 777 1126 end
797 1065 960 1142 Ausshgcn
988 1082 1043 1126 ons
1074 1066 1162 1128 thren
1192 1069 1406 1147 [amalmater

184 1165 348 1228 berendars
378 1165 597 1246 dogmatiscden
622 1163 781 1243 Schriften
809 1175 917 1227 comant
945 1165 1009 1226 dem
1039 1164 1179 1244 Orip'ool
1206 1170 1259 1230 der
1283 1169 1406 1250 Houpt·
1481 1201 1492 1219 =
1570 1114 1577 1128 ἱ

184 1265 294 1328 stellari
323 1266 389 1328 ond
417 1265 554 1346 sottum
581 1265 823 1346 dnmcrlrurgen.
855 1265 976 1344 Lipsiae
1006 1283 1032 1326 a.
1072 1267 1248 1330 atto-an.
1274 1269 1310 1330 x.
1331 1270 1407 1332 l'oll.

185 1365 303 1430 Etenim
334 1365 434 1428 dinen
464 1386 498 1430 ea
529 1366 566 1428 ab
596 1364 734 1444 reliquis,
767 1384 842 1445 quas
871 1365 1034 1446 descripsi,
1066 1365 1207 1430 omnibns
1244 1385 1298 1440 eo,
1329 1370 1408 1448 quod

187 1469 298 1548 scripta
318 1475 434 1546 patrum
454 1484 628 1547 graecorum
656 1475 687 1528 et
713 1467 872 1530 labrorum
901 1485 963 1529 non
990 1468 1104 1545 irttegra
1132 1467 1252 1530 exhibet
1284 1475 1410 1550 utroque

187 1586 335 1640 emmone,
356 1567 409 1630 sed
431 1567 628 1648 particulatim
651 1576 681 1630 et
701 1568 823 1647 carptim
845 1569 877 1630 iu
898 1569 1097 1647 gumerioam
1112 1568 1254 1632 translata
1269 1569 1409 1648 linguam.

184 1667 320 1730 &terum
351 1687 413 1748 quo
442 1669 567 1730 consilio
596 1668 663 1732 talis
691 1669 867 1732 bibliotheca
899 1669 937 1730 ab
975 1669 1119 1731 Roeslero
1156 1670 1322 1750 composite
1360 1671 1409 1744 sit,

183 1769 249 1850 ipse
270 1770 300 1832 in
313 1769 505 1849 praelatione
526 1769 624 1852 primo
645 1770 787 1834 volumini
808 1769 971 1850 praemissa
988 1771 1114 1832 lectores
1137 1770 1266 1833 edocuit.
1309 1771 1406 1834 Proli-

186 1877 265 1934 tetur
286 1869 328 1931 ibi
349 1889 383 1933 se
405 1871 551 1949 theologis
575 1871 797 1944 eruditioribus,
819 1887 946 1950 quorum
967 1871 1125 1950 plurimum
1148 1871 1266 1934 intersit
1295 1891 1406 1948 monn-

184 1979 286 2034 menta
307 1971 418 2034 veteris
440 1971 583 2034 ecclesiae
606 1981 759 2044 excutere,
793 1989 886 2050 opera
916 1989 971 2034 sua
997 1971 1145 2052 prodesse
1169 1974 1259 2036 velle:
1296 1974 1408 2054 quippe

185 2071 264 2134 inter
285 2090 362 2152 quos
385 2074 502 2136 nerent
522 2072 633 2136 multos
661 2073 748 2135 variis
776 2071 996 2135 difficultatibus
1027 2073 1183 2152 impediri,
1215 2093 1274 2154 quo
1308 2075 1407 2138 minut
1540 2099 1548 2112 ·

184 2173 318 2236 debitum
338 2173 386 2236 bis
409 2174 610 2236 monumentis
631 2172 763 2234 studium
784 2172 957 2253 impendant
977 2179 1008 2235 et
1027 2173 1140 2236 tructos
1168 2193 1205 2236 ex
1232 2193 1269 2238 eo
1297 2193 1408 2256 prore-

183 2275 302 2337 nientes
324 2273 498 2355 percipiant.
541 2273 707 2336 Nonnullae
730 2274 809 2336 enim
831 2273 929 2336 minus
951 2273 1065 2352 peritos
1093 2293 1163 2336 esse
1190 2283 1322 2338 veterum
1349 2275 1391 2338 lin

184 2393 310 2455 guarum
332 2376 465 2456 artisque
487 2376 606 2438 criticae
628 2386 658 2438 et
682 2375 782 2437 minus
804 2374 967 2436 instructos
983 2373 1020 2436 ab
1035 2373 1171 2448 historia,
1194 2375 1282 2454 quam
1298 2385 1330 2438 ut
1345 2376 1412 2438 sine

117 2559 118 2565 ἵ
186 2476 261 2538 duce
283 2476 314 2538 in
334 2476 462 2538 lectione
483 2489 600 2556 petrum
621 2475 784 2554 procedere
812 2476 946 2554 possint:
978 2475 1053 2538 alios
1078 2474 1178 2555 inopia
1199 2475 1342 2538 librorum
1364 2476 1409 2538 la-

185 2575 307 2650 borare,
329 2575 407 2657 quod
430 2576 576 2640 editiones
598 2585 716 2658 patrum
737 2577 877 2640 meliores
899 2585 1022 2656 propter
1042 2576 1192 2638 raritatem
1222 2585 1251 2638 et
1272 2595 1410 2656 magnum

185 2677 315 2759 pretium
336 2695 498 2757 paucorum
520 2679 551 2740 in
573 2695 679 2742 manus
701 2679 837 2740 veniant:
860 2677 986 2757 denique
1002 2695 1092 2758 quum
1114 2678 1225 2756 scripta
1247 2677 1411 2740 eorundem

186 2777 294 2856 partim
316 2779 376 2840 sint
397 2778 546 2842 intellectu
568 2779 743 2852 difficiliora,
769 2779 877 2860 partim
898 2778 1020 2840 maioris
1043 2777 1211 2850 voluminis,
1233 2777 1308 2840 alios
1331 2778 1409 2840 mul-

189 2885 247 2949 tos,
270 2878 376 2956 quibus
398 2880 525 2942 rontano
547 2897 607 2941 non
631 2880 708 2942 desit
728 2879 899 2951 assiduitas,
922 2880 1015 2942 otium
1037 2897 1098 2942 non
1120 2878 1231 2942 babere
1251 2879 1287 2940 ad
1309 2897 1343 2942 ea
1364 2878 1410 2940 le-

191 2977 287 3054 genda
309 2985 340 3038 et
358 2979 395 3039 ad
417 2995 557 3056 campum
575 2979 749 3040 eruditionis
771 2978 949 3057 patristicae,
972 2978 1022 3056 qui
1038 2977 1182 3040 letissime
1196 2987 1303 3057 pateat,
1326 2997 1410 3042 cnae-

145 3157 147 3164 γ
192 3074 338 3138 tiendum.
381 3077 435 3136 llis
457 3076 546 3152 igitur
567 3075 707 3136 omuibus
728 3084 763 3136 ut
783 3076 983 3153 adiumentum
1006 3085 1036 3138 et
1056 3077 1222 3138 subsidium
1250 3085 1350 3154 paret,
1383 3077 1412 3138 id

189 3175 221 3237 in
241 3173 424 3236 bibliothece
446 3181 564 3254 patrnam
587 3173 698 3236 menda
719 3173 909 3254 propositum
930 3175 987 3236 sibi
1009 3193 1078 3236 esse
1098 3176 1139 3236 ait
1160 3175 1306 3253 simulque
1318 3175 1414 3253 signi·

187 3275 273 3350 fleat,
307 3293 361 3338 our
391 3282 492 3355 patres
525 3275 692 3353 germanice
722 3275 881 3354 loquentes
909 3275 1021 3337 lecerit
1063 3275 1098 3337 ln
1126 3273 1288 3354 deligendis
1317 3283 1415 3338 anum

187 3375 273 3440 libris
296 3385 326 3438 et
346 3375 378 3436 in
399 3375 587 3456 excerpendo
609 3375 712 3438 sedulo
735 3393 770 3438 sa
797 3393 919 3438 curasse
945 3377 1085 3449 affirmat,
1118 3385 1152 3440 ut
1178 3375 1251 3440 nibil
1278 3385 1414 3458 praeter-

187 3478 356 3541 mitteretur
376 3493 492 3551 eomm,
514 3495 590 3557 quae
611 3477 648 3539 ad
669 3475 827 3540 historiam
848 3476 998 3540 docuinae
1017 3478 1194 3542 cbristime
1207 3477 1414 3542 illustrandam

189 3579 322 3642 edeam:
345 3577 424 3656 hunc
437 3578 474 3640 ad
490 3595 578 3640 usum
600 3577 688 3642 etiam
710 3576 801 3641 rerba
822 3595 925 3657 graeca
947 3586 978 3639 et
998 3578 1087 3642 launa
1107 3578 1243 3656 locorum
1265 3579 1296 3641 id
1318 3597 1412 3660 genna

190 3678 383 3742 classicorum
404 3678 442 3740 ad
462 3679 625 3758 marginem
647 3679 783 3760 apposita
803 3697 871 3740 esse
889 3686 919 3740 et
932 3677 1087 3759 pinosque
1102 3679 1327 3744 observationes
1342 3699 1412 3742 suas

191 3781 298 3844 eodem
318 3778 435 3867 reterri.
478 3777 579 3858 ltaque
599 3779 645 3842 vir
666 3779 715 3842 ille
737 3779 860 3852 doctus,
890 3797 979 3858 quem
1000 3778 1124 3842 Semini
1152 3780 1287 3861 exemplo
1310 3781 1341 3842 in
1363 3781 1412 3844 bi·

190 3879 285 3943 storia
306 3878 476 3960 dogmatum
497 3880 648 3942 hactanda
670 3879 848 3959 singularem
870 3879 1043 3942 industriam
1065 3880 1203 3958 posuisse
1225 3882 1354 3956 sumus,
1384 3881 1413 3944 id

190 3979 384 4063 potissimum
405 3981 523 4044 allicere
545 3980 674 4053 studuit,
707 3988 741 4042 ut
761 3979 892 4059 theologi
914 3997 1035 4053 omues,
1067 3980 1117 4060 qui
1139 3999 1193 4060 per
1215 3980 1293 4044 illam
1315 3983 1413 4044 histo·

191 4083 268 4144 riam
291 4081 321 4142 in
344 4081 493 4161 theologia
514 4080 678 4160 dogmatica
699 4081 845 4160 prolicere
867 4089 1019 4161 cuperent,
1041 4081 1099 4160 ipsi
1115 4099 1150 4144 ex
1165 4090 1282 4160 patrum
1296 4081 1415 4164 scriptis

192 4181 310 4246 minore
331 4183 477 4262 temporis
498 4181 654 4262 dispendio
677 4199 711 4244 ac
731 4181 861 4244 faciliore
882 4197 973 4262 opera
988 4199 1168 4260 cognoscere
1182 4191 1317 4262 possent,
1339 4201 1415 4262 quae

192 4282 310 4364 publica
332 4283 440 4346 veteris
461 4282 604 4358 ecclesiae
625 4281 778 4363 quibusvis
801 4281 986 4362 temporibus
1007 4281 1081 4344 fidas
1102 4281 1219 4356 luisset,
1242 4282 1313 4364 quid
1335 4281 1414 4344 cele-

192 4384 317 4449 berrimi
338 4385 404 4448 eins
426 4384 565 4448 doctores
588 4383 626 4446 de
652 4401 826 4464 unaquaque
854 4383 1039 4464 quaestione
1057 4382 1203 4462 imprimis
1234 4381 1343 4446 difficili
1365 4385 1418 4440 aut

162 4523 168 4538 ·
193 4483 323 4550 obscura
338 4487 516 4562 sensissent,
538 4485 589 4566 qni
604 4499 724 4548 errores
738 4503 793 4565 per
807 4483 974 4548 haereticos
989 4483 1091 4546 dillusi
1106 4493 1208 4548 meant
1222 4493 1295 4546 etex
1308 4475 1416 4557 quibus
