3176 5058
252 314 294 379 56
650 323 676 365 s.
692 317 845 364 εταιιιιειι
861 313 1081 364 mmmmm

162 495 242 540 m.
252 477 308 546 διὰ
328 474 387 562 τὴν
408 475 476 540 τῶν
499 469 639 537 ἰντολῶν
661 465 797 554 τήρησιν
818 462 913 553 ἡμεῖς
933 463 1239 551 προςλαμβύνομεν.
1283 465 1399 550 τὰμὲν
1415 466 1487 552 γὰρ

249 583 315 646 τῶν
339 573 503 658 σωμάτων
526 566 627 656 ὅμοια
648 567 733 652 πρὸς
755 565 855 635 έαυτδι
876 565 1235 653 τυγχάνονταδυνατόν
1256 591 1331 646 πως
1346 569 1488 634 διίστα-

249 687 338 748 σθαι
358 677 413 741 καί
435 671 562 758 μακρὰν
584 665 640 736 ἀπ’
666 664 816 756 ἀλλήλων
836 673 1001 754 γίνεσθαι,
1025 661 1093 734 οἰοί
1115 667 1199 736 εἰσιν
1214 668 1246 734 ol
1261 671 1327 734 τῶν
1341 661 1487 754 ἀνθρώ-

251 805 327 848 πων
355 777 422 844 υἱοί
451 771 536 859 πρὸς
556 771 634 850 τοὺς
654 769 885 859 γεννήσαντας,
916 765 961 848 ῶς
982 774 1166 855 γέγραπται
1187 767 1345 854 περὶτοῦ
1366 763 1484 852 Ἀδὰμ

252 879 308 948 καί
329 880 387 944 τοῦ
411 875 446 955 έξ
467 869 566 942 αὐτοῦ
587 877 801 960 γεννηθέντος
821 871 912 957 Σήθ,
937 865 982 950 ῶς
1003 860 1042 956 ἦν
1065 867 1181 954 ὅμοιος
1203 866 1291 956 αὐτῷ
1313 868 1396 936 κατὰ
1418 869 1484 956 τὴν

179 1025 186 1036 ·
253 980 345 1048 ἰδέαν
374 972 513 1053 αὐτοῦ’).
558 973 673 1061 ἐπειδὴ
701 973 738 1040 δέ
766 969 786 1060 ἡ
817 972 852 1040 ἐκ
879 970 1007 1056 πατρὸς
1034 975 1092 1038 τοῦ
1121 972 1193 1038 υἱοῦ
1223 977 1372 1058 γέννησις
1393 969 1481 1059 ἀλλη

254 1079 348 1168 παρὰ
368 1077 425 1167 τὴν
448 1071 638 1162 ἀνθρώπων
662 1075 763 1164 φύσιν
787 1071 873 1152 ἐστι’,
903 1073 958 1138 καὶ
981 1067 1019 1139 οὐ
1041 1071 1143 1157 μόνον
1166 1069 1291 1158 ὅμοιος,
1315 1068 1399 1140 ἀλλὰ
1420 1075 1483 1140 καὶ

255 1179 440 1267 ἀδιαίρετός
472 1179 544 1246 ἐστι
572 1182 631 1266 τῆς
658 1181 717 1244 τοῦ
740 1173 868 1261 πατρὸς
891 1171 1021 1254 οὐσίας,
1054 1173 1116 1242 καδ
1133 1177 1166 1242 έν
1189 1181 1248 1258 μέν
1270 1175 1354 1242 εἰσιν
1376 1171 1481 1254 αὐτὸς

252 1288 306 1352 καί
329 1279 347 1350 ό
369 1282 518 1369 πονήρ’),
542 1276 587 1359 ῶς
609 1275 709 1358 αὐτὸς
732 1279 867 1364 εἴρηκεν,
891 1271 942 1342 ἀεὶ
966 1277 1002 1342 δὲ
1024 1275 1058 1342 ἐν
1078 1279 1126 1361 τῷ
1148 1281 1252 1361 πατρί
1273 1275 1363 1342 ἐστιν
1386 1271 1482 1341 ὁλό-

251 1410 322 1474 γος,
355 1389 408 1452 καί
442 1379 460 1450 ό
489 1381 600 1469 πατὴρ
623 1381 656 1448 ἰν
678 1383 725 1467 τῷ
748 1379 850 1466 λόγῳ,
886 1374 931 1456 ῶς
953 1377 1084 1444 ἔστιτὸ
1107 1372 1310 1462 ἀπαύγασμα
1331 1376 1417 1462 πρὸς
1439 1375 1499 1443 rb*

252 1492 341 1578 φῶς·
363 1489 462 1553 τοῦτο
484 1484 545 1571 γὰρ
568 1487 622 1550 καί
643 1479 663 1568 ἡ
687 1483 773 1562 λέξις
795 1486 963 1568 σημαίνει·
985 1478 1043 1546 διὰ
1063 1482 1162 1546 τοῦτο
1183 1476 1203 1566 ἡ
1227 1478 1364 1557 σύνοδος
1378 1482 1480 1545 τοῦτο

250 1593 375 1656 νοοῦσα
402 1589 510 1664 καλῶς
539 1581 717 1670 δμοούσιον
741 1583 897 1668 ἔγραψεν,
927 1582 982 1648 ἵνα
1003 1579 1061 1666 τήν
1083 1583 1205 1646 τετῶν
1228 1581 1399 1666 αἰρετικῶν
1418 1606 1481 1647 κα-

251 1689 411 1778 κοήθειαν
434 1682 663 1772 ἀνατρέψωσι,
687 1688 740 1752 καί
763 1685 915 1763 δείξωσιν
938 1679 1038 1750 ἀλλον
1061 1677 1146 1748 εἶναι
1167 1685 1233 1750 τῶν
1254 1685 1397 1768 γενητῶν
1419 1681 1479 1750 τόν

254 1788 360 1876 λόγον.
404 1791 456 1856 καί
478 1787 540 1873 γὰρ
561 1791 659 1854 τοῦτο
681 1785 868 1873 γράψαντες
890 1779 993 1862 εὐθύς
1015 1783 1195 1869 ἐπήγαγον·
1217 1783 1294 1862 τοὺς
1316 1785 1352 1850 δὲ
1367 1783 1480 1868 λέγον-

252 1909 313 1970 τας
335 1890 371 1970 ἰξ
391 1885 448 1956 οῦκ
471 1887 574 1956 όντων
596 1887 653 1954 τόν
675 1886 747 1954 υἰὸν
768 1881 827 1952 τοῦ
850 1888 933 1952 θεοῦ
955 1879 976 1973 ἢ
997 1884 1128 1950 κτιστὸν
1150 1879 1171 1970 ἢ
1192 1885 1334 1972 τρεπτὸν
1356 1880 1378 1970 ἢ
1400 1892 1479 1952 ποί-

227 1990 322 2081 ἠμα
348 1985 383 2080 δ’
398 1991 433 2071 ἐξ
454 1990 567 2076 ἐτέρας
589 1984 713 2068 οὐσίας,
735 1985 874 2065 τούτους
894 1982 1132 2070 ἀναθεματίζει
1153 1983 1172 2071 ἡ
1196 1982 1274 2072 ἁγία
1294 1989 1349 2053 καί
1370 1991 1477 2068 καθο·

253 2093 325 2181 λικὴ
349 2094 509 2181 ἐκκλησία.
554 2094 658 2158 ταῦτα
685 2091 721 2158 δέ
744 2088 906 2177 εἰρηκότες
928 2088 1096 2173 ἐδήλωσαν
1119 2091 1283 2176 φανερῶς,
1308 2083 1421 2154 ὅτιτὸ
1443 2087 1478 2156 ἰκ

252 2197 312 2281 τῆς
340 2188 455 2272 οὐσίας
483 2195 536 2260 καὶ
568 2193 606 2258 τὸ
629 2188 807 2276 όμοούσων
830 2185 1018 2274 ἀναιρετικὰ
1039 2193 1105 2256 τῶν
1127 2192 1185 2278 τῆς
1207 2184 1359 2274 ἀσεβείας
1380 2192 1479 2276 λογα-

254 2301 335 2380 ρίων
358 2293 451 2374 εἰσίν,
474 2290 560 2380 ὅπερ
584 2293 653 2360 ἐστὶ
676 2300 796 2378 κτίσμα
817 2295 870 2358 καί
893 2297 1023 2377 ποίημα
1044 2292 1098 2357 καί
1120 2289 1252 2377 γενητόν
1267 2290 1478 2378 καίτρεπτὸν

252 2398 307 2462 καί
330 2389 388 2461 οὐκ
408 2384 448 2481 ἦν
469 2397 550 2483 πρίν
571 2399 723 2482 γεννηθῇ.
769 2389 787 2460 δ
810 2392 870 2478 γὰρ
892 2395 996 2458 ταῦτα
1019 2396 1151 2480 φρονῶν
1173 2387 1333 2478 ἀντιλέγει
1347 2395 1386 2480 τῇ
1402 2416 1477 2459 συν-

255 2495 338 2581 όδηι·
362 2491 380 2560 ό
404 2487 439 2562 δὲ
460 2495 503 2562 τὰ
520 2492 651 2578 Ἀρείου
673 2495 718 2581 μὴ
742 2498 873 2581 φρονῶν
896 2495 931 2572 ἐξ
953 2489 1092 2582 ἀνάγκης
1102 2493 1144 2562 τδι
1154 2498 1212 2582 τῆς
1222 2493 1363 2561 συνόδου
1374 2498 1478 2561 ταῦτα

257 2606 375 2682 φρονεῖ
395 2597 450 2661 καὶ
473 2597 670 2674 διανοεῖται,
694 2597 801 2674 καλῶς
823 2591 907 2662 αὐτὰ
927 2597 1077 2680 βλέπων,
1101 2593 1195 2674 ὅπως
1218 2595 1286 2663 ἐστὶ
1308 2593 1346 2660 τό
1367 2589 1480 2664 ἀπαύ-

256 2717 368 2781 γασμα
382 2693 468 2781 πρὸς
482 2694 520 2760 τὸ
533 2698 615 2782 φῶς,
632 2698 685 2762 καί
699 2695 733 2776 ἰξ
744 2692 844 2762 αὐτοῦ
859 2695 918 2794 τὴν
931 2697 1040 2764 εἰκόνα
1050 2701 1108 2783 τῆς
1120 2692 1281 2784 ἀληθείας
1293 2693 1476 2780 λαμβάνων.

342 2803 392 2863 21.
443 2791 509 2863 Οὐκ
531 2786 588 2862 οὐν
611 2796 640 2864 εἰ
661 2796 704 2865 τὰ
724 2797 854 2884 ῥύματα
876 2803 928 2865 καί
945 2788 1038 2866 οῦτοι
1053 2795 1098 2878 ῶς
1113 2800 1188 2879 ξένα
1202 2797 1477 2887 προφασίζονται,

256 2894 483 2984 φρονείτωσαν
505 2897 563 2988 τὴν
586 2899 744 2980 διάνοιαν,
768 2894 843 2966 καθ’
867 2896 940 2988 ηνὴ
958 2899 1096 2980 σύνοδος
1110 2897 1215 2979 οῦτως
1231 2901 1381 2986 ἔγραψεν,
1398 2895 1479 2965 δινα-

254 2999 489 3084 θεματίζοντες
511 2998 598 3088 ἅπερ
621 2997 858 3087 ἀνεθεμάτισιν
879 2998 899 3090 ἡ
923 3001 1070 3081 σύνοδος,
1094 3004 1147 3068 καί
1164 3000 1292 3080 λοιπόν,
1317 3002 1346 3068 εἰ
1361 3000 1477 3068 δύναν-

253 3123 325 3182 ται,
348 3110 600 3190 μεμφέσθωσαν
621 3103 681 3184 τὰς
699 3104 816 3184 λέξεις.
861 3092 956 3170 εῦδὲ
979 3097 1069 3182 οἶδα,
1101 3099 1155 3170 δτι
1177 3101 1399 3191 φρονήσαντες
1419 3101 1477 3190 τὴν

256 3204 405 3272 διάνοιαν
434 3209 493 3292 τῆς
520 3206 674 3299 συνόδου,
689 3206 746 3275 καὶ
767 3204 809 3271 τὰ
831 3203 961 3291 ῥήματα
983 3208 1042 3290 τῆς
1064 3197 1213 3282 διανοίας
1235 3203 1370 3282 πάντως
1392 3199 1477 3271 διπο-

256 3303 413 3384 δέξονται.
460 3302 499 3374 ἀν
522 3309 559 3373 δέ
580 3311 634 3373 καί
656 3307 777 3391 ταύτην
793 3303 972 3370 αἰτιᾶσθαι
987 3304 1167 3391 θελήσωσι,
1184 3307 1279 3392 δῆλοι
1294 3309 1398 3383 πᾶσίν
1413 3305 1476 3372 εἰσι

256 3405 361 3492 μάτην
383 3409 437 3472 καὶ
459 3408 537 3488 περὶ
561 3405 691 3470 ἐκείνων
714 3407 878 3489 λέγοντες,
901 3407 954 3470 καί
977 3405 1079 3488 μόνον
1102 3403 1257 3494 ἀφορμὰς
1278 3407 1410 3485 έαυτοίς
1431 3405 1476 3484 εἰς

257 3498 410 3588 ἀσέβειαν
433 3505 651 3582 ἐπινοοῦντες.
696 3501 715 3592 ἡ
737 3505 798 3589 μέν
821 3493 878 3570 οὐν
900 3504 1072 3593 πρόφασις
1092 3507 1339 3574 τῶντοιούτων
1362 3508 1476 3588 λέξεων

257 3598 356 3690 αῦτη·
377 3597 406 3670 εἰ
429 3599 462 3669 δ’
488 3600 541 3670 ότι
562 3608 616 3671 καί
637 3603 682 3691 μὴ
706 3606 865 3694 έγγραφοί
887 3607 953 3674 εἰσι
974 3607 1077 3674 πάλιν
1094 3609 1312 3695 γογγύζουσιν,
1336 3603 1476 3676 αὐτόθεν

256 3705 316 3788 μέν
338 3699 432 3772 αὐτοὶ
454 3705 730 3790 ἰκβαλλέσθωσαν
753 3701 799 3786 ῶς
819 3709 1063 3794 κενολογοῦντες
1084 3712 1138 3776 καί
1159 3708 1217 3776 τὸν
1239 3714 1315 3778 νοῦν
1338 3705 1395 3793 οὐχ
1409 3704 1476 3794 ῦγι-

170 3811 420 3886 ναπαίνοντες·
452 3806 608 3888 ’έαυτούς
640 3808 677 3876 δὲ
705 3811 758 3875 καί
782 3807 816 3876 ἰν
837 3809 969 3888 τούτοις
991 3809 1239 3890 αἰτιάσθωσαν,
1274 3806 1328 3878 δτι
1349 3813 1476 3896 πρῶτοι

257 3906 484 3992 παρασχόντες
511 3907 569 3997 τὴν
600 3909 754 3998 τοιαύτην
782 3910 957 4000 πρόφασιν
986 3910 1021 3990 ίξ
1041 3906 1199 3999 ἀγράφων
1220 3918 1399 3996 θεομαχεῖν
1420 3907 1476 3997 ἥρ

257 4007 365 4086 ξαντο.
408 4014 594 4094 γινωσκέτω
617 4009 653 4078 δὲ
676 4007 766 4096 ὅμως
773 4062 783 4092 ,
807 4012 839 4078 εἰ
858 4017 910 4090 τίς
931 4009 1003 4078 ἰστι
1025 4011 1229 4099 φιλομαθής,
1254 4009 1307 4078 ὅτι
1321 4012 1351 4080 εἰ
1365 4015 1418 4078 καί
1433 4010 1474 4096 μὴ

257 4103 363 4187 οῦτως
395 4108 428 4176 ἰν
459 4120 535 4190 τοϊς
565 4121 711 4200 γραφαῖς
732 4113 816 4180 εἰσιν
838 4113 874 4179 αλ
896 4113 1024 4192 λέξεις,
1044 4107 1144 4194 ἀλλά,
1173 4113 1328 4198 καθάπερ
1352 4113 1475 4199 εἴρηται

256 4208 429 4296 πρότερον,
452 4210 510 4297 τὴν
534 4212 568 4279 ότι
588 4216 654 4280 τῶν
676 4217 814 4301 γραφῶν
837 4213 988 4281 διάνοιαν
1010 4213 1129 4295 έχουσι,
1151 4217 1206 4281 καλ
1228 4214 1348 4302 ταύτην
1371 4213 1475 4302 ἐκφω-

256 4309 412 4394 νούμεναι
434 4319 632 4397 σημαίνουσι
651 4324 725 4394 τοῖς
747 4315 875 4398 ἔχουσιν
899 4313 946 4392 εἰς
968 4307 1135 4400 εὐσέβειαν
1155 4316 1213 4402 τὴν
1229 4309 1328 4401 ἀκοὴν
1343 4311 1476 4400 ὁλόκλη-

327 4533 351 4592 ί)
369 4533 455 4584 Genes.
474 4533 498 4596 5,
516 4533 540 4585 ³.
609 4535 635 4597 2)
653 4537 719 4587 Ιοευ.
740 4537 780 4597 10,
799 4536 840 4586 3⁰.
