3176 5058
426 312 570 358 narsroca
585 311 623 356 nn
637 313 779 358 numeris
794 312 938 356 nicaenae
954 312 1073 356 sruonr.
1321 301 1363 366 69

133 466 250 546 „ridit,
279 463 424 530 diabolica
446 481 520 526 saue
542 471 605 538 cst,
632 481 691 526 non
721 471 817 528 autem
846 481 982 527 verorum
1006 461 1116 526 Christi
1138 463 1447 546 discipulorumrmt.

132 569 210 646 „rel
232 587 352 642 corum,
385 565 493 646 quibus
516 565 678 628 Salraturis
701 565 855 646 disciplina
877 565 981 647 placet
1025 564 1063 628 lli
1086 563 1165 628 euim
1189 565 1365 634 Trinitatem

132 670 281 750 „quidem
302 689 365 732 uon
386 669 525 748 ignorant
545 667 577 728 in
598 665 696 730 divina
717 667 868 748 Scriptura
888 666 1068 747 praedicari,
1090 674 1152 729 tres
1174 675 1273 730 antem
1297 687 1365 732 esee

48 833 57 840 ,
132 771 242 848 „liene
273 788 331 832 uec
357 769 389 830 in
416 776 515 830 vetere
541 785 599 830 uec
624 768 655 829 in
683 786 760 830 noro
788 768 979 832 Testamenta
1008 767 1121 830 doceri.
1170 765 1236 830 Non
1265 765 1369 836 minua*

134 871 254 946 „ctiam
276 869 317 931 illi
340 869 476 950 culpandi
497 877 578 942 sunt,
601 869 652 948 qui
665 867 773 932 Filium
787 887 863 950 opus
886 888 955 932 esse
978 869 1147 932 existimant
1160 877 1191 932 et
1204 869 1365 939 Dominum

137 972 273 1046 „iactum
295 989 362 1032 esee
383 970 531 1044 sentiunt,
559 971 644 1050 quasi
666 970 805 1034 videlicet
825 989 916 1034 uuum
939 979 1021 1033 esset
1042 991 1078 1034 ex
1098 971 1163 1046 bis,
1197 989 1272 1051 quae
1294 989 1364 1036 rere

136 1073 343 1147 „factasunt
366 1090 432 1133 cum
454 1071 551 1134 divina
573 1071 726 1152 Scriptura
747 1072 830 1134 illum
851 1072 985 1152 genitum
1008 1091 1093 1148 esse,
1115 1080 1148 1136 ut
1168 1073 1264 1134 eidem
1286 1086 1447 1138 oon-reae

135 1173 245 1248 „veuit
267 1173 471 1252 congruitque,
493 1191 555 1234 non
577 1180 675 1236 autern
696 1175 855 1236 formatum
877 1182 908 1236 ct
928 1175 1035 1238 iactum
1050 1191 1116 1236 esse
1130 1181 1265 1238 testetur.
1296 1173 1364 1240 Non

134 1273 239 1348 „levis
263 1273 366 1353 igilur,
389 1275 442 1336 sed
464 1293 577 1336 summa
600 1282 647 1338 oet
668 1275 821 1355 impietas,
843 1274 1001 1338 Dominum
1023 1274 1232 1354 aliquomodo
1255 1293 1363 1340 manu·

135 1377 275 1450 „lactum
297 1375 404 1438 dicere.
447 1375 521 1438 Nam
550 1375 576 1437 si
604 1376 699 1438 lactus
728 1385 776 1440 est
801 1376 910 1450 Filius,
943 1376 996 1440 luit
1023 1376 1179 1456 aliquando
1208 1395 1275 1442 cum
1302 1395 1365 1441 non

136 1486 262 1552 „essct3
285 1477 364 1556 atqrri
385 1478 442 1538 luit
462 1496 591 1557 semper,
613 1477 640 1538 si
662 1477 763 1557 utique
784 1478 826 1542 ait
846 1477 876 1540 in
900 1478 996 1550 Patre,
1020 1486 1053 1539 ut
1074 1477 1141 1558 ipse
1162 1477 1310 1554 declarat,
1333 1485 1365 1542 el

135 1579 190 1653 „si
213 1579 347 1642 Christus
376 1579 475 1659 ipsum
505 1579 545 1642 sit
573 1579 716 1652 Verbum,
743 1581 887 1660 sapientia
917 1588 947 1642 et
967 1579 1071 1643 vacus.
1116 1579 1196 1642 llaec
1217 1577 1363 1660 siquidem

133 1727 153 1756 „
161 1681 311 1744 Christum
334 1697 402 1742 cese
424 1680 541 1742 diuinae
562 1679 666 1744 literae
688 1681 814 1757 docent,
837 1691 868 1744 ut
889 1681 974 1744 vobis
996 1689 1076 1744 certe
1098 1699 1159 1743 non
1181 1682 1267 1756 latet3
1289 1681 1364 1746 baec

131 1791 260 1858 „autem
283 1781 385 1846 eadem
407 1782 532 1848 virtutes
554 1781 609 1844 Dei
629 1791 715 1860 sunt3
743 1801 777 1846 ac
797 1783 923 1864 proinde
945 1783 970 1844 si
993 1785 1087 1846 iactus
1112 1791 1157 1846 cet
1177 1782 1284 1858 Filius,
1307 1781 1362 1846 init

132 1901 233 1962 „ergo
256 1883 421 1962 aliquando,
445 1903 512 1948 eum
535 1883 609 1945 baec
629 1901 689 1946 non
712 1894 821 1947 essent.
866 1886 961 1966 lgitnr
982 1894 1099 1966 tempus
1121 1884 1186 1960 luit,
1209 1903 1275 1948 cnm
1296 1883 1362 1946 siue

133 1983 210 2058 „bis
233 1991 316 2046 ceset
335 1983 430 2058 licus;
460 1984 540 2064 qnod
566 1985 782 2065 perabsurdum
810 1995 867 2050 cet.
911 1987 972 2048 Sed
999 1987 1070 2066 quid
1097 1985 1232 2066 pluribus
1254 1985 1292 2048 de
1313 1985 1360 2048 bis

132 2085 239 2164 „apud
265 2103 319 2146 ros
351 2084 516 2160 disseram,
548 2086 629 2148 virne
651 2086 765 2166 Spiritu
792 2088 915 2167 plenos,
948 2087 1055 2166 quibos
1082 2086 1185 2166 utique
1211 2086 1362 2167 explorata

131 2193 242 2262 ‚,sunt,
265 2205 340 2266 quac
361 2186 490 2250 absurda
513 2195 678 2267 sequuntur
697 2205 732 2248 ex
747 2187 865 2249 illorum
880 2187 1038 2261 sententia,
1061 2185 1111 2267 qui
1125 2185 1230 2248 Filium
1252 2186 1361 2250 facturn

129 2305 229 2363 „esse
251 2287 450 2362 contendunt,
483 2288 520 2350 ad
549 2305 624 2368 quae
652 2306 724 2349 sane
752 2305 814 2350 oon
836 2285 999 2349 attendisse
1021 2287 1094 2348 mibi
1115 2286 1251 2349 ridentur
1272 2285 1361 2348 buius

130 2387 311 2468 „opinionis
334 2389 434 2460 duces,
457 2397 547 2468 atqua
568 2388 679 2450 idcirco
703 2407 720 2448 a
740 2387 864 2449 veritate
885 2403 1013 2466 prorsus
1036 2385 1201 2460 aberrasse,
1227 2385 1277 2464 qui
1300 2384 1362 2445 sci-

132 2489 230 2563 „lieet
251 2497 353 2579 cenna
375 2497 504 2552 mentem
526 2489 642 2552 divinae
665 2496 695 2550 et
715 2485 908 2568 propheticae
922 2483 1092 2564 scripturae
1110 2483 1184 2548 haec
1205 2483 1293 2548 rerba
1309 2503 1363 2546 cx·

133 2588 295 2668 „plicante
309 2587 457 2654 Dominae
480 2595 594 2654 creauit
615 2609 661 2654 me
679 2591 867 2670 principium
888 2591 1009 2652 niumm
1031 2605 1167 2650 suonam.
1194 2586 1257 2649 Nec
1271 2585 1360 2659 enim,

131 2697 194 2766 „ut
214 2689 317 2764 scitis,
341 2709 399 2756 una
421 2701 467 2754 est
488 2691 664 2770 significatio
686 2689 767 2752 verbi
792 2693 914 2754 caconit.
956 2689 1029 2752 Nam
1050 2689 1110 2750 bec
1130 2688 1160 2750 in
1182 2688 1249 2750 loco
1272 2705 1361 2754 ereu-

132 2791 306 2867 „oit'idem
329 2800 376 2854 est
398 2810 433 2857 ae
452 2793 593 2872 praeierit
614 2790 756 2872 operibus
779 2789 899 2870 abipso
920 2791 1013 2865 lacus,
1036 2791 1131 2864 lamis,
1152 2789 1283 2870 inquam,
1304 2806 1361 2870 per

133 2891 261 2970 „ipsum
281 2889 401 2952 Filium.
443 2891 509 2952 lloe
529 2901 627 2954 autem
647 2891 772 2954 verbnm
793 2896 907 2954 creauit
928 2891 977 2954 bic
996 2890 1216 2971 intelligendum
1237 2909 1298 2952 nou
1314 2896 1361 2952 ent

135 3007 220 3067 „pro
243 2990 333 3068 [erim
357 2987 504 3065 siquidem
525 2989 623 3051 iacere
646 2997 675 3050 et
696 3009 797 3052 creare
818 2990 895 3054 iuter
916 3009 950 3054 ee
967 2991 1117 3054 cinerum.
1152 2991 1229 3054 lliuc
1242 2991 1359 3070 Moyses

134 3090 194 3164 „in
216 3105 324 3168 magno
346 3087 573 3174 Deuteronomii
597 3090 727 3152 carmine
755 3091 808 3152 ait:
838 3091 988 3172 Numquid
1015 3109 1077 3154 noa
1104 3095 1168 3171 ipre
1198 3101 1243 3154 err
1268 3102 1359 3172 puter

134 3201 245 3266 „tuuc
269 3193 323 3272 pai
336 3187 478 3269 possedit
499 3199 527 3254 tc
548 3201 577 3252 er
597 3191 672 3270 seuit
693 3203 721 3254 te
743 3205 771 3255 et
794 3195 908 3255 creauit
931 3189 982 3254 te?
1026 3191 1075 3252 Sic
1096 3190 1183 3253 etiam
1198 3190 1264 3254 illos
1279 3199 1358 3256 recte

133 3292 228 3372 „quis
251 3289 351 3370 possit
373 3305 548 3370 coarguere:
584 3291 809 3372 Opraecipites
838 3291 1046 3372 temerariique
1067 3291 1220 3368 homiues,
1249 3311 1358 3374 ergone

132 3394 235 3468 „iacta
256 3409 306 3454 res
329 3399 375 3454 est
395 3375 612 3471 primogenitus
636 3391 732 3455 omnis
754 3401 920 3468 creatorae,
955 3393 1005 3473 qui
1027 3411 1062 3456 ex
1084 3402 1169 3456 utero
1190 3401 1258 3458 ante
1278 3395 1357 3458 luei-

133 3495 257 3568 „lerum
280 3493 396 3572 genitus
420 3501 476 3568 est,
498 3493 547 3572 qui
570 3503 603 3556 ut
624 3493 773 3573 Sapientia
795 3494 881 3558 dicit:
909 3495 985 3558 date
1007 3513 1107 3560 omnen
1131 3495 1222 3560 collar
1243 3515 1289 3558 me
1309 3499 1358 3576 pi-

133 3593 249 3674 „petat
291 3593 422 3673 Denique
443 3593 612 3674 scripturae
635 3594 751 3657 dirioae
773 3594 873 3659 multis
895 3597 925 3658 iu
957 3595 1031 3659 loeis
1057 3596 1189 3678 genitum
1218 3615 1286 3658 eum
1308 3595 1356 3658 di·

131 3703 244 3772 „euut,
265 3713 411 3776 nusquam
432 3685 503 3756 ‘reru
526 3697 652 3786 lactum3
680 3712 716 3760 ex
738 3697 844 3775 quibus
866 3705 968 3776 aperte
990 3697 1204 3760 conducuntur
1225 3697 1298 3758 lalsa
1320 3693 1357 3756 de

131 3795 275 3872 „Domini
297 3796 490 3876 generatione
513 3797 627 3878 opinari
650 3796 691 3870 bi,
714 3797 765 3876 qui
787 3797 915 3860 diuinam
936 3797 1000 3860 eius
1022 3806 1108 3876 atque
1122 3795 1357 3877 inexplicabilem

130 3897 381 3977 „generationem
405 3896 565 3962 laudonem
592 3896 701 3959 audent
722 3897 830 3959 dicere.
872 3897 975 3978 ltaque
997 3897 1177 3960 admirabilis
1200 3896 1357 3976 divinaque

130 3997 259 4074 „enims
280 3998 311 4059 io
333 4005 394 4060 tren
416 3997 582 4060 divinitates
604 4015 666 4059 non
688 4005 735 4060 est
755 3998 929 4079 separanda,
951 4017 1047 4078 neque
1065 3998 1199 4062 lbctiouia
1214 3995 1356 4060 uocabulo

167 4201 188 4234 c.
207 4185 248 4236 Sic
272 4183 328 4247 lisg.
353 4191 380 4235 ot
397 4184 509 4248 etexigit
526 4197 622 4236 aeneus.
657 4183 718 4234 Editi
771 4183 913 4236 Porisienris
936 4174 1006 4234 ent.
1042 4184 1153 4234 Celerum
1178 4173 1212 4232 ἂν
1230 4174 1356 4230 dalidam

130 4259 156 4304 ot
174 4251 215 4302 alii
233 4243 259 4301 ei
274 4244 315 4302 di.
770 4253 810 4303 bie
830 4253 950 4314 signifieat
974 4267 1002 4302 ec
1027 4241 1098 4302 cirri.
1135 4241 1361 4302 bencdictione

168 4351 192 4402 ¹¹·
497 4359 521 4404 ι
848 4379 1356 4448 ι

131 4409 240 4478 ταύτης·
275 4419 328 4470 ⁸⁰¹
345 4419 402 4483 καθ’
420 4433 465 4486 ΡΝ
483 4410 501 4480 ἢ
518 4419 591 4472 mm
606 4406 632 4488 'J'
771 4461 828 4506 root
845 4453 953 4504 Naeuius
970 4461 995 4504 et
1011 4452 1122 4501 imbros.
1141 4449 1248 4499 camald.

168 4535 192 4572 e.
211 4519 252 4572 Sir
274 4533 333 4576 mre.
358 4527 383 4574 at
404 4519 443 4574 ed.
467 4521 584 4582 Gommel.
618 4519 648 4578 lt
665 4523 721 4577 edit.
778 4569 782 4578 ,
807 4521 824 4574 t.
842 4520 899 4584 lter.
917 4507 1144 4576 connectendi·
