3214 5048
207 245 270 312 312
595 255 623 298 ε.
636 227 792 299 numu
805 235 1029 296 ιιευιενιιυυει
1118 269 1123 278 -

120 411 255 490 κακῶς
276 403 366 478 οἶκον
386 405 576 492 καταφυγῆς
595 403 650 469 καί
674 401 721 481 είς
742 398 824 467 θεὸν
846 395 1109 486 ύπερασπιστήν,
1132 395 1240 480 ούτως
1253 404 1309 470 καί
1324 403 1441 491 κύριος

204 510 298 602 ἡμῶν
318 515 438 598 γέγονε.
471 531 526 573 και
549 528 608 571 ουκ
629 528 731 589 αρχην
750 503 810 568 τού
832 495 919 568 εἶναι
933 493 1033 578 αὐτὸς
1043 498 1135 583 ἔσχεν
1145 500 1231 582 τότε,
1254 498 1326 571 ἀλλ’
1340 501 1438 592 ἡμεῖς

205 611 305 700 ἀρχὴν
327 610 463 692 έσχομεν
485 609 563 674 ’τοῦ
585 599 671 672 εἶναι
693 598 793 670 αὐτὸν
814 601 926 689 κύριον
947 597 1051 691 ἡμῶν.
1081 602 1204 670 λοιπὸν
1224 604 1287 692 γὰρ
1306 602 1451 694 ἀγαθὸς,

206 710 252 782 ῶν
280 709 299 780 6
327 709 420 791 θεὸς
437 710 492 778 καί
520 707 630 795 πατὴρ
662 699 709 773 ῶν
729 707 788 771 τοῦ
810 709 933 790 κυρίου,
957 701 1094 792 ἐλεήσας
1114 707 1169 771 καὶ
1191 708 1307 775 θέλων
1329 697 1450 779 Ι’πάσι

137 815 141 824 “
163 894 168 904 s
204 816 415 902 γνωσθῆναι,
438 822 533 881 ποιεί
552 809 611 878 τὸν
632 809 751 877 ἑαυτοῦ
773 806 845 874 υἱὸν
868 805 1074 876 ἐνδύσασθαι
1096 810 1196 892 σῶμα
1217 801 1438 895 ἀνθρώπινον

87 933 91 945 ’
204 919 258 984 κάλ
279 921 439 1002 γενέσθαι
459 911 655 1000 ἄνθρωπον,
677 911 843 998 κληθῆναί
860 933 899 976 τε
919 902 1020 975 αὐτὸν
1042 902 1189 996 *Ἰησυύκ
1212 905 1253 978 ἵν’
1272 909 1307 979 έν
1328 911 1439 1002 τούτῳ

206 1018 323 1087 ἑαυτὸν
351 1021 568 1103 προςενίγκας
590 1009 675 1099 ὑπὲρ
698 1010 834 1079 πάντων
855 1009 934 1090 τούς
955 1007 1085 1100 πάντας
1107 1010 1319 1102 ἐλευθερώσῃ
1344 1008 1439 1082 ιιάπὸ

203 1125 263 1209 τῆς
283 1121 535 1205 θεοπλανησίας
555 1113 611 1184 καὶ
632 1117 691 1204 τῆς
711 1114 856 1202 φθοράς,
879 1114 934 1180 καλ
955 1111 1092 1180 πάντων
1106 1119 1240 1202 γίνηται
1253 1114 1367 1202 κύριος
1380 1119 1437 1185 καὶ

204 1215 492 1312 βασιλεδςαύτάς.
525 1217 564 1285 τὸ
585 1216 643 1306 ’δὴ
666 1205 725 1283 ούν
745 1220 905 1302 γενέσθαι
926 1209 1028 1282 αὐτὸν
1049 1211 1155 1296 ούτως
1176 1216 1288 1305 κύριον
1302 1220 1360 1286 καλ
1373 1225 1438 1305 βα-

94 1373 97 1378 -
204 1328 307 1408 σιλέα,
332 1322 431 1391 τοῦτό
454 1322 544 1390 ἔστιν
567 1317 585 1386 6
608 1320 714 1405 ἔλεγεν
737 1313 756 1384 6
776 1323 921 1404 Πέτρος·
943 1315 1100 1405 ἐποίησεν
1123 1313 1224 1387 αὐτὸν
1245 1319 1359 1407 κύριον
1379 1324 1437 1390 καί

202 1425 354 1515 Χριστὸν
381 1420 621 1503 ἀπέστειλε-ν’),
651 1415 725 1490 ἶσον
746 1421 794 1508 τῷ
817 1419 941 1500 είπεῒν,
971 1414 1025 1486 ὅτι
1046 1422 1101 1487 καλ
1123 1418 1311 1508 ἄνθρωπον
1333 1417 1437 1492 αύτδν

203 1530 350 1619 ποιήσας
371 1522 391 1594 6
413 1524 538 1615 πατήρ,
562 1525 651 1592 ἴδιον
671 1522 734 1611 γὰρ
756 1517 949 1608 άνθρῶπων
969 1519 1009 1587 τὸ
1024 1527 1215 1603 ποιεῖσθαι,
1239 1520 1300 1609 σύγ’
1316 1520 1436 1606 ἁπλῶς

200 1633 256 1700 ίδέ
277 1631 435 1717 ἐποίησεν
457 1625 658 1713 άνθρωπυν,
682 1619 752 1691 ἀλλ’
776 1623 824 1702 είς
845 1622 884 1690 τὸ
906 1624 1076 1709 κυριεῦσαι
1096 1622 1234 1691 πάντων
1250 1621 1358 1695 αὐτὸν
1380 1629 1436 1698 καλ

203 1728 350 1818 άγιάζειν
369 1729 501 1808 πάντας
522 1726 579 1795 διὰ
599 1729 658 1795 τού
678 1733 860 1813 χρίσματος
880 1731 1072 1814 πεποίηκεν.
1107 1725 1138 1793 εί
1158 1725 1221 1813 γὰρ
1242 1731 1297 1796 καὶ
1314 1730 1439 1799 δούλου

203 1831 336 1920 μορφὴν
359 1830 474 1914 ἔλαβεν
497 1825 515 1895 6
537 1827 572 1896 έν
593 1832 707 1916 μορφῇ
728 1831 813 1896 θεοῦ
835 1823 993 1915 ύπάρχων
1016 1827 1128 1915 λύγος,
1152 1825 1221 1896 ἀλλ’
1246 1825 1266 1918 ἡ
1289 1833 1439 1924 πρύςλη..

202 1945 266 2021 ψις
291 1935 352 2020 τῆς
373 1929 493 2016 σαρκὸς
514 1923 573 1996 ούκ
593 1928 750 1998 *ἐδούλου
772 1927 830 1998 τὸν
851 1929 950 2017 λύγον
971 1928 1072 2019 φύσει
1093 1929 1207 2018 κύριον
1229 1930 1326 2016 ὄντα,
1351 1932 1441 2008 ἇλλὰ

195 2035 329 2121 μᾶλλον
351 2029 573 2121 ἐλευθέρωσις
592 2032 653 2117 μέν
674 2021 714 2121 ἦν
735 2027 755 2119 ἡ
777 2038 931 2120 γινομένη
953 2032 1047 2119 παρά
1061 2035 1120 2099 τοῦ
1136 2033 1235 2121 λόγου
1251 2035 1439 2128 πάσηςίῆς

204 2133 483 2226 άνθρωπύτητος,
517 2129 618 2215 αὐτὸς
645 2135 681 2202 δὲ
710 2131 729 2201 6
758 2133 858 2224 φύσει
884 2133 1019 2221 λκύριος
1044 2134 1142 2222 λόγος
1170 2140 1224 2205 καὶ
1243 2136 1435 2228 άνθρωπος

204 2243 366 2328 ποιηθεὶς
387 2236 445 2307 διὰ
466 2240 524 2326 τῆς
544 2239 604 2305 τού
625 2236 746 2304 δούλου
768 2240 901 2327 μορφῆς
921 2235 1034 2324 κύρρος
1055 2237 1193 2306 πάντων
1214 2241 1272 2310 καὶ
1285 2243 1432 2329 Χριστὸς

202 2351 375 2412 τουτέστιν
403 2341 453 2422 είς
483 2341 523 2409 τὸ
552 2336 699 2428 άγιύζειν
726 2343 774 2428 τῷ
803 2339 968 2426 πνεύματι
989 2339 1119 2422 πάντας
1139 2351 1333 2433 πεποίηται
1373 2342 1432 2412 καὶ

204 2443 315 2532 ῶςπερ
339 2441 357 2510 6
379 2443 471 2525 θεός,
493 2432 665 2531 γενόμενος
688 2442 735 2523 είς
756 2441 839 2511 θεὸν
860 2439 1116 2534 ύπερασπισιὴν
1138 2447 1193 2512 καὶ
1216 2447 1335 2532 λέγων·
1358 2447 1434 2516 ἔσο-

203 2571 265 2631 μαι
287 2542 402 2623 αὐτοῖς
423 2544 544 2624 θεόςί,
568 2539 607 2610 ού
627 2546 755 2630 μᾶλλον
776 2543 853 2612 τότε
873 2551 999 2632 γίνεται
1019 2545 1113 2628 θεός,
1138 2542 1215 2615 οὐδὲ
1229 2547 1318 2616 ῑτύτε
1333 2544 1436 2636 ἀρχὴν

204 2646 270 2730 ἔχει
291 2649 360 2742 τού
371 2649 528 2730 γίνεσθαι
549 2643 640 2726 θεός,
665 2639 733 2712 ἀλλ’
759 2643 843 2732 άπερ
867 2646 957 2715 ἐστίν
978 2641 1047 2728 ’άεί,
1066 2651 1165 2716 τούτο
1185 2647 1241 2715 καί
1262 2651 1434 2726 τσῒςδεο-

201 2753 316 2836 μένοις
335 2753 471 2834 γίνεται,
496 2741 576 2814 ὅταν
598 2741 687 2834 αύτῷ
710 2749 806 2835 δοκῇ·
830 2744 917 2816 ούτω
939 2751 1016 2816 1ῑκαλ
1040 2745 1226 2837 δΧριστός,
1251 2744 1352 2835 φύσει
1373 2749 1432 2816 κύ-

203 2875 277 2940 ριος
297 2852 351 2918 καὶ
373 2846 529 2937 βασιλεὺς
550 2843 660 2930 άῒδιος
682 2847 738 2930 ῶν,
772 2845 831 2935 οὐχ
854 2845 910 2919 άτε
931 2845 1175 2921 ἀποστέλλεται
1195 2851 1320 2938 μᾶλλον
1342 2857 1435 2938 γίνε-

202 2981 260 3024 ται
280 2953 407 3041 κύριος,
431 2946 508 3020 ούδέ
528 2951 605 3021 τότε
627 2947 729 3042 άρχὴν
751 2951 913 3040 λαμβάνει
934 2956 993 3020 τού
1017 2948 1103 3021 εἶναι
1123 2954 1235 3040 κύριος
1255 2956 1310 3022 καὶ
1332 2961 1437 3041 βασυ-

201 3057 284 3141 λεύς,
308 3053 378 3126 ἀλλ’
404 3053 487 3146 ὅπερ
511 3056 600 3125 ἐστίν
623 3050 684 3136 άεί,
707 3057 807 3123 τούτο
828 3058 882 3124 καί
905 3054 997 3124 Ιτότε
1017 3055 1101 3123 κατὰ
1116 3054 1222 3142 σάρκα
1236 3063 1433 3146 πεποίηται,

203 3160 259 3228 καὶ
286 3159 539 3248 λυτρωσάμενος
565 3157 694 3239 πάντας
719 3165 846 3245 γίνεται
875 3159 929 3226 καί
952 3154 1059 3254 ούτως
1081 3157 1212 3240 ζώντων
1232 3161 1287 3226 καί
1310 3163 1435 3247 νεκρῶν

113 3283 124 3300 ·
200 3261 328 3348 κύριος·
351 3259 441 3350 αὐτῷ
462 3263 524 3349 γάρ
546 3261 668 3328 λοιπὸν
689 3259 732 3326 τά
746 3259 858 3327 πάντα
873 3259 1030 3342 δουλεύει,
1046 3263 1101 3328 καλ
1116 3259 1216 3326 τοῦτό
1231 3259 1331 3343 ἐστιν,
1348 3257 1433 3348 ὅπερ

200 3363 352 3448 ιιψάλλει
378 3369 433 3430 καὶ
463 3360 631 3454 ύΔαβίδ·
661 3355 754 3428 εἶπεν
783 3357 801 3428 6
831 3360 943 3447 κύριος
963 3365 1011 3448 τῷ
1033 3369 1134 3448 κυρίῳ
1155 3385 1237 3445 μου,
1266 3362 1375 3430 κάθου
1397 3362 1433 3431 &a

202 3463 320 3544 δεξιῶν
340 3487 420 3548 μου,
445 3463 508 3542 ἕως
529 3457 570 3528 άν
591 3463 647 3528 θῶ
669 3459 745 3542 τοὺς
768 3461 909 3549 ἐχθρούς
930 3487 993 3530 σου
1014 3459 1206 3532 ὑποπόδιον
1227 3467 1295 3532 τῶν
1315 3465 1434 3532 ποδῶν

200 3567 301 3646 σοι’).
339 3557 379 3632 ού
404 3562 467 3652 γάρ
497 3564 623 3650 ἔπρεπε
651 3558 699 3630 δι’
731 3564 843 3650 ἑτέρου
870 3563 929 3651 τὴν
951 3564 1114 3652 λύτρωσιν
1134 3570 1303 3652 γενέσθαι,
1327 3560 1433 3646 ’ἀλλὰ

150 3657 155 3664 ⁴
197 3665 254 3736 διὰ
275 3669 336 3733 τού
358 3666 458 3755 φύσει
479 3670 608 3751 κυρίου,
630 3658 688 3760 ‘vm
709 3665 748 3750 μί
776 3665 835 3733 διὰ
856 3667 929 3733 υἱοῦ
951 3669 1012 3752 μέν
1033 3665 1242 3749 κτιζιύμεθα,
1267 3665 1367 3734 ἄλλον
1391 3666 1427 3734 δέ

195 3769 309 3860 κύριον
342 3763 569 3856 ὀνομάζωμεν,
601 3767 658 3836 καὶ
684 3774 839 3854 πέσωμεν
862 3769 910 3850 είς
931 3768 990 3857 τὴν
1013 3764 1185 3858 Ἀρειανὴν
1207 3771 1263 3837 καλ
1285 3768 1344 3838 νύν
1363 3764 1431 3836 Ἑλ·

267 4013 292 4075 ι)
309 4013 359 4064 ιο.
378 4011 402 4074 ι,
420 4012 461 4064 ιο.
533 4011 558 4075 2)
577 4012 662 4064 ειιά.
681 4012 724 4074 ει,
743 4010 785 4063 ιι.
855 4001 881 4074 3)
900 4013 963 4064 vm.
986 4012 1034 4064 ιιο
1052 4008 1123 4078 [ιοο.
1140 4007 1230 4078 Lxx.]‚
1251 4013 1273 4064 ι.

227 4181 249 4216 ι.
267 4165 367 4226 ευριπ.
387 4165 445 4228 neg.
472 4165 570 4222 Gobler.
597 4172 620 4216 εί
637 4165 742 4215 ιἰΙοΙιιιι.
764 4165 786 4216 1.
838 4165 973 4216 hictum
996 4167 1051 4215 ἰιιιιι
1067 4162 1242 4220 θεσπλασίας.
1266 4165 1430 4228 Μοτὸεςσει.

193 4233 281 4286 4015.
300 4233 349 4282 ιού
367 4221 443 4283 εἶναι.
482 4235 574 4282 minu-¹
589 4235 629 4282 ιιΙιι
648 4231 688 4298 τῷ
705 4221 784 4286 εἶναι.
808 4267 815 4276 .
837 4235 893 4293 Ηιμ.
914 4234 1012 4283 (ὶοιιΙει.
1033 4235 1137 4286 Felckm.
1152 4237 1174 4286 1.
1193 4245 1217 4284 ιι
1234 4235 1258 4284 δ.
1276 4225 1370 4300 κύριος
1384 4225 1434 4282 καλ

228 4303 253 4353 b.
271 4305 370 4362 θιςιιει.
390 4297 436 4350 καὶ
454 4297 543 4350 θέλων
559 4295 605 4349 καὶ
622 4299 692 4358 πᾶσι
835 4295 968 4365 βασιλεύς.
1001 4302 1062 4352 Εδίιί
1081 4311 1104 4353 ει
1123 4304 1163 4353 alii
1180 4299 1275 4371 κύριος
1290 4296 1336 4351 καλ
1352 4293 1430 4355 θεάν,

228 4387 249 4422 ε.
268 4371 309 4421 Sic
334 4373 390 4434 Ιιιρ.
413 4369 518 4422 Felckm.
538 4369 562 4420 ⁴.
581 4379 604 4419 ιι
622 4369 645 4421 6.
681 4373 710 4419 At
727 4369 784 4420 εδίιί
834 4363 967 4434 βασιλεύς,

90 4483 93 4492 .
194 4446 219 4490 εί
236 4440 276 4488 alii
294 4429 363 4489 υἶύν,
870 4455 891 4489 ε.
910 4431 944 4497 δά
968 4437 1036 4490 abest
1054 4455 1066 4488 a
1085 4440 1186 4512 θερυντ.
1206 4439 1305 4492 Gobler.
1322 4434 1429 4486 Felckm.

228 4507 251 4557 d.
269 4511 411 4570 θιρυιῶυο.
425 4497 482 4557 άιιδ
497 4519 527 4558 ιε
542 4507 595 4569 τῆς·
609 4501 784 4562 θεσσλασίασ.
837 4507 859 4557 1.
870 4507 927 4557 214.
963 4507 1024 4557 ibid.
1042 4521 1101 4558 nm.
1119 4498 1209 4562 νύιωσ
1224 4500 1334 4574 κύριον,
1354 4519 1432 4570 pm-
