3174 5082
375 223 376 226 ¹
417 221 562 266 arrarum
577 221 614 264 ns
627 219 771 266 uumerus
785 221 930 268 nicaense
945 221 1064 266 eunom.
1309 209 1351 276 37

117 375 237 457 patibili
266 379 338 437 sunl
364 373 472 445 creati,
501 379 532 432 at
553 371 632 433 lleus
660 391 765 454 expers
788 381 835 434 est
857 373 998 434 materiae
1020 380 1051 434 et
1073 375 1220 452 eorporis.
1265 375 1353 450 Quod
1361 391 1438 438 nan.

120 478 151 538 ai
181 477 302 540 eaedem
333 473 481 536 dictiones
503 473 565 536 Deo
594 465 623 534 et
642 473 813 536 bominibus
836 474 866 534 in
888 473 994 536 divinis
1018 473 1181 553 Scripturis
1204 475 1354 543 interdum

31 637 34 640 .
121 578 337 648 attribuuntur,
360 574 514 636 hominum
537 582 585 634 est
603 575 829 657 perspicaciam,
852 583 884 636 ut
904 575 1045 636 admonet
1058 574 1178 648 Paulus,
1201 577 1355 644 attendere

120 679 164 740 ad
184 678 355 750 lectionem,
378 693 500 754 remque
521 676 722 755 perpendere,
745 695 779 736 ac
800 695 855 756 pro
878 685 980 738 natura
1002 695 1102 740 rerum
1123 676 1354 754 significatarum

122 797 202 859 quae
226 779 339 858 scripta
361 785 431 838 sum
452 775 629 850 diiudicare,
658 795 715 838 nee
735 795 856 840 sensum
878 777 1073 851 contundere,
1102 777 1143 838 ita
1166 785 1199 839 ut
1219 797 1293 858 quae
1314 780 1354 842 ad

124 878 223 940 Deum
245 876 390 956 spectant,
412 877 542 938 humano
564 877 655 938 modo
677 895 738 938 non
761 877 969 958 intelligantur,
991 897 1047 940 nee
1066 877 1197 942 vicissim
1219 897 1294 960 quae
1315 879 1354 944 ad

127 978 268 1040 homines
288 978 452 1057 pertinent,
480 977 646 1058 cogitentur
673 987 812 1058 tanquam
833 979 886 1040 Dei
907 979 1038 1058 propria.
1080 978 1114 1042 ld
1135 980 1214 1042 enim
1237 991 1284 1044 εει
1304 981 1353 1044 vi·

127 1095 201 1140 num
223 1097 290 1140 oum
312 1097 387 1158 aqua
407 1079 545 1155 miscere,
566 1079 751 1160 alienumque
773 1079 872 1158 ignem
894 1079 930 1142 ad
952 1079 1082 1142 divinum
1103 1080 1201 1161 ignem
1217 1081 1253 1144 ln
1269 1082 1353 1148 altari

127 1181 298 1244 admovere.

217 1488 264 1546 11.
308 1482 426 1544 Scilicet
447 1492 477 1544 et
497 1481 577 1546 lleus
600 1492 689 1558 creat,
713 1495 743 1545 et
764 1485 800 1545 de
815 1483 986 1548 bominibus
1001 1485 1079 1548 idem
1096 1505 1214 1566 quoque
1229 1485 1351 1562 dicitur3

124 1585 206 1646 lleus
226 1584 297 1646 item
319 1583 346 1644 is
370 1592 417 1646 est
438 1584 488 1664 qui
511 1591 567 1661 est,
589 1585 726 1647 homines
747 1586 883 1648 similiter
904 1586 1042 1649 dicuntur
1058 1605 1136 1660 esse,
1159 1587 1239 1667 quod
1253 1588 1352 1668 ipsum

123 1685 244 1766 quidem
267 1705 283 1746 a
305 1684 366 1747 lleo
389 1695 576 1766 acceperunt.
620 1687 663 1748 An
687 1705 757 1766 ergo
780 1687 819 1748 ita
834 1687 912 1750 Deus
934 1697 1023 1761 creat,
1048 1687 1209 1750 utbomo‘l
1236 1689 1281 1752 An
1296 1708 1351 1751 eo·

123 1787 195 1848 dem
221 1786 312 1847 modo
341 1795 403 1863 est,
431 1806 489 1867 quo
517 1786 633 1848 bomo?
676 1787 795 1848 Minime
818 1797 914 1862 certe;
945 1789 999 1850 sed
1021 1788 1105 1852 aliter
1126 1789 1181 1852 bas
1202 1808 1291 1852 voces
1313 1789 1351 1851 de

124 1887 190 1948 Deo
218 1880 422 1966 intelligimus,
451 1888 536 1950 aliter
564 1889 601 1950 de
629 1889 809 1950 bominibus.
853 1889 926 1950 Nam
947 1890 1028 1952 lleus
1050 1890 1168 1970 quidem
1192 1899 1286 1964 creat,
1317 1909 1351 1954 ea

124 2007 202 2068 quae
230 2007 291 2050 non
321 1999 405 2050 erant
434 2007 542 2050 vocans
572 1997 604 2050 ut
632 1989 707 2060 sint,
735 1989 871 2068 nullaque
900 2009 932 2050 re
959 1991 996 2050 ad
1017 1991 1176 2081 creandum
1197 1991 1352 2070 indigens3
1397 1994 1403 2005 “
1430 2053 1436 2062 ,

121 2090 263 2152 homines
286 2109 356 2152 vero
379 2109 442 2152 non
466 2090 524 2150 nisi
547 2089 679 2151 subiecta
702 2098 825 2150 utuntur
839 2091 970 2165 materia,
993 2099 1149 2170 postquam
1172 2091 1279 2164 allec,
1302 2090 1353 2172 qui

121 2193 225 2254 omnia
246 2210 302 2272 per
322 2192 477 2271 proprium
500 2189 628 2252 Verbum
652 2190 776 2264 crearit,
798 2190 949 2252 scientiam
973 2200 1103 2254 artemve
1125 2193 1229 2271 agendi
1251 2192 1352 2274 preci-

120 2294 181 2354 bus
204 2293 407 2356 obtinuerunt.
450 2292 606 2354 Praeterea
629 2290 785 2367 homines,
814 2293 864 2371 qui
891 2311 946 2371 per
968 2311 1001 2352 se
1023 2294 1080 2370 ipsi
1103 2311 1170 2352 esse
1193 2311 1254 2354 non
1277 2309 1353 2370 poa·

124 2403 212 2468 sunt,
235 2395 302 2455 loco
325 2394 622 2464 circumscribuntur,
646 2399 733 2472 atque
756 2393 860 2454 inlici
885 2391 981 2454 Verbo
1004 2392 1187 2466 consistunt;
1215 2399 1245 2454 at
1265 2392 1354 2467 Deus,

125 2495 178 2576 qui
199 2513 254 2574 per
277 2513 310 2556 se
332 2513 400 2556 rere
422 2503 478 2569 εει,
502 2497 599 2557 omnia
621 2495 763 2568 continet,
786 2503 814 2556 et
837 2515 853 2556 a
876 2495 955 2556 nulla
977 2513 1009 2556 re
1032 2493 1098 2575 ipse
1121 2494 1300 2568 continetur,
1323 2492 1355 2554 in
1385 2555 1390 2564 ,

125 2597 267 2670 omnibus
306 2605 352 2658 est
388 2616 441 2658 sua
474 2595 606 2658 bonitate
630 2606 659 2658 et
686 2598 834 2676 potentia,
866 2605 900 2657 at*
924 2603 1004 2658 extra
1032 2596 1132 2658 omnia
1162 2605 1208 2658 est
1232 2593 1355 2677 propria

125 2707 241 2760 natura.
287 2699 542 2770 Quemadmodum
572 2717 643 2775 ergo
672 2715 732 2758 uon
755 2699 860 2760 eodem
882 2698 971 2760 modo
995 2707 1096 2781 creant
1117 2697 1269 2772 homines,
1293 2713 1353 2775 quo

126 2797 206 2860 Deus
230 2805 320 2868 creat,
342 2815 398 2856 neo
419 2798 523 2856 eodem
546 2798 636 2856 modo
656 2807 725 2858 sunt
747 2817 804 2874 quo
827 2798 891 2870 ille3
913 2798 953 2858 ita
975 2799 1059 2860 aliter
1080 2805 1275 2879 procreantur
1293 2795 1352 2856 bo-

128 2896 246 2968 mines,
270 2901 301 2952 et
323 2893 406 2952 aliter
428 2893 520 2952 Filius
543 2913 580 2954 ox
601 2895 688 2954 Patre
710 2896 850 2954 nascitur.
893 2895 984 2956 Fetus
1007 2897 1085 2956 euim
1106 2897 1261 2958 bominum
1282 2913 1353 2975 par·

130 3003 177 3058 tes
201 2991 420 3072 quodammodo
444 3001 512 3052 sum
532 2993 724 3070 gignentium,
746 2994 854 3070 quippe
877 3011 942 3052 oum
965 3013 1021 3054 nec
1041 2995 1106 3072 ipsa
1127 3013 1285 3072 corporum
1299 3011 1356 3052 na-

129 3105 196 3158 tura
220 3091 346 3174 simplex
368 3093 423 3166 sit,
448 3091 500 3152 sed
522 3093 597 3154 lluxa
620 3099 708 3171 atque
730 3111 765 3152 ex
787 3090 921 3170 partibus
943 3093 1117 3172 composita.
1161 3094 1234 3155 Nam
1256 3092 1355 3154 bomi-

127 3216 181 3260 nes
205 3194 355 3276 gignendo
380 3195 517 3254 emittunt
539 3213 573 3256 er
597 3213 631 3254 se
654 3192 771 3271 aliquid,
795 3191 996 3272 quaedamque
1011 3211 1117 3254 rursus
1134 3214 1167 3256 ex
1183 3193 1265 3268 cibis,
1281 3211 1357 3273 quos
1450 3233 1461 3242 κ

127 3298 291 3378 accipiunt,
314 3296 345 3358 in
368 3315 421 3358 eos
444 3296 593 3370 delluunt;
621 3313 697 3374 quae
719 3295 837 3373 quidem
861 3301 1031 3366 causaest,
1061 3313 1114 3356 rur
1135 3296 1294 3358 multorum
1316 3294 1354 3356 li·

127 3401 268 3462 berorum
297 3416 352 3478 pro
376 3405 509 3476 tempore
531 3405 669 3476 parentes
692 3397 772 3457 fiant.
816 3394 896 3458 Deus
918 3404 1016 3458 autem
1039 3397 1206 3460 individuus
1227 3405 1289 3471 est,
1319 3415 1353 3458 ac

126 3500 255 3582 proinde
277 3499 387 3578 absque
409 3498 554 3559 divisione
576 3497 706 3576 nihilque
728 3497 866 3576 patiendo
884 3497 948 3559 Filii
972 3507 1018 3560 εει
1032 3499 1128 3562 Pater.
1171 3499 1249 3562 Nihil
1272 3499 1440 3563 enimenta,

127 3607 219 3664 ex're
242 3602 418 3680 incorporea
440 3601 571 3672 ellluere,
594 3597 703 3660 nihilve
724 3599 755 3660 in
777 3617 857 3673 eam,
881 3600 921 3660 uti
945 3597 1115 3662 hominibus
1136 3601 1256 3675 accidit,
1279 3609 1349 3679 pot-

127 3712 175 3766 est
195 3703 331 3764 inlluere.
377 3701 521 3773 Quocirca
544 3720 609 3762 cum
625 3699 704 3761 Deus
725 3699 765 3760 sit
785 3709 889 3761 natura
911 3701 1046 3780 simplex.
1068 3703 1154 3764 unius
1177 3721 1295 3781 quoque
1318 3719 1352 3762 ac

127 3805 224 3866 solius
246 3803 311 3862 Filii
334 3811 380 3864 est
400 3803 495 3864 Pater.
539 3801 651 3862 Idcirco
675 3799 754 3862 enim
776 3810 806 3862 et
826 3801 994 3880 unigenitus
1017 3811 1072 3875 est,
1097 3811 1126 3864 et
1147 3801 1231 3863 solus
1254 3810 1301 3862 est
1321 3801 1353 3863 in

126 3907 196 3968 sinu
218 3903 332 3978 Patris,
362 3919 491 3982 eumque¹
515 3902 612 3962 solum
644 3921 679 3962 ex
709 3904 809 3982 seipso
838 3923 906 3965 esse
928 3912 1029 3984 aperte
1050 3903 1138 3964 Pater
1159 3903 1285 3964 declarat
1305 3900 1352 3962 his

128 4005 242 4069 verbis:
269 4005 326 4066 llio
357 4015 403 4065 ert
424 4003 520 4066 Filius
548 4023 631 4064 meus
660 4002 800 4076 dilectus,
830 4009 861 4066 in
889 4023 946 4085 quo
968 4005 1043 4064 milri
1064 4003 1239 4084 complacui.
1283 4003 1353 4080 lpeo

128 4115 178 4168 εει
198 4105 326 4167 Verbum
349 4104 461 4180 Patris,
484 4123 572 4184 quem
593 4103 719 4185 proinde
741 4112 775 4166 ut
795 4104 913 4165 Patrem
936 4122 990 4165 uec
1011 4102 1081 4182 quid
1102 4103 1162 4184 pati
1184 4122 1240 4165 nec
1262 4097 1352 4163 dividi

164 4307 185 4340 a.
205 4292 244 4340 Sic
263 4293 319 4352 llog.
354 4292 398 4347 tui
422 4305 477 4341 rero
496 4297 520 4342 rt
538 4291 594 4341 editi
611 4285 649 4355 μὴ
669 4284 714 4338 καὶ
801 4289 825 4339 b.
844 4291 899 4348 lleg.
923 4280 985 4337 καθ’
1005 4281 1104 4342 αὑτούς
1129 4297 1153 4338 ει
1182 4287 1264 4352 paullo
1294 4281 1354 4346 po!t

128 4350 161 4408 oi
177 4353 329 4422 ἅνθρωποι.
766 4349 828 4405 καθ’
848 4349 948 4436 rrr‘rrn'v.²
978 4421 991 4436 .

802 4439 822 4474 ε.
842 4426 897 4488 lleg.
916 4438 1017 4474 αυτυν.
