3212 5060
506 199 508 203 ’
556 227 723 272 uniamur.
741 229 859 274 courel
874 229 1009 274 munos.
1315 219 1383 282 ,599

144 389 213 442 tem
235 389 265 442 et
285 377 483 458 prudentiam.
528 375 651 457 linquo
674 379 752 440 enim
774 377 841 458 quis
863 380 1027 451 consultat,
1050 381 1108 444 boc
1129 381 1206 444 idem
1221 383 1468 464 prudentiercn.

144 480 325 562 perpendit,
347 479 539 558 vicissimque
561 479 641 558 quod
663 479 731 559 quis
753 481 909 561 prudentia
931 483 1106 562 perpendit,
1135 484 1172 545 de
1197 485 1255 548 lroc
1277 486 1382 548 eodem

145 581 302 644 consultet
323 589 353 642 et
374 579 526 641 deliberat
570 579 647 642 llino
674 581 722 642 illa
745 581 883 644 Salvator
909 585 1013 646 mutua
1034 583 1113 647 inter
1136 604 1169 646 se
1191 586 1307 648 ratione
1328 605 1382 648 ve-

145 681 206 743 luti
228 700 366 761 germana
388 680 477 742 simul
498 679 545 742 his
567 680 667 742 verbis
691 681 854 760 copulavit:
877 683 976 746 Meum
997 695 1043 747 eet
1065 686 1224 750 consilium
1246 697 1274 749 et
1296 683 1467 750 seru-rjus.

146 786 248 854 riter,
281 799 347 844 mco
380 791 425 844 ert
452 782 636 862 prudentio,
664 801 731 844 meo
759 793 805 844 eet
831 763 994 862 sororrouo'.
1038 785 1112 848 Nam
1135 796 1168 848 ut
1188 788 1331 850 tortitudo
1354 795 1386 850 et
1524 767 1526 774 Ι

148 882 297 944 securitas
321 881 399 944 idem
422 891 476 956 est,
501 901 567 944 oum
591 883 694 944 eadem
717 883 757 945 sit
778 883 873 946 virtus
896 893 924 946 et
945 886 1089 964 potentia,
1113 890 1152 948 ita
1171 889 1248 950 idem
1265 897 1295 951 et
1309 909 1383 970 pru-

148 983 253 1045 dentie
275 991 305 1044 et
327 984 500 1056 consilium,
529 1003 603 1063 quae
632 985 696 1064 ipse
717 971 863 1046 Dominus
886 993 943 1046 est.
986 985 1024 1048 nt
1045 987 1151 1048 nolunt
1171 988 1255 1068 impii
1276 990 1384 1054 Filium

148 1083 283 1146 Verbum
306 1093 334 1146 ct
355 1085 457 1146 vivens
480 1085 637 1148 consilium
661 1105 739 1159 esse,
762 1085 816 1148 sed
831 1085 1029 1165 prudentiam,
1046 1087 1203 1150 eonsilium
1219 1098 1247 1151 et
1261 1091 1382 1170 sapien-

135 1184 225 1246 tiam
258 1184 336 1246 velut
363 1185 497 1246 habitum
525 1173 671 1264 quendam
693 1186 756 1248 lleo
783 1188 914 1249 bumano
944 1183 1028 1249 more
1051 1189 1141 1250 modo
1164 1189 1270 1250 adesse
1291 1192 1382 1254 modo

149 1285 262 1348 abesse
283 1286 414 1364 lingunt,
445 1305 623 1366 omnemque
645 1286 774 1367 lapidem
796 1297 933 1360 movent,
962 1307 997 1350 sc
1018 1289 1163 1352 Valentini
1186 1293 1385 1370 praetendunt

150 1385 363 1464 nogimtionem
391 1394 421 1447 et
448 1387 646 1460 voluntatem,
678 1395 855 1450 retentum
877 1396 993 1462 mente,
1022 1398 1056 1451 ut
1076 1389 1182 1452 Filium
1205 1399 1345 1470 separent
1366 1409 1385 1453 a

149 1486 252 1559 Patre,
276 1505 330 1550 neo
351 1488 507 1567 proprium
529 1487 611 1549 illum
634 1487 732 1552 Patris
756 1489 907 1564 Verbum,
931 1490 985 1552 sed
1007 1509 1071 1552 rem
1094 1500 1221 1553 cremam
1245 1510 1314 1554 esse
1336 1491 1382 1554 ls-

149 1594 280 1648 leantur.
325 1587 404 1649 llaec
430 1589 529 1668 iteque
558 1589 626 1650 illos
648 1590 750 1652 audire
773 1591 911 1652 convenit
933 1590 1040 1664 similia
1062 1591 1127 1666 bis,
1157 1611 1231 1672 quae
1254 1592 1325 1654 olim
1346 1593 1384 1656 ad

151 1688 305 1750 Simonem
327 1689 443 1769 Magum
465 1690 542 1751 dicta
565 1699 652 1754 sunt:
681 1690 824 1770 Impietas
846 1691 992 1754 Valentini
1015 1693 1167 1756 vobiscum
1190 1695 1229 1756 sit
1251 1693 1282 1755 iu
1304 1693 1385 1757 iute-

125 1773 253 1853 'rtrum
299 1788 434 1870 Quisque
457 1801 556 1852 autem
580 1791 734 1852 Salomoni
756 1793 859 1871 potius
882 1793 984 1854 eredat
1004 1793 1134 1856 Verbum
1157 1794 1330 1874 sapientiam
1354 1803 1385 1856 et

149 1890 339 1970 prudentiam
373 1909 440 1953 esse
472 1891 600 1966 dicenti,
634 1892 718 1954 cuius
748 1892 822 1955 haee
844 1891 985 1955 nimirum
1006 1904 1077 1956 sunt
1097 1895 1203 1957 verba:
1235 1895 1384 1957 Dominus

151 1995 302 2072 snpientia
329 1993 474 2072 fundauit
497 1977 630 2064 terrum,
660 2005 688 2054 et
711 1993 809 2056 coelos
832 1999 865 2056 iu
886 1996 1053 2074 prudentio
1071 1979 1208 2076 porooit.
1251 1995 1290 2056 Ut
1311 2014 1383 2056 vero

150 2092 202 2154 bic
230 2093 328 2154 caelos
358 2092 388 2153 in
415 2092 591 2176 prudentia,
622 2093 662 2154 ita
692 2093 724 2153 in
745 2093 872 2155 Psalmis
895 2095 993 2156 Verbo
1016 2095 1135 2156 Domini
1157 2097 1289 2154 lirmatos
1313 2111 1384 2156 esse

151 2193 269 2256 dicitur.
316 2194 352 2256 Ut
382 2212 475 2273 porro
506 2193 602 2254 Verbo
637 2193 709 2254 caeli
743 2187 863 2254 lirmati¹
879 2203 965 2268 suut,
1000 2195 1046 2254 sic
1074 2211 1266 2272 quaecuuque
1289 2192 1385 2254 voluit

150 2295 239 2368 lecit,
270 2303 299 2358 el
316 2285 360 2356 'ut
379 2293 541 2372 Apostolus
570 2292 606 2354 ed
635 2292 922 2354 Thessalonicenses
951 2293 1070 2354 scribit:
1105 2293 1248 2354 Voluntas
1271 2292 1330 2354 Dei
1350 2296 1385 2354 iu

153 2395 274 2458 cbristo
297 2393 368 2456 lesu
390 2402 446 2455 eet.
490 2393 584 2471 lgilur
597 2391 651 2453 llei
665 2391 757 2454 Filius
780 2393 845 2472 ipse
868 2399 916 2453 est
937 2391 1065 2453 Verbum
1088 2400 1119 2453 et
1140 2392 1294 2472 sapientia,
1316 2393 1384 2471 ipse

104 2559 107 2564 ,
151 2493 308 2574 prudentia
341 2501 371 2555 et
402 2493 506 2555 vivens
538 2502 586 2555 est
613 2493 789 2568 eonsilium,
824 2501 915 2574 atque
933 2493 964 2554 in
987 2513 1023 2554 eo
1045 2493 1183 2556 voluntas
1205 2492 1303 2555 Patris
1325 2501 1383 2556 est.

152 2595 219 2676 lpse
242 2595 367 2670 veritas,
397 2594 448 2656 lux
478 2603 508 2657 et
529 2595 622 2658 virtus
646 2603 693 2657 est
713 2594 822 2658 Patris.
867 2595 956 2668 Quod
979 2595 1004 2656 si
1022 2595 1163 2660 voluntas
1185 2593 1239 2656 llei
1262 2602 1309 2656 eet
1330 2613 1380 2656 sa-

151 2697 262 2777 pientia
285 2705 315 2758 et
336 2697 509 2776 prudentia,
532 2697 559 2759 si
581 2698 652 2758 item
674 2696 768 2758 Filius
790 2697 855 2778 ipsa
877 2697 918 2757 sit
939 2698 1098 2776 sapientia,
1121 2697 1210 2776 igitur
1232 2696 1282 2774 qui
1305 2713 1380 2758 con-

45 2875 55 2890 ·
153 2799 248 2861 tendit
267 2797 372 2860 Filium
401 2798 552 2862 voluntate
579 2800 688 2860 laetum
717 2817 802 2872 esse,
830 2798 911 2860 idem
940 2798 1062 2860 omnino
1085 2806 1133 2860 est
1153 2817 1188 2858 ec
1208 2797 1235 2858 si
1257 2796 1387 2878 diceret,¹

154 2898 334 2978 Sapientiam
356 2899 387 2958 in
409 2899 555 2977 snpientia
578 2901 684 2960 lactem
707 2893 792 2972 esse,
820 2897 977 2964 etlilium
1006 2898 1037 2960 in
1059 2899 1118 2960 lilio
1142 2916 1211 2959 esee
1233 2899 1385 2972 ellectum,

154 3015 189 3058 ao
208 2995 338 3058 Verbum
361 2997 558 3075 perverbum
580 3008 711 3060 creatum
734 3016 822 3074 esse;
844 3017 919 3078 quae
940 2998 1115 3078 uliquelleo
1132 2997 1299 3075 divinisque
1314 2997 1381 3058 eius

154 3097 314 3178 Scripturis
336 3096 462 3160 maxime
483 3108 659 3180 repugnant.
703 3087 862 3162 Enimvero
876 3097 1038 3178 Apostolus
1060 3098 1165 3160 Filium
1189 3115 1249 3158 non
1272 3096 1392 3158 volun-'

154 3199 240 3275 latis,
269 3197 323 3260 sed
344 3199 499 3278 proprium
520 3207 662 3279 paternae
685 3209 806 3263 naturae
829 3199 1020 3280 splendorem
1043 3207 1074 3260 et
1094 3200 1218 3278 ligurum
1242 3215 1311 3259 esse
1333 3196 1384 3258 bis
1453 3206 1459 3222 ⁸

153 3301 253 3364 verbis
275 3301 441 3381 praedicat:
472 3301 535 3376 Qui
561 3320 626 3364 cum
650 3306 691 3364 ait
712 3301 858 3382 splendor
879 3300 996 3381 gloriae
1018 3312 1048 3363 et
1068 3301 1171 3382 fipuro
1194 3300 1387 3384 substantioe

79 3443 82 3452 ·
155 3408 226 3468 einr.
271 3402 303 3464 Si
326 3420 407 3481 ergo,
431 3410 576 3483 utsupra
599 3401 740 3475 diximus,
762 3409 885 3482 paterna
907 3409 1013 3462 nature
1035 3400 1251 3462 etsubsteutia
1275 3415 1387 3490 exvo-‚
1439 3401 1441 3405 '
1492 3437 1498 3446 -

83 3539 85 3544 ,
153 3506 263 3566 luntate
285 3523 346 3565 non
370 3513 425 3578 est,
448 3504 542 3584 liquet
563 3523 660 3584 neque
682 3504 728 3579 id,
752 3505 833 3584 quod
855 3513 997 3584 paternae
1018 3501 1203 3564 substantiae
1225 3499 1383 3580 proprium

155 3691 176 3740 l.
210 3689 239 3740 dt
256 3689 328 3741 ceteri
348 3697 372 3740 et
387 3689 443 3740 editi
458 3681 677 3756 ἐστερεώθησαν·
698 3680 741 3737 οὕ-
793 3690 849 3740 editi
877 3687 927 3750 τῆς
953 3679 1048 3741 οὐσίας
1075 3685 1125 3748 τῆς
1151 3681 1291 3754 πατρικῆς.
1328 3683 1381 3734 blox

153 3771 190 3806 vm
207 3751 300 3806 πάντα
317 3749 379 3805 ὅσα.
417 3757 507 3806 lbidcm
526 3793 532 3800 .
550 3766 588 3808 ost
610 3749 741 3817 ἠθέλησεν
793 3759 849 3819 lleg.
870 3758 891 3806 l.
916 3767 939 3806 et
963 3761 1062 3818 sepner.
1087 3749 1137 3802 τὸν
1160 3746 1221 3802 υἱὸν
1243 3744 1384 3818 κηρύττει.“

153 3827 207 3887 lieu.
219 3827 240 3875 l.
260 3835 283 3875 et
292 3826 393 3887 Seguer.
403 3829 516 3874 omittunt
533 3775 547 3872 d
564 3817 657 3892 κύριος
674 3825 740 3889 qood
792 3825 870 3875 Ceteri
889 3832 912 3874 et
930 3825 987 3874 editi
1005 3815 1055 3870 τὸν
1071 3815 1167 3885 κύριον
1183 3812 1317 3888 κηρύττει.

154 3895 176 3943 in
193 3895 248 3944 eliis
266 3900 290 3943 et
308 3893 379 3942 editis
398 3893 491 3953 legitur.
825 3894 846 3942 lt.
866 3893 907 3942 Sic
921 3893 977 3953 lleg.
990 3892 1011 3940 l.
1021 3892 1120 3951 Seguer.
1134 3891 1264 3940 Gobler.et
1276 3887 1381 3937 Felelrm.

184 3976 207 4023 g.
227 3961 267 4010 Sic
286 3961 341 4022 neg.
364 3961 385 4010 l.
409 3959 618 4020 Sescenlnglie.
639 3959 738 4010 Gobler.
792 3959 815 4008 l.
851 3965 880 4008 et
902 3960 941 4007 olii
967 3967 990 4007 et
1014 3960 1071 4007 edrti
1090 3950 1284 4022 obrupeeinor.
1321 3955 1381 4004 lbid.

154 4035 176 4078 et
192 4028 345 4078 Felelrmauoi
366 4028 387 4075 l.
405 4035 477 4090 atque
496 4027 527 4075 ite
547 4026 603 4086 lepit
622 4027 737 4076 Nunnius.
791 4026 846 4087 R‘ll·
860 4026 881 4074 l.
893 4035 914 4074 et
925 4029 1024 4088 sepner.
1033 4017 1062 4073 dat
1073 4017 1226 4088 βουλήσεως
1237 4013 1285 4070 οὐκ
1293 4013 1378 4070 ἔστιν.

154 4095 196 4148 alit
214 4105 237 4145 et
255 4097 328 4146 editio
347 4094 464 4144 Commel.
484 4084 536 4160 ὅρα
552 4086 590 4159 μὴ
610 4086 624 4139 rl
643 4089 737 4157 λέγων.
792 4091 865 4142 llasil.
892 4093 990 4142 Gotrler.
1009 4092 1114 4142 Felelrru.
1137 4094 1155 4141 l.
1175 4101 1197 4141 et
1216 4093 1271 4152 lieu.
1290 4089 1315 4140 2.
1334 4080 1385 4137 odra

187 4164 210 4212 b.
229 4164 284 4226 lieg.
304 4161 326 4212 l.
352 4163 452 4224 Segoer.
478 4151 738 4226 {resitutionem
790 4151 1085 4222 ἕκβουλὴσεώςέστιν.
1119 4159 1163 4209 llil
1180 4159 1269 4209 sterilli
1280 4147 1383 4219 adplau-
1491 4209 1495 4218 ¹

154 4219 243 4280 edred.
279 4231 358 4281 Ceteri
377 4239 400 4279 et
419 4229 475 4279 editi
492 4221 556 4294 παρ’
577 4221 660 4293 αὐτῷ.
688 4229 740 4278 llox
790 4219 892 4286 λήσειός
908 4219 975 4278 dovr.
1012 4229 1062 4278 llos
1082 4228 1172 4290 licut.
1190 4229 1289 4288 Segner.
1309 4221 1380 4297 Gobl.

153 4299 210 4360 lieg-
227 4299 250 4348 l.
274 4305 298 4348 et
314 4301 415 4361 sepner.
437 4291 483 4345 καὶ
504 4291 560 4362 γὰρ
577 4291 623 4344 καὶ
640 4289 654 4344 ὃ
673 4287 740 4344 ἀπό·
791 4305 816 4345 et
834 4295 938 4346 l'etctm.
959 4297 981 4346 l.
1004 4287 1042 4348 uir
1066 4287 1135 4346 οὔτε.
1180 4295 1212 4342 lle
1230 4329 1236 4340 .
1256 4291 1278 4341 2.
1307 4287 1381 4338 besil.

155 4361 255 4418 molor.
276 4365 320 4416 trit
334 4375 358 4415 et
368 4367 424 4416 editi
434 4360 482 4414 καί
488 4367 609 4430 posterius
619 4365 739 4414 omittant.
790 4363 881 4425 duplic.
900 4364 1002 4414 Felelm.
1019 4363 1040 4412 l.
1058 4372 1083 4412 et
1099 4363 1122 4413 5,
1142 4353 1178 4414 ὥς
1196 4353 1266 4408 nott.
1301 4353 1382 4406 Ceteri

186 4434 202 4482 i.
225 4435 267 4482 Sic
283 4433 339 4495 lieu.
354 4435 376 4484 l.
394 4443 418 4483 et
435 4434 575 4496 Sepueriun.
610 4435 638 4482 dt
655 4433 697 4482 alii
716 4439 739 4482 et
790 4439 815 4482 et
832 4431 889 4481 editi
907 4421 953 4479 ὅτι
968 4423 1039 4480 etot.
